3152 5178
263 341 319 400 180
716 355 807 398 nocua
821 355 955 396 ruamus.
1275 333 1402 417 [eumer.
1416 358 1469 400 rx.

261 509 291 564 et
305 501 447 577 efficaciae,
460 519 520 560 non
534 497 677 559 essentia:
717 497 792 556 Nem
808 499 835 556 1.
849 495 1023 556 contrarium
1036 494 1127 556 verba
1142 493 1206 574 ipsa
1218 493 1333 574 docent,
1348 515 1412 574 qua
1426 497 1472 558 de

263 583 427 662 operatione
441 589 554 640 tantum
573 598 633 637 uon
652 585 751 656 egunt,
767 575 820 636 sed
833 576 869 636 de
883 577 947 654 ipsa
966 575 1109 653 essentia;
1130 574 1202 654 qmd
1216 594 1294 635 emm
1308 576 1388 636 ahud
1407 578 1473 637 srbr

261 664 365 723 volunt
372 661 463 721 verba
475 661 540 736 ieta,
549 661 592 718 lis
602 659 658 718 illic
668 660 753 731 odem
768 657 875 717 Ooelam
889 665 916 716 et
924 658 1046 715 Terram
1058 675 1109 732 epo
1119 657 1220 733 impleo
1225 681 1238 730 ;
1254 656 1326 716 Ooeli
1333 660 1474 717 colorum

262 751 288 803 te
300 763 356 802 noa
370 743 506 818 capiant!
545 743 574 799 2.
596 737 626 797 A
639 738 710 817 pari,
726 757 761 797 eo
774 735 862 797 modo
879 736 966 795 debet
979 755 1042 795 esse
1062 736 1094 794 in
1114 737 1267 814 sepulchro
1280 736 1330 796 vel
1343 737 1471 812 inferno,

261 822 406 902 quomodo
420 821 527 881 dicitur
539 838 602 879 esse
616 817 647 877 in
660 818 742 894 coelo,
758 817 826 894 quia
838 817 991 894 praesentia
1006 816 1062 874 Dei
1072 815 1224 895 utrobique
1238 836 1277 875 ex
1291 836 1375 894 aequo
1389 837 1473 876 aase-

260 903 354 962 ritur:
395 901 459 961 Ant
471 919 543 978 ergo
556 908 601 959 est
613 897 721 975 ubique
735 896 830 975 quoad
844 897 1007 971 essentiam,
1022 904 1072 955 ant
1085 896 1189 956 nullibi
1199 903 1245 956 est
1257 896 1357 972 quoad
1368 915 1472 956 essen·

260 983 340 1042 tiam.
382 983 410 1041 3.
434 981 490 1040 Sco
510 999 545 1039 us
566 978 643 1038 Psal.
665 985 710 1036 est
730 976 880 1037 ostendere
900 975 1044 1035 neminem
1064 975 1203 1034 occultari
1215 996 1234 1035 a
1248 976 1313 1035 Deo
1329 995 1417 1054 posse
1436 986 1477 1037 ut

260 1081 320 1120 non
333 1060 466 1120 videatur
479 1001 516 1119 ab
530 1059 540 1118 i
560 1079 602 1134 so,
616 1057 685 1136 quia
704 1057 836 1134 nuspiam
856 1065 952 1134 potest
972 1075 1034 1115 esse
1048 1055 1099 1115 ubi
1114 1055 1194 1114 Deus
1213 1075 1272 1115 uon
1287 1056 1334 1132 ait,
1350 1064 1380 1115 et
1401 1077 1475 1116 nua-

261 1079 903 1295 εεεεεεῑεεεεεεε
917 1135 1476 1294 ultramuraneum

262 1306 321 1360 non
335 1299 472 1376 excludit,
489 1297 541 1358 aed
554 1296 689 1377 supponit
702 1296 864 1356 necessario
877 1295 1059 1375 presentiam
1073 1295 1224 1371 esseutise;
1245 1315 1313 1354 nem
1324 1295 1377 1355 ubi
1388 1297 1477 1356 Deua

261 1399 321 1440 non
335 1388 388 1456 est,
402 1379 444 1438 ibi
457 1378 569 1458 operari
582 1398 641 1437 non
654 1384 758 1455 potest,
774 1376 842 1454 quia
856 1384 990 1457 operatur
1002 1373 1166 1434 immediata
1174 1375 1409 1453 pererrantium
1425 1377 1478 1437 Its

263 1460 290 1522 si
302 1460 410 1538 ubique
424 1466 565 1537 operatur,
580 1457 688 1535 ubique
699 1475 762 1516 esse
775 1455 870 1515 debet

305 1539 366 1600 XI.
388 1543 417 1600 2.
438 1538 521 1598 Idem
536 1538 734 1598 demonstrant
747 1555 782 1596 ca
794 1535 867 1612 loca,
882 1555 947 1615 quae
961 1534 1074 1611 docent,
1091 1535 1186 1595 Deum
1200 1535 1313 1613 operari
1327 1534 1429 1596 omnia
1441 1535 1476 1595 in

264 1621 407 1694 omnibus,
422 1627 452 1680 et
466 1617 563 1678 omnia
583 1623 743 1678 sustentare
757 1615 857 1676 Verbo
878 1636 930 1675 suo
943 1615 1063 1693 potenti,
1086 1615 1163 1676 Heb.
1179 1616 1197 1674 i.
1213 1619 1241 1692 3,
1257 1623 1287 1675 et
1300 1635 1360 1676 non
1380 1616 1477 1693 longe

264 1699 366 1760 abesse
379 1700 417 1760 ab
430 1717 604 1777 unoquoque
618 1705 757 1772 nostrum,
772 1695 841 1756 Act.
856 1696 928 1756 xvii.
940 1698 992 1772 27,
1007 1697 1056 1770 28,
1067 1695 1137 1773 quia
1149 1695 1180 1754 in
1194 1695 1257 1773 ipso
1269 1715 1380 1773 sumus,
1394 1697 1475 1754 vivi-
1563 1739 1564 1774 ,

264 1799 337 1858 mus,
353 1787 383 1841 et
400 1779 568 1840 movemur:
588 1797 656 1836 uam
680 1776 804 1854 Spiritus
825 1774 987 1855 prasentia,
1009 1794 1068 1835 non
1089 1775 1195 1834 certius
1215 1783 1313 1854 potest
1333 1777 1476 1854 cognosci
1563 1789 1564 1854 i

264 1879 352 2002 ‘itt
363 1860 403 2000 li
417 1861 520 2000 iri?
540 1855 1479 2014 33qupqnnfflqffiqqtaffiqiiffi
1563 1879 1564 1952 ³

267 2019 364 2081 Deum
377 1961 489 2100 spicari
503 2017 600 2079 omnia
619 2016 650 2076 in
670 2016 812 2092 omnibus,
834 2015 886 2076 sed
905 2033 1071 2094 percenses
1091 2012 1232 2074 secundae
1246 2014 1310 2074 sire
1333 2015 1478 2094 physicas

266 2100 330 2160 sive
343 2100 580 2180 hyperphysicas,
595 2097 661 2158 idco
674 2097 770 2174 posita
782 2096 834 2155 illa
853 2095 1027 2174 operatione,
1041 2114 1100 2154 nou
1113 2096 1211 2154 atatim
1230 2093 1332 2153 inferri
1344 2115 1478 2173 proesen-
1563 2111 1564 2164 j

265 2179 337 2240 tiam
350 2181 501 2241 aasentias:
542 2178 625 2254 Nam,
640 2185 831 2255 praeterquam
845 2175 923 2254 quod
938 2176 1019 2236 Deus
1030 2194 1089 2234 non
1103 2193 1215 2252 semper
1228 2174 1291 2252 agit
1303 2193 1357 2252 per
1371 2195 1480 2235 causas
1563 2201 1564 2246 1

266 2260 416 2335 secundas,
439 2257 586 2335 sedsaepe
608 2255 774 2315 immediate
794 2275 846 2333 per
864 2256 999 2334 seipsum,
1021 2253 1098 2315 utin
1111 2254 1254 2314 creatione
1274 2254 1387 2332 mundi,
1410 2257 1480 2332 ejus
1563 2301 1564 2316 r

266 2338 483 2412 sustentatione,
511 2336 658 2394 miraculis
684 2341 715 2394 et
735 2334 870 2412 operibus
893 2335 994 2411 gratiae
1016 2333 1046 2392 in
1073 2333 1216 2411 cordibus,
1240 2334 1358 2412 quando
1383 2335 1480 2396 utitur
1563 2403 1564 2420 ,

267 2416 362 2477 eeusis
376 2415 518 2490 secundis,
533 2411 756 2492 praesentissime
769 2414 840 2491 ipsis
854 2413 943 2490 adest,
959 2422 993 2474 ut
1006 2421 1140 2492 operetur
1152 2433 1203 2492 per
1216 2433 1274 2472 ess.

307 2493 386 2554 XII.
407 2497 435 2555 3.
459 2494 491 2554 Si
506 2495 587 2553 Deus
600 2512 659 2551 non
672 2500 717 2552 est
729 2491 893 2552 immensus
901 2493 1027 2553 essentia
1047 2493 1099 2553 aad
1112 2493 1218 2567 finitus,
1233 2513 1292 2552 uon
1312 2492 1481 2572 implicabit
1563 2501 1564 2566 j

267 2573 521 2636 contradictionem
535 2572 599 2631 dari
612 2580 771 2632 creaturam
793 2572 856 2631 Dec
877 2573 1033 2651 majorem
1054 2581 1088 2633 ut
1100 2573 1176 2634 euim
1190 2572 1303 2632 infinito
1316 2575 1393 2632 nibil
1406 2575 1481 2635 eddi
1563 2581 1564 2626 Ὗ

266 2661 370 2734 potest,
386 2654 427 2714 ita
441 2652 477 2712 de
490 2651 601 2712 ratione
618 2651 694 2711 finiti
706 2658 752 2712 est
770 2659 804 2711 nt
824 2671 937 2731 semper
949 2653 994 2712 illi
1014 2651 1124 2731 aliquid
1137 2652 1205 2711 addi
1217 2653 1319 2730 possit.
1363 2654 1431 2714 Imc
1454 2657 1481 2714 si
1563 2647 1564 2690 ἶ

267 2733 395 2794 essentia
408 2733 464 2793 Dei
477 2752 538 2792 non
550 2731 620 2790 alibi
634 2738 679 2792 est
692 2751 778 2810 quam
791 2731 823 2790 in
831 2732 913 2809 coelo,
925 2731 1051 2792 mundus
1061 2733 1116 2792 erit
1125 2733 1218 2810 major
1232 2733 1305 2792 Deo.
1349 2733 1480 2810 Deinde,
1563 2755 1564 2772 ¹

268 2813 294 2874 si
306 2813 405 2873 finitus
419 2821 464 2874 est
477 2812 610 2888 essentia,
626 2811 713 2872 etiem
726 2812 857 2890 potentia
870 2811 983 2872 finitum
997 2832 1062 2873 aum
1076 2831 1139 2873 esse
1153 2821 1274 2890 oportet,
1289 2813 1361 2890 qnia
1372 2823 1480 2892 poton-

266 2893 308 2954 tia
321 2893 434 2953 infinita
446 2913 506 2952 non
519 2899 614 2972 potest
627 2911 691 2952 esse
704 2889 735 2950 in
749 2890 880 2969 subjecto
893 2891 985 2952 finito.
1026 2892 1133 2968 Tertio,
1147 2893 1172 2950 si
1186 2892 1268 2952 Dens
1281 2893 1410 2953 essentia
1424 2914 1482 2954 sua

267 2993 394 3054 praeseus
407 2992 466 3033 non
480 2981 526 3034 est
538 2971 702 3032 immediate
716 2971 863 3047 creaturis,
879 2971 931 3032 scd
945 2979 1056 3032 tantum
1070 2971 1243 3050 operatione,
1252 2971 1325 3030 fides
1338 2973 1480 3032 lucarna-

268 3054 356 3115 tionis
370 3054 440 3114 Filii
455 3053 511 3114 Dei
524 3052 694 3132 nonpcterit
704 3052 734 3110 in
747 3059 811 3112 tuto
825 3052 978 3127 collocari;
1000 3051 1093 3128 qualis
1106 3050 1183 3110 enim
1193 3051 1371 3111 intercedere
1381 3053 1482 3130 potnit

269 3155 334 3194 eum
348 3141 452 3194 namra
464 3135 591 3194 bumana
606 3132 684 3193 Unio
697 3132 888 3210 hypostatica,
903 3132 929 3192 si
942 3130 1068 3193 essentia
1082 3129 1182 3191 divina
1197 3131 1229 3190 in
1242 3131 1317 3191 coelo
1338 3133 1481 3192 conclusa

267 3213 384 3292 mansit,
398 3233 452 3276 nec
465 3215 497 3273 in
509 3213 594 3274 terris
607 3233 733 3293 praesens
747 3211 824 3274 fuit?

572 3293 668 3352 XIII.
691 3293 771 3352 Deus
786 3292 892 3354 dieitur
905 3313 962 3353 aare
982 3293 1012 3353 fn
1031 3295 1106 3368 coelo,
1120 3310 1181 3351 non
1201 3291 1352 3352 exclusive
1367 3292 1405 3352 ad
1420 3299 1478 3352 ter-

286 3355 494 3462 Fmffllufif
528 3391 600 3449 ram,
615 3371 699 3450 quasi
713 3372 787 3433 coelo
801 3374 839 3434 sit
852 3373 981 3432 inclusus
994 3371 1090 3450 quoad
1103 3371 1275 3448 essentiam
1296 3372 1351 3432 sed
1363 3373 1434 3449 quia
1448 3373 1479 3430 in

531 3452 605 3510 eoelc
619 3462 757 3530 tanquam
772 3453 885 3513 Palatio
900 3452 993 3531 Regio
1008 3451 1147 3529 singulari
1159 3450 1246 3510 modo
1255 3451 1380 3528 gloriam
1395 3471 1480 3512 suam

268 3527 414 3608 patefacit.
456 3529 518 3589 Nec
532 3530 556 3590 si
571 3541 686 3590 orantes
699 3531 800 3592 oculos
812 3532 844 3591 in
857 3532 961 3591 coelum
974 3531 1089 3606 tollunt,
1098 3529 1147 3590 vel
1160 3539 1269 3590 naturae
1278 3531 1421 3591 instinctu
1429 3532 1480 3591 vel

268 3628 307 3669 ex
321 3609 413 3669 Verbi
425 3609 603 3688 praescripto,
616 3611 672 3670 boc
685 3610 752 3670 ideo
765 3611 798 3672 fit
812 3611 891 3690 qnod
905 3611 985 3670 Dens
994 3611 1032 3670 sit
1041 3610 1115 3670 coelo
1128 3609 1265 3685 meluens,
1275 3611 1356 3688 quod
1371 3611 1479 3689 Apost.

269 3688 374 3766 arguit,
390 3688 458 3748 Act.
472 3689 545 3748 xvii.
560 3693 609 3767 24,
625 3688 677 3750 sed
692 3692 718 3767 l,
733 3699 767 3751 ut
779 3689 922 3752 accessuri
935 3690 974 3748 ad
986 3691 1082 3750 Deum
1096 3689 1285 3766 cogitationes
1299 3709 1403 3750 omnes
1410 3710 1479 3750 noa-

269 3775 329 3830 tras
343 3769 380 3828 ab
393 3768 473 3828 hisce
487 3769 604 3829 caducis
618 3778 648 3830 et
661 3769 782 3830 terrenis
795 3789 988 3844 amoveamus,
1004 3777 1034 3830 et
1046 3769 1119 3828 nibil
1132 3769 1169 3828 de
1184 3769 1247 3828 Deo
1261 3769 1319 3827 nisi
1336 3789 1480 3848 magnum

269 3857 301 3909 et
313 3847 461 3908 excelsum
474 3848 644 3928 cogitemus.
686 3854 714 3910 2.
738 3851 781 3911 Ut
791 3850 916 3912 sciamus
926 3849 1031 3909 coelum
1041 3867 1104 3908 esse
1115 3847 1213 3908 sedam
1221 3855 1251 3908 et
1260 3849 1399 3908 thronum
1412 3850 1479 3925 Dei,

270 3926 320 3988 nbi
334 3936 365 3989 et
377 3929 517 3990 illustrior
536 3936 582 3990 est
601 3928 764 4008 patefactio,
786 3938 816 3991 et
835 3929 951 3991 uberior
970 3927 1190 3988 communicatio
1204 3927 1305 4005 glorias
1319 3937 1350 3988 et
1365 3929 1478 4007 gratiae,

269 4007 347 4068 unde
367 4007 583 4070 benedictiones
605 4027 705 4069 omnes
719 4019 788 4070 sunt
808 4008 995 4087 expectandae
1013 4016 1043 4068 et
1063 4007 1241 4086 expetendas,
1262 4016 1295 4067 nt
1316 4008 1373 4067 aub
1387 4009 1427 4069 V.
1442 4009 1480 4068 Τ.

269 4087 416 4148 adoraturi
429 4089 532 4149 faciem
546 4089 737 4150 obvertebant
749 4088 787 4148 ad
802 4088 910 4148 Arcam
921 4097 950 4148 et
960 4087 1120 4166 Templum,
1136 4108 1194 4147 non
1205 4087 1283 4166 quod
1293 4087 1376 4148 Deus
1391 4087 1483 4148 Arcae

269 4167 318 4226 vel
332 4167 453 4247 Templo
464 4177 541 4230 esset
554 4169 691 4246 inclusus,
708 4168 759 4228 aed
772 4177 889 4247 propter
905 4167 1081 4246 singularem
1094 4169 1195 4246 grstia
1214 4166 1482 4228 manifestationem

269 4265 335 4322 quas
349 4247 390 4306 ibi
403 4248 467 4308 fieri
480 4249 600 4310 solebat
642 4251 670 4309 3.
694 4249 735 4310 Ut
755 4247 968 4308 meminerimus
982 4247 1069 4307 etiam
1083 4246 1187 4307 coelum
1201 4267 1265 4306 asse
1278 4247 1481 4307 babitaculum
1563 4239 1564 4262 ¹

270 4323 354 4383 nobis
365 4347 383 4384 a
397 4327 461 4388 Deo
469 4337 609 4406 paratum,
624 4327 662 4387 ad
675 4327 755 4406 qnod
767 4328 905 4388 debemus
913 4337 1051 4406 perpetuo
1060 4326 1241 4403 contendere,
1252 4334 1285 4386 ut
1295 4327 1438 4387 Israelita
1448 4327 1482 4386 in

270 4401 390 4462 axilium
404 4408 481 4482 pulsi
496 4409 648 4486 Templum
662 4408 861 4485 respiciebant,
876 4415 1014 4485 tanquam
1034 4409 1112 4468 votis
1125 4407 1162 4466 ad
1176 4406 1298 4485 petriam
1315 4415 1346 4466 et
1358 4407 1481 4466 liberta-
1563 4447 1564 4496 ,

270 4485 330 4536 tem
343 4483 531 4564 anhelantem
553 4489 595 4548 sic
609 4507 662 4547 nos
677 4488 759 4547 exilii
772 4495 802 4546 et
814 4485 1054 4566 peregrinationis
1066 4487 1279 4562 admoneamur,
1300 4495 1334 4545 ut
1358 4486 1480 4545 liberta-

270 4563 330 4614 tem
344 4561 530 4641 suspiremus,
546 4575 576 4626 et
589 4566 743 4628 indefessis
757 4567 867 4627 viribus
880 4567 1003 4646 patriam
1017 4575 1188 4646 repetamus.
1229 4569 1258 4625 4.
1281 4567 1324 4626 Ut
1341 4565 1479 4625 ostenda·
1563 4577 1564 4584 ’

271 4652 335 4693 mua
348 4656 449 4713 preces
458 4653 573 4705 nostras
585 4667 645 4706 non
658 4647 783 4727 amplius
796 4647 834 4707 ad
847 4655 957 4708 certum
970 4647 1067 4707 locum
1077 4647 1107 4706 in
1121 4655 1197 4706 terra
1206 4646 1398 4706 constitutum
1407 4643 1479 4704 diri·
