3158 5190
255 324 294 384 96
726 345 818 388 mosa
832 343 993 388 amaneus.
1293 319 1413 403 [conse
1432 341 1467 384 x.
1567 340 1568 420 p

296 481 388 540 VIII.
410 481 531 542 Frustra
558 481 703 544 Pontificii
730 484 914 562 distinguunt
941 484 1015 542 inter
1042 483 1188 540 Canonem
1215 479 1395 558 Iudaeorum,
1431 491 1469 540 et

255 561 401 619 (lenonem
415 560 659 621 Christianorum:
682 563 756 621 Nam
775 564 845 622 licet
865 564 965 623 Canon
985 569 1082 620 noster
1095 567 1181 638 prout
1193 559 1322 620 totaliter
1335 561 1471 620 sumitur

253 657 306 716 pro
320 639 453 698 omnibus
466 639 549 698 libris
562 640 601 699 V.
615 649 645 700 at
659 641 696 700 N.
710 641 745 700 T.
760 641 910 734 inquibus
925 640 1056 700 consistit
1070 639 1230 716 adaquata,
1246 657 1305 696 non
1319 658 1358 698 ex
1372 659 1467 717 aequo

254 716 422 776 admittatur
436 737 453 775 a
466 717 589 795 Iudaeis,
600 719 652 796 qui
666 721 703 778 N.
714 720 749 779 T.
764 721 916 796 rejiciunt:
938 729 1034 778 tamen
1055 719 1080 776 si
1094 725 1224 777 sumatur
1236 716 1398 794 partialiter
1409 737 1466 776 ra-

252 796 330 854 tione
352 795 391 856 V.
406 796 439 854 Τ.
463 815 521 874 quo
543 817 629 856 seusu
655 797 692 857 de
719 818 755 858 co
781 799 829 858 hic
854 799 1015 876 loquimur;
1037 797 1154 856 Certum
1181 805 1226 855 est
1245 805 1377 855 nostrum
1397 817 1466 857 non

253 873 367 966 differre
382 894 399 932 a
413 875 530 967 Canona
544 875 723 953 Judaorum,
745 878 892 956 quianon
906 878 979 936 alios
992 875 1182 936 admittebant
1195 875 1225 934 in
1240 876 1397 952 Cononem,
1419 876 1465 935 ab
1568 903 1569 948 ι

252 972 289 1011 us
303 973 377 1030 quoa
390 955 553 1032 recipimus.

294 1030 354 1091 IX.
378 1033 410 1091 Si
424 1033 501 1110 apud
516 1033 617 1093 Patres
630 1034 738 1093 mentio
751 1034 785 1095 fit
797 1053 1003 1111 nonuunquam
1018 1031 1382 1106 Dantem-Canoniconrm,
1398 1053 1466 1093 non

251 1109 453 1187 intelligrmtur
466 1113 509 1169 illi
522 1113 573 1190 qui
586 1131 654 1171 vere
668 1122 697 1173 et
716 1114 839 1173 univoce
859 1123 926 1173 sunt
941 1113 1078 1172 Canonici
1098 1111 1194 1188 quoad
1207 1108 1303 1185 fidem,
1326 1111 1381 1169 sed
1393 1122 1463 1171 tan·

252 1196 315 1247 tum
325 1190 375 1266 qui
389 1189 584 1250 referebantur
597 1193 627 1249 in
638 1192 784 1251 Cononem
793 1193 947 1268 Lectionis,
959 1200 1076 1271 propter
1088 1191 1180 1250 multa
1192 1189 1241 1269 pia
1254 1198 1285 1248 ct
1297 1187 1383 1249 utilia
1393 1210 1465 1269 quaa

252 1266 346 1327 iacere
360 1279 482 1346 possunt
494 1270 532 1328 ad
546 1269 773 1329 aedificationem.

295 1346 338 1405 X.
360 1346 466 1407 (litatio
488 1349 547 1408 loci
569 1349 693 1425 alicujus
717 1369 776 1408 non
789 1349 893 1426 probat
916 1347 1014 1409 statim
1037 1348 1145 1407 librum
1168 1365 1231 1406 esse
1256 1345 1462 1422 canonicum

251 1423 295 1483 sic
308 1425 386 1484 enim
397 1427 514 1503 Aratus,
528 1429 696 1504 Maeander,
712 1429 893 1505 Epa'meaidcs
904 1428 983 1487 citati
995 1427 1087 1486 Paulo
1101 1427 1169 1486 Aet.
1183 1425 1256 1485 xvii.
1270 1429 1310 1486 28
1324 1449 1332 1502 ς
1357 1429 1373 1484 l
1391 1427 1461 1486 Cor.

253 1521 303 1562 xv.
319 1507 375 1580 33;
397 1503 454 1564 Tit.
468 1505 488 1564 i.
505 1509 551 1581 12,
567 1514 664 1566 essent
678 1507 824 1582 canonici,
841 1511 869 1566 2.
883 1525 949 1584 quas
963 1506 1126 1582 allegantur
1139 1506 1176 1565 ab
1191 1504 1380 1566 Adversariis
1394 1514 1461 1564 tan·

251 1600 340 1658 quarn
363 1582 451 1642 citata
472 1603 511 1642 ex
532 1585 726 1661 Apocryphis,
752 1585 853 1645 eadem
881 1587 911 1644 in
935 1585 1001 1644 aliis
1023 1584 1106 1643 libris
1128 1584 1280 1643 canonicis
1301 1584 1459 1659 habentur,

252 1678 291 1717 ex
304 1661 409 1736 quibus
422 1661 543 1739 proinde
565 1662 701 1740 Apostoli
723 1664 819 1743 potius
841 1683 928 1742 quam
949 1683 988 1722 ex
1011 1663 1196 1743 Apocryphis
1220 1663 1309 1722 citare
1331 1663 1385 1722 illa
1406 1683 1460 1742 po-

253 1745 379 1797 luerunt.

293 1815 354 1875 XI.
377 1817 409 1877 Si
423 1819 638 1904 conjunguntur
651 1841 718 1881 cum
732 1821 830 1881 Libris
843 1820 1005 1898 Canonicis,
1019 1839 1079 1879 nou
1092 1821 1221 1898 sequitur
1235 1837 1285 1878 eos
1300 1839 1365 1880 esse
1378 1820 1473 1899 paris·

252 1896 443 1974 authoritatis,
459 1898 512 1958 sed
524 1907 637 1959 tantum
650 1901 736 1959 utiles
750 1900 787 1959 ed
795 1921 889 1960 moses
903 1899 1076 1976 fonnandos,
1089 1909 1119 1960 et
1131 1899 1280 1958 historiam
1294 1907 1460 1978 temporum

253 1974 1097 2137 wllnllleildibi’visobdiddmadairdLtirosdidpssliiildrbbliorcs
1120 2057 1179 2116 sint
1201 2065 1231 2116 et
1254 2057 1460 2134 castigatiores

252 2135 373 2211 catoris,
388 2144 419 2194 et
431 2137 557 2196 habeant
576 2138 658 2196 varia
676 2138 771 2197 ethica
791 2139 875 2216 probi
894 2137 1053 2212 commatis,
1074 2155 1139 2213 quae
1152 2155 1237 2194 suum
1251 2155 1336 2196 auum
1349 2137 1461 2196 habere
1570 2177 1571 2208 3

252 2215 517 2369 hillidii}
532 2215 686 2352 inti?
700 2216 1102 2354 distillent&
1111 2215 1352 2274 “imm
1365 2235 1461 2292 Μ’
1570 2219 1571 2230 ¹

295 2367 390 2427 XIII.
413 2370 496 2430 Licet
516 2371 634 2448 quidam
661 2372 820 2432 dubitarint
846 2372 884 2432 de
911 2374 1060 2433 authentia
1085 2371 1288 2432 nonnullorum
1315 2371 1458 2431 libromm

254 2445 292 2504 N.
307 2447 341 2504 T.
356 2456 390 2506 ut
404 2448 543 2525 Epistola
555 2449 670 2526 Jacobi,
691 2451 859 2528 posterioris
879 2451 968 2527 Petri,
984 2453 1014 2510 ii.
1029 2460 1059 2511 at
1072 2451 1113 2511 iii.
1128 2453 1236 2512 Johau.
1251 2459 1281 2510 at
1295 2451 1391 2528 Apoc.
1406 2451 1458 2526 qui

253 2532 356 2601 postea
375 2525 414 2584 ab
435 2527 567 2587 Ecclesia
590 2548 644 2606 pro
666 2529 818 2590 (lenonicia
843 2531 1039 2606 sembobiti,
1062 2530 1129 2588 Non
1147 2530 1276 2606 sequitur
1295 2529 1375 2589 idem
1394 2529 1458 2589 fieri

253 2604 382 2680 potuisse
395 2615 527 2684 respectu
541 2607 693 2668 librorum
713 2608 973 2686 Apocryphorum:
994 2610 1064 2686 quia
1083 2610 1198 2669 aliaest
1212 2609 1285 2668 ratio
1300 2609 1455 2668 Librorum
1571 2657 1572 2666 ,

254 2681 293 2741 V.
307 2691 337 2741 et
351 2683 388 2742 N.
403 2685 437 2744 T.
451 2685 483 2742 in
504 2686 560 2744 hoc
583 2687 709 2764 negotio.
752 2688 828 2747 Nam
852 2689 933 2747 Libri
946 2689 985 2746 V.
1000 2689 1034 2746 T.
1048 2706 1107 2746 non
1130 2708 1181 2766 per
1204 2689 1292 2764 vices,
1318 2689 1457 2765 temporis
1571 2699 1572 2730 I

253 2779 397 2838 mocessu,
413 2773 443 2822 et
455 2783 507 2840 par
519 2773 616 2841 partes
630 2766 769 2825 Ecclesiae
790 2767 960 2826 Christianae
980 2766 1041 2826 dati
1062 2774 1143 2827 sunt:
1166 2766 1224 2826 Sed
1237 2787 1296 2825 uno
1310 2775 1340 2826 et
1353 2766 1456 2824 eodem

253 2847 312 2897 tam
351 2859 381 2899 re
403 2842 492 2902 libros
516 2863 616 2903 omnes
636 2843 675 2903 ad
698 2845 770 2904 illud
791 2846 967 2923 pertinentes
994 2846 1024 2903 in
1045 2865 1104 2904 uuo
1131 2845 1238 2904 Codice
1258 2845 1420 2922 descriptos
1439 2865 1458 2903 a

254 2917 297 2977 Ju
343 2919 368 2978 is
382 2921 501 2998 accepit,
525 2931 680 3001 postquam
702 2925 904 2984 authoritatem
925 2923 1118 2984 indubitatam
1140 2924 1318 2999 habuissent,
1334 2923 1372 2983 ab
1391 2925 1456 3001 ipso

254 2997 369 3058 Christo
383 3009 413 3059 et
426 2999 577 3078 Apostolis
590 3003 795 3062 continuatam.
832 3002 891 3064 Sed
911 3003 992 3062 Libri
1006 3003 1044 3061 N.
1059 3003 1094 3061 T.
1109 3023 1161 3080 per
1170 3011 1267 3080 partes
1280 3003 1370 3061 variis
1382 3011 1456 3061 tem·

292 3076 373 3136 ribus
386 3087 416 3138 et
428 3079 501 3138 locis
514 3081 585 3140 aditi
597 3080 722 3157 fuemut,
737 3091 767 3141 et
779 3081 918 3160 paulatim
931 3082 962 3140 in
975 3100 1065 3141 unum
1080 3081 1191 3158 Corpus
1203 3081 1327 3142 collecti.
1369 3079 1457 3141 Unde

253 3093 362 3215 thum
374 3165 408 3216 ut
420 3158 488 3216 libri
501 3159 632 3219 nonnulli
645 3162 826 3239 posteriores,
849 3161 900 3238 qui
919 3159 1030 3222 tardius
1049 3162 1080 3218 In
1100 3179 1203 3219 manus
1216 3168 1359 3220 venerunt
1379 3159 1458 3236 apud

251 3233 367 3309 aliquas
390 3235 545 3313 Ecclesiae,
570 3239 601 3298 in
623 3238 696 3299 locis
717 3241 876 3318 praesertim
899 3238 1017 3299 remotis
1041 3257 1059 3298 a
1081 3239 1228 3298 nonnullis
1242 3238 1336 3298 habiti
1349 3237 1458 3297 fuerint

253 3310 344 3384 dubii,
359 3310 452 3371 donec
465 3316 604 3390 paulatim
617 3320 766 3378 authentia
785 3337 885 3378 eorum
905 3317 1038 3377 innotuit.
1081 3321 1110 3376 2.
1131 3317 1271 3392 Quamvis
1291 3316 1322 3374 in
1335 3316 1457 3393 quibus·

253 3385 321 3446 dam
330 3389 470 3448 Eeclesiis
484 3391 522 3449 sit
536 3395 745 3454 contradictum
758 3397 905 3456 nonnullis
916 3395 1056 3473 Epistolis
1069 3405 1099 3455 et
1111 3395 1186 3455 libro
1198 3395 1330 3472 Apocal,
1343 3413 1458 3472 semper

253 3473 350 3522 tamen
363 3466 454 3525 multo
468 3468 565 3544 plures
579 3471 694 3531 fuerunt
707 3475 758 3550 qui
771 3483 939 3550 receperunt
952 3494 1039 3551 quam
1053 3476 1104 3551 qui
1117 3473 1364 3534 contradixerunt.
1397 3472 1458 3534 Sed

250 3541 304 3680 gp?
303 3541 385 3602 libris
400 3543 585 3683 {wilm
605 3567 663 3607 non
682 3549 873 3630 disceptatum
890 3553 952 3629 fuit,
974 3554 1043 3630 quia
1063 3571 1176 3631 semper
1195 3553 1232 3613 ab
1247 3551 1382 3613 Ecclesia
1401 3551 1456 3612 Ju-

305 3640 339 3680 ca
353 3639 407 3682 sun
433 3643 509 3702 reJec

726 3862 921 3940 QUAESTIO
941 3865 984 3925 X.

674 4037 714 4079 DE
728 4037 877 4082 emera
890 4039 1032 4083 PONTIUH.

250 4173 298 4235 Aa
313 4175 417 4236 Taso
433 4175 592 4253 ospitale
609 4177 642 4236 V.
656 4179 735 4237 atIV.
751 4179 945 4256 Teatpariet
965 4180 1177 4257 incorruptiad
1192 4181 1458 4258 mmmmm!

696 4255 780 4316 Affir.
794 4265 896 4317 contra
909 4257 1015 4318 Pontii.

291 4407 317 4464 1.
339 4407 468 4482 Quaado
489 4413 553 4472 hac
567 4413 659 4472 Nobis
679 4421 812 4474 moratur
834 4433 851 4472 a
871 4415 1049 4492 Pontificiis3
1071 4415 1121 4492 qui
1141 4415 1295 4494 puritatem
1315 4415 1455 4474 Fortium

250 4481 316 4542 ideo
329 4485 508 4563 impugnant,
523 4499 557 4550 ut
570 4491 706 4568 Vulgata
721 4513 781 4552 suae
801 4492 937 4554 Versioui
958 4495 1135 4556 authentiam
1155 4493 1268 4554 facilius
1289 4493 1453 4568 conciliant,

250 4569 280 4620 et
294 4561 332 4622 ad
348 4563 486 4625 Ecclesiae
500 4567 639 4628 Tribunal
653 4589 706 4630 nos
719 4571 873 4631 abducant.
