3174 5174
93 371 217 422 eumer.
232 349 301 431 vm]
614 368 654 408 ns
669 368 806 411 suenus.
1256 351 1315 410 495

94 513 227 574 formam
240 530 299 589 qua
312 507 500 587 apparebant,
514 527 574 568 non
587 527 626 568 ex
639 509 681 570 rei
694 508 837 592 veritates
859 509 921 570 Nec
940 515 1039 570 minen
1052 517 1204 603 propterea
1224 507 1315 586 impo-

96 593 202 654 suisse
215 589 331 652 dicendi
345 597 414 650 sunt
428 587 565 649 Patribus
579 589 630 666 qui
644 589 685 649 ita
698 589 735 648 de
748 589 808 650 illis
819 587 999 668 judicabant,
1015 609 1084 667 qma
1096 609 1156 648 non
1173 608 1208 648 eo
1222 589 1319 649 animo

97 671 301 747 assumebant,
316 677 351 731 nt
370 668 541 732 simularent
556 687 586 728 se
607 688 672 728 esse
691 669 833 745 homines,
849 669 897 730 vel
910 677 945 729 ut
964 667 1038 730 tales
1059 689 1091 729 se
1106 667 1318 748 profiterentur,
1401 737 1404 745 Ι

97 753 160 814 scd
172 760 286 814 tantum
298 757 334 812 ut
346 757 466 828 possent
479 747 658 808 familiariter
671 749 782 810 versari
796 769 861 810 cum
879 749 1054 826 hominibus,
1070 757 1100 810 et
1114 749 1156 810 sic
1170 769 1243 828 opus
1264 749 1321 808 sibi

99 831 314 894 demandatum
327 848 477 908 peragere.
519 827 602 889 Licet
616 848 687 908 ergo
702 829 804 890 Patres
817 827 965 909 potuerint
983 828 1048 890 falli
1062 829 1138 890 circa
1150 829 1239 908 ipsos,
1260 848 1320 888 non

99 919 230 992 possunt
243 919 342 972 tamen
355 909 415 970 dici
427 927 478 968 eos
491 907 638 970 fefellisse.

147 991 224 1053 VII.
246 989 444 1070 operationes,
459 1009 525 1067 quac
539 988 577 1047 ab
591 987 717 1068 Angelis
730 988 762 1050 in
776 988 840 1050 istis
851 988 1020 1067 corporibus
1036 989 1204 1065 edebantur,
1220 989 1321 1067 quales

102 1081 193 1132 mant
205 1071 331 1149 loquela,
346 1069 514 1144 ambulatio,
529 1067 723 1147 manducatio,
737 1070 836 1130 uuus
855 1089 915 1130 non
935 1077 1057 1147 possunt
1077 1069 1136 1130 dici
1149 1070 1271 1147 propris
1292 1077 1322 1129 et

103 1154 211 1229 etr-iste,
227 1159 371 1230 quatenus
384 1149 448 1209 lieri
461 1148 569 1209 debent
583 1151 612 1210 ia
624 1151 743 1226 subjecte
756 1151 870 1228 ιιίυειιιι,
886 1158 917 1210 et
936 1150 1063 1210 animato
1084 1151 1122 1210 ab
1142 1151 1239 1210 anima
1259 1169 1321 1209 eor·

105 1232 176 1310 pori
189 1231 373 1310 hypostatice
386 1229 477 1304 unita,
492 1237 523 1288 et
535 1229 609 1289 illud
623 1229 724 1292 intime
737 1239 882 1306 movente,
897 1230 1042 1308 quomodo
1056 1231 1088 1289 in
1102 1231 1180 1290 solos
1189 1230 1322 1290 homines

106 1312 228 1387 cadant,
243 1311 313 1390 quia
327 1317 409 1372 aetus
424 1309 570 1370 secundus
585 1309 721 1388 supponit
733 1310 897 1371 necessario
907 1311 1042 1388 primum.
1085 1310 1145 1370 Sed
1158 1314 1214 1370 late
1228 1318 1258 1370 et
1271 1312 1322 1370 im·

106 1393 232 1470 proprie
253 1390 344 1454 vitale
366 1387 425 1450 dici
448 1388 522 1450 nihil
542 1389 648 1466 obstat,
663 1391 733 1467 quia
753 1397 821 1452 sunt
842 1389 997 1452 efficienter
1017 1411 1036 1450 a
1045 1390 1188 1468 principio
1208 1391 1322 1450 uberta

112 1472 219 1548 Quoad
232 1469 432 1545 comestiones,
449 1469 540 1546 sipro
554 1470 766 1530 comminutione
787 1469 845 1529 cibi
866 1469 1035 1546 simpliciter
1048 1479 1187 1546 sumatrrr,
1201 1479 1324 1547 possunt

113 1553 174 1612 dici
186 1549 358 1626 comedisse,
374 1547 426 1610 sed
440 1548 465 1608 si
478 1567 531 1626 pre
551 1549 715 1628 sumptione
729 1549 788 1609 cibi
809 1549 1008 1610 convertibilis
1028 1551 1059 1609 in
1080 1549 1278 1625 substantiam,
1295 1559 1324 1609 et

113 1631 302 1696 concoctione
316 1630 380 1708 cJus
393 1627 424 1688 in
439 1629 587 1688 stomacho
601 1637 766 1706 usurpatur,
780 1648 839 1688 non
852 1628 948 1708 potnit
960 1628 992 1688 in
1006 1647 1056 1689 eos
1070 1629 1182 1688 eadere.

155 1712 248 1771 VIII.
271 1709 349 1785 Quid
361 1729 432 1768 vere
446 1707 483 1768 de
496 1709 673 1787 corporibus,
689 1729 754 1787 quae
768 1708 961 1784 assumebant,
976 1707 1084 1769 facbrm
1097 1709 1192 1785 fuerit,
1207 1716 1324 1786 peracto

116 1812 160 1869 cc,
174 1791 213 1851 ad
226 1789 306 1870 quod
327 1789 523 1865 mittebantur,
543 1808 638 1867 opere,
658 1787 835 1868 superfluum
856 1796 901 1848 est
920 1808 1065 1866 quaerere3
1088 1809 1154 1848 cum
1177 1789 1326 1867 Scriptura

115 1880 197 1934 notet
204 1879 320 1932 tantum
330 1889 365 1930 ee
374 1867 560 1947 disparuisse,
568 1889 606 1928 ex
615 1887 673 1946 que
682 1868 791 1946 Angeli
800 1867 1002 1945 abscedebant,
1015 1869 1077 1928 sive
1088 1869 1256 1947 corporibus
1266 1867 1326 1927 illia

120 1952 150 2010 in
161 1950 304 2030 principia
314 1969 375 2026 sua,
384 1948 463 2008 unde
472 1948 632 2026 composita
642 1947 764 2025 tuerent,
776 1947 919 2024 resolutis,
932 1947 994 2007 sive
1008 1948 1039 2006 in
1052 1949 1175 2007 nihilum
1189 1949 1323 2023 redactis,

119 2033 173 2105 vel,
188 2033 214 2092 si
227 2031 379 2092 hominum
393 2029 555 2088 viventium
569 2027 685 2089 luerunt
698 2047 827 2106 corpora,
842 2026 873 2085 in
886 2026 1038 2104 pristinum
1054 2035 1160 2087 statum
1174 2027 1324 2086 restitutis.

158 2111 220 2174 IX.
243 2111 288 2172 Ut
307 2129 378 2170 vero
399 2109 481 2170 Deus
508 2108 672 2190 scampina
698 2113 744 2168 asi
772 2109 917 2188 πολυμιςῧς
942 2125 1004 2167 sese
1028 2107 1164 2166 Patribus
1183 2107 1214 2165 in
1235 2107 1273 2167 V.
1288 2106 1323 2166 Τ.

120 2191 331 2254 communicare
354 2189 598 2264 voluit,n1axime
620 2197 687 2248 ante
712 2189 831 2266 Legem,
853 2196 982 2266 tempore
1006 2187 1245 2262 Patrimcharum,
1266 2205 1325 2264 que

121 2273 251 2333 Verbum
266 2270 324 2334 Dei
337 2269 444 2348 scripto
457 2268 586 2329 nondum
600 2268 802 2348 consignatum
810 2268 912 2344 bremt,
922 2275 952 2327 et
962 2287 1019 2344 quo
1027 2287 1086 2328 nox
1097 2266 1192 2327 adbuc
1203 2267 1326 2327 obscura

121 2353 224 2414 cetum
239 2349 381 2412 Ecclesiae
395 2349 571 2427 occupabat,
594 2348 642 2409 Ita
661 2349 766 2408 mirum
785 2368 845 2408 non
859 2356 911 2424 est,
928 2346 1144 2426 sifrequcntius
1163 2355 1232 2408 tunc
1253 2353 1324 2406 tem·

121 2431 196 2512 poris
210 2431 277 2492 istis
291 2427 474 2508 Angelorum
488 2429 716 2508 apparitionibus
729 2427 774 2490 uti
786 2427 888 2504 voluit,
898 2427 937 2487 ad
949 2425 1078 2494 fidebam
1089 2428 1324 2504 consolationem,

119 2522 146 2576 et
157 2512 227 2572 fidei
242 2509 507 2588 confirmationem
524 2507 583 2569 Sed
596 2529 682 2585 nune,
693 2529 732 2570 ex
745 2527 804 2588 quo
815 2509 924 2568 clarium
935 2507 1090 2587 Evangelii
1095 2508 1183 2586 jubar
1191 2516 1324 2567 exortum

119 2601 169 2670 est,
185 2591 264 2652 Filio
280 2589 345 2666 Dei,
361 2587 543 2666 Angelorum
558 2589 693 2667 Domino,
707 2589 740 2647 in
753 2608 838 2649 earne
851 2588 1043 2666 manifestato,
1058 2589 1161 2666 inquo
1176 2589 1257 2648 Deus
1271 2605 1326 2646 nos

119 2672 295 2750 alloquitur3
318 2670 438 2746 Exque
454 2668 579 2748 Spiritus
595 2670 625 2730 S.
646 2668 843 2748 copiosissime
863 2669 895 2728 in
916 2669 1077 2730 Ecclesiam
1098 2668 1206 2729 effusus
1227 2676 1279 2744 est,
1296 2675 1325 2727 et

121 2752 277 2830 Scripturas
292 2749 393 2810 Canon
406 2748 522 2808 clausus
536 2757 581 2809 est
593 2756 624 2810 et
636 2749 815 2827 obsignatis,
830 2749 926 2809 minus
939 2749 1103 2810 necessaria
1115 2747 1170 2808 brit
1189 2748 1247 2808 ista
1266 2747 1327 2807 dis-

119 2831 260 2910 pensatio,
276 2829 345 2908 quia
359 2826 491 2892 Ecclesia
504 2849 562 2890 non
576 2837 644 2908 eget
656 2828 781 2906 amplius
794 2829 902 2889 talibus
919 2829 1066 2890 subsidiis.
1108 2829 1186 2888 Hine
1206 2828 1325 2904 facturn,

119 2919 152 2972 ut
163 2911 236 2972 licet
249 2909 305 2972 sub
318 2909 433 2970 initium
447 2909 603 2986 Evangelii
616 2909 721 2986 aliquae
731 2909 827 2968 adhuc
840 2907 947 2968 tuerint
960 2909 1165 2982 swuapsmsa,
1176 2907 1214 2967 ad
1225 2907 1325 2966 minis·

121 2991 225 3053 terium
240 2987 356 3053 Christo
377 2985 582 3064 exhibendum,
597 2997 628 3048 ct
647 2987 733 3048 tidem
755 2987 893 3047 docmina
913 2988 1005 3066 ipsius
1024 2986 1204 3063 faciendam,
1226 2995 1328 3064 postea

120 3063 216 3134 tamari
230 3068 400 3132 confirmato
414 3068 577 3147 Evangelio
590 3066 737 3144 desierint,
747 3074 790 3142 ut,
804 3066 937 3144 quamvis
951 3066 1091 3126 invisibili
1103 3073 1202 3125 utatm
1215 3083 1329 3141 semper

123 3150 305 3229 Angelorum
319 3147 488 3224 ministerio,
498 3149 561 3208 sive
575 3148 605 3208 in
615 3146 755 3222 Ecclesia,
768 3145 830 3206 sive
844 3146 874 3204 in
885 3145 1008 3224 Mundo,
1017 3164 1077 3205 non
1085 3144 1209 3225 amplius
1220 3153 1327 3219 tamen,

122 3231 170 3294 vel
183 3230 330 3294 misume
344 3247 394 3290 eos
408 3228 579 3308 conspicuos
592 3225 758 3288 bominibus
771 3223 939 3286 reddiderit.

587 3463 775 3544 euasero
795 3465 870 3528 vn.

518 3645 558 3686 DE
572 3645 731 3688 onnrrtlsus
744 3643 938 3687 suessonum

127 3789 175 3850 An
194 3789 268 3848 inter
280 3785 403 3863 Angelos
423 3789 505 3845 detrsr
523 3786 625 3926 clipeis
645 3787 726 3862 ordo,
741 3795 769 3846 et
786 3787 834 3844 An
847 3785 982 3845 ᾱὶεἰὲιισὲω
1001 3785 1056 3844 sint
1069 3785 1142 3843 ruter-
1154 3786 1228 3862 ipsos
1242 3785 1330 3843 Hier·

250 3865 386 3927 ΔιινοΙιὶιιὲ
410 3865 459 3926 Pr.
474 3864 545 3942 An,

170 4025 196 4086 I.
218 4025 262 4087 Ut
276 4023 404 4100 Quaestio
418 4023 455 4083 de
472 4024 624 4086 Ordiarbus
636 4023 810 4101 superorum
822 4020 955 4080 bifariam
966 4029 1062 4100 potest
1075 4020 1208 4100 intelligi,
1223 4021 1272 4080 vel
1293 4019 1330 4081 de

133 4105 241 4168 Ordine
254 4105 424 4180 senem,
439 4104 490 4182 qui
503 4104 579 4164 inter
589 4102 715 4183 aequales
728 4111 832 4164 natura
845 4101 964 4178 obtinet,
980 4101 1031 4160 An
1044 4101 1149 4180 aliquis
1163 4100 1247 4161 detur
1260 4099 1333 4160 ordo

129 4185 205 4246 inter
218 4183 371 4263 Angelos3
384 4183 444 4244 Vel
457 4182 494 4244 de
511 4183 795 4246 Ordiesescellsntioe
805 4201 857 4241 seu
866 4182 1011 4258 potestatis
1021 4189 1051 4241 et
1056 4181 1269 4258 jurisdictionis,
1281 4182 1333 4239 An

130 4265 198 4326 talis
211 4264 251 4326 sit
264 4263 344 4339 ordo,
359 4283 411 4342 per
423 4282 510 4341 quem
522 4283 599 4326 unus
610 4263 744 4342 Angelus
757 4263 856 4338 altero,
871 4281 930 4320 non
943 4261 1029 4321 modo
1038 4261 1152 4322 differat
1165 4261 1270 4340 speeie,
1281 4259 1334 4320 sed

130 4345 192 4404 vim
205 4351 236 4404 et
249 4343 454 4404 authoritatem
466 4343 573 4405 habeat
593 4343 625 4404 in
638 4363 714 4421 curn,
727 4342 805 4404 unde
819 4350 905 4402 camec
919 4342 1046 4406 oriantur
1068 4341 1264 4422 Hierarchiae3
1286 4340 1336 4400 Ite

132 4423 170 4488 sd
183 4443 249 4486 eam
262 4421 398 4505 distincte
411 4423 579 4502 responderi
592 4423 688 4484 debet.

133 4539 194 4588 M
213 4540 379 4646 erupemstpp
399 4499 1338 4660 ing.ffimdffipwppipippffi;elffitipeggnppsnallpppepp

153 4597 382 4720 mmm.
402 4659 515 4741 ἀπειθὲς
528 4603 577 4724 ,ἐι
596 4665 715 4726 nomina
728 4657 916 4726 &eduens
934 4663 1090 4742 cdestirrm,
1104 4672 1138 4725 ut
1157 4671 1188 4724 et
1210 4665 1337 4724 Πινοιιο·

586 3875 640 3926 ost.
656 3865 739 3943 Neg,
755 3873 832 3925 cont.
846 3863 968 3924 Judscos
980 3871 1011 3923 et
1025 3863 1202 3923 Pontificius.
