3250 5176
139 345 255 397 onaan.
271 321 329 408 xa]
658 345 698 386 na
712 345 853 388 saccaro.
1285 329 1342 388 577

137 489 272 568 exemplo
293 487 484 565 conscientie,
502 486 625 566 justitia
639 487 797 566 originalis,
813 487 1006 548 communium
1020 487 1171 550 notionum
1184 487 1221 548 de
1236 487 1300 549 Deo
1314 497 1345 549 et

138 570 175 629 dc
189 569 353 628 discrimine
367 569 482 628 honesti
495 577 525 628 et
538 569 640 646 turpis.

180 651 271 710 XVI.
293 649 373 708 Nihil
388 650 485 709 obstat
504 649 658 727 quominus
678 657 830 726 peccatum
850 647 991 727 originale
1011 649 1103 728 possit
1123 667 1187 709 asse
1207 648 1341 728 privatio,

138 739 169 790 et
182 730 268 789 simul
281 730 408 808 positiva
421 730 563 807 qualium
576 729 652 804 Quia
664 729 789 807 privatio
803 749 862 788 non
875 737 920 788 est
933 728 1012 790 nuda
1022 737 1052 788 et
1063 730 1195 807 simplex,
1205 730 1253 790 uel
1262 750 1342 808 pura

139 811 310 888 negationis,
326 809 378 869 sed
396 820 515 870 actuosa
535 818 565 870 ot
585 809 696 886 efficax,
711 818 741 869 et
760 829 859 887 pravae
879 809 1085 889 dispositionis,
1101 829 1166 888 quse
1186 830 1245 869 non
1265 811 1343 870 tollit

139 891 234 968 ipsum
249 892 419 968 subjectum,
436 889 488 950 sed
508 889 581 950 illud
601 889 744 967 privando
764 889 937 950 rectitudine
961 889 1060 950 debita
1079 891 1174 949 inesse
1194 891 1270 949 male
1283 891 1342 949 dis·

139 972 275 1048 penitet
292 971 457 1048 corrumpit,
473 991 527 1030 nec
541 970 688 1048 extinguit
702 971 815 1030 interna
834 970 980 1030 actionum
1000 970 1150 1050 principles
1166 969 1218 1030 sed
1238 989 1273 1030 oa
1292 971 1343 1030 de-

139 1059 250 1128 pravat,
265 1058 298 1110 ut
311 1050 428 1110 morbus
442 1051 473 1108 in
487 1070 613 1128 corpore,
629 1059 658 1110 et
670 1051 793 1128 putredo
806 1051 838 1110 in
850 1071 946 1130 pomo.

181 1128 290 1189 XVII.
301 1131 390 1190 Porro
400 1131 481 1190 labes
489 1131 541 1189 illa
548 1131 729 1190 hereditaria
742 1151 801 1191 non
810 1141 922 1209 partem
932 1138 1045 1191 tantum
1055 1130 1218 1190 iuferiorem
1230 1130 1342 1207 animo,

141 1229 193 1269 son
206 1214 234 1268 τὶ
247 1215 383 1275 cirtmsls
397 1218 426 1270 et
438 1211 644 1270 sensualitatem
657 1211 764 1288 infecit,
780 1220 813 1272 ut
826 1212 936 1272 vellent
950 1211 1104 1286 PontificiI,
1118 1211 1211 1270 libero
1225 1211 1344 1270 arbitrio

140 1291 355 1368 patrocinaturi,
381 1291 543 1351 sedetiam
566 1299 677 1370 partem
701 1293 886 1369 superiorem,
913 1311 964 1351 seu
987 1297 1015 1350 sl
1039 1295 1148 1366 amasis,
1164 1291 1343 1351 intellectum

141 1371 277 1430 nimirum
301 1379 331 1430 et
352 1370 540 1432 voluntatem.
583 1373 662 1432 Hinc
684 1373 802 1432 coeoitas
821 1380 852 1432 et
871 1373 1035 1450 ignorantia
1054 1372 1153 1447 mentI,
1173 1371 1293 1431 rebellio
1314 1381 1345 1430 et

141 1451 322 1511 contumacia
344 1452 487 1512 voluntati
509 1452 653 1528 tribuitur,
668 1461 699 1512 et
719 1453 806 1512 homo
828 1461 907 1512 totus
925 1459 1050 1529 quantus
1071 1459 1196 1529 quantus
1216 1459 1262 1510 est
1281 1470 1345 1510 cor-

140 1540 242 1609 ruptus
256 1531 370 1608 dicitur,
386 1541 419 1592 ut
431 1533 504 1592 nihil
517 1533 566 1592 vel
580 1533 642 1592 veri
656 1551 839 1610 cognoscere,
854 1532 903 1591 rel
916 1531 986 1591 boni
998 1540 1136 1609 prestare
1149 1539 1245 1608 queat,
1256 1538 1343 1608 atque

141 1611 215 1671 adeo
228 1613 445 1690 regeneratione
459 1620 489 1672 et
503 1612 729 1672 sanctificatione
744 1620 838 1690 egeat,
853 1611 950 1690 quoad
962 1620 1105 1689 omenque
1120 1612 1166 1671 aui
1179 1619 1301 1688 partem.

182 1692 308 1752 XVIII.
323 1693 392 1752 Vox
406 1695 500 1753 cornis
521 1692 676 1770 aliquando
695 1694 789 1754 stricte
808 1713 861 1770 pro
882 1693 1064 1770 corruptione
1086 1691 1282 1752 sensualitatis
1295 1690 1345 1750 rel

141 1773 269 1850 eorporis
283 1773 412 1850 sumitur,
427 1778 492 1833 nti
508 1773 637 1832 Corinth.
652 1773 702 1831 vii.
719 1776 745 1850 l,
760 1773 917 1850 aliquando
931 1775 987 1832 late
1004 1793 1057 1850 pro
1070 1771 1345 1832 universalissima

141 1853 332 1930 corruptione,
352 1873 417 1931 quaa
439 1861 565 1914 mentem
588 1853 682 1931 ipsam
703 1853 823 1914 infecit:
850 1852 937 1913 Unde
959 1851 1072 1934 agimus
1094 1852 1232 1911 tribuitur
1255 1852 1344 1927 carni,

143 1931 228 1991 Rom.
239 1932 298 1992 viii.
311 1935 337 2008 6,
350 1940 379 1992 et
388 1935 504 1993 hermes
515 1934 651 1994 dicuntur
664 1953 753 2010 opera
766 1933 869 2008 cantu,
876 1952 942 2010 qum
955 1941 1052 1992 tamen
1067 1933 1175 1992 suntin
1185 1931 1344 2007 intellectu,

140 2021 171 2070 et
184 2012 312 2073 haeretici
325 2012 460 2074 dicuutur
473 2013 565 2073 inflati
578 2015 673 2074 carnei
685 2033 744 2074 sua
756 2013 957 2092 intelligentia,
965 2013 1075 2073 Ooloss.
1085 2013 1116 2072 ii.
1127 2015 1181 2074 18:
1192 2012 1248 2072 hoc
1258 2031 1346 2071 sensu

142 2101 293 2170 peccatum
307 2093 447 2171 originale
461 2104 581 2153 vocatur
594 2115 673 2154 caro.

184 2173 279 2232 XIX.
303 2173 541 2250 Concupiscentia,
556 2175 604 2234 vel
612 2175 804 2252 philosophice
818 2173 949 2250 sumitur,
964 2181 995 2234 et
1007 2173 1085 2234 idem
1105 2181 1188 2234 notat
1207 2191 1274 2232 cuns
1294 2191 1344 2250 ap-

143 2253 236 2329 petitu
250 2254 475 2332 concupiscibili,
491 2255 540 2313 vel
560 2255 709 2332 thecum
729 2265 758 2314 et
774 2255 964 2334 populariter,
986 2274 1045 2332 quo
1068 2273 1155 2314 sensu
1175 2253 1259 2312 malae
1279 2272 1345 2330 pro-

143 2333 296 2410 pensiones
306 2333 465 2394 voluntatis
479 2333 516 2392 ad
530 2353 594 2394 eam
607 2335 766 2412 pertinent;
782 2335 837 2394 hoc
852 2353 939 2394 sensu
953 2355 1022 2394 caro
1035 2335 1141 2394 dicitur
1154 2333 1347 2411 concupiscere

143 2415 279 2472 adunata
292 2415 439 2492 Spiritum,
456 2415 553 2474 Galat.
567 2435 597 2474 v.
614 2419 660 2492 17,
679 2423 709 2475 et
724 2424 876 2493 peccabam
895 2415 1035 2492 originale
1054 2415 1091 2474 ab
1105 2414 1262 2492 Auprcstino
1275 2412 1345 2472 defi-

144 2493 222 2550 nitur
235 2513 287 2570 per
299 2495 555 2571 comparentibus,
572 2515 610 2554 ex
623 2515 690 2573 qua,
706 2515 759 2556 ceu
771 2495 892 2555 malost
912 2503 1047 2573 corrupta
1066 2494 1163 2558 radice
1183 2501 1214 2554 et
1233 2492 1346 2572 arbore,

143 2573 288 2650 pullulant
302 2575 429 2652 corrupti
443 2576 560 2652 surculi
575 2584 605 2635 et
617 2575 736 2654 pessimi
746 2575 865 2636 fructus

184 2653 263 2712 XX.
285 2654 359 2714 Haeo
373 2663 468 2716 autem
483 2657 716 2734 eoncupiscentia
728 2675 788 2716 non
800 2656 887 2716 modo
900 2655 931 2714 in
946 2654 1111 2716 infidelibus
1131 2663 1161 2716 et
1182 2653 1347 2733 irregenitis

142 2741 293 2810 peccatum
308 2741 361 2808 est,
377 2733 429 2792 sed
442 2735 528 2794 ctiam
542 2736 574 2794 in
586 2736 722 2796 fidelibus
736 2745 766 2796 et
778 2737 895 2813 renatis,
910 2735 1049 2813 quicquid
1071 2745 1201 2795 asserant
1226 2733 1347 2794 Pontifi-

144 2812 265 2952 titt
278 2812 1348 2971 thil}tlttttttttlfflat‘ttetlttgttltttdt

144 2973 252 3032 tionem
266 2973 378 3051 peccati
391 2973 505 3050 proprie
519 2973 598 3032 dicti.
653 2975 701 3033 Sic
716 2941 808 3034 sancit
824 2915 934 3051 Synid.
949 2940 1079 3032 Tiident.
1096 2975 1173 3032 Sese.
1189 2976 1216 3048 5,
1233 2973 1302 3032 Cen.
1318 2976 1346 3048 5,

145 3057 164 3088 “
180 3053 288 3130 Siquis
301 3071 353 3130 per
366 3053 387 3114 J
389 3073 441 3112 osu
455 3053 563 3112 Christi
578 3054 696 3112 Domini
709 3054 802 3113 nostri
815 3053 947 3130 gratiam,
962 3073 1027 3131 quse
1041 3053 1072 3111 in
1086 3053 1265 3130 Baptismate
1279 3071 1347 3111 con-

145 3131 243 3208 fertur,
259 3143 371 3192 reatum
385 3133 535 3211 originalis
548 3134 660 3211 peccati
673 3133 781 3192 remitti
795 3142 900 3210 negat;
920 3133 1069 3192 autetiam
1085 3132 1196 3205 meent,
1211 3152 1270 3191 non
1284 3132 1349 3192 tolli

30 3211 51 3250 f
145 3221 239 3272 totum
252 3213 292 3289 id,
307 3213 386 3292 quod
399 3233 498 3273 veram
513 3221 543 3272 et
555 3215 700 3291 propriam
715 3214 855 3272 rationem
869 3213 981 3291 peccati
993 3212 1090 3288 habet,
1112 3212 1164 3270 sed
1184 3211 1258 3271 illud
1278 3212 1350 3272 dicit

30 3323 31 3332 κ
143 3301 255 3352 tanttun
275 3293 347 3368 radi,
367 3302 398 3354 et
415 3314 474 3354 nou
494 3294 638 3370 imputari,
653 3295 807 3352 anathema
820 3294 887 3370 sit,''
903 3290 957 3352 &a
999 3293 1040 3352 Et
1052 3312 1130 3368 mox,
1148 3295 1166 3328 “
1181 3292 1266 3352 Hanc
1280 3311 1349 3351 een·

30 3389 32 3396 ‘
144 3373 359 3450 cupiscentiam,
378 3395 465 3453 quam
487 3373 643 3451 aliquando
664 3372 825 3452 Apostolus
844 3381 994 3452 peccatum
1015 3373 1149 3451 appellat,
1172 3380 1272 3432 mnata
1294 3373 1349 3451 Sy·

145 3451 239 3512 nodus
254 3453 383 3514 declarat
397 3455 558 3514 Ecclesiam
573 3453 750 3513 catholicam
770 3473 917 3531 nunquam
937 3453 1116 3514 intellexisse
1129 3461 1280 3531 peccatum
1299 3473 1349 3532 ap-

30 3567 32 3574 *
145 3531 255 3610 pallori,
270 3533 348 3610 quod
362 3555 430 3594 vere
444 3543 474 3594 et
493 3532 608 3612 propria
624 3533 655 3592 in
668 3534 776 3592 renatis
789 3543 939 3612 pereanem
953 3533 1000 3610 sit,
1016 3533 1068 3593 aad
1081 3533 1150 3610 quia
1168 3553 1207 3592 ex
1229 3541 1350 3610 peccato

30 3623 32 3652 ὲ
144 3622 198 3688 eat,
219 3613 305 3672 etad
325 3622 475 3692 peccatum
499 3613 629 3676 inclinat.
672 3613 705 3674 si
725 3613 790 3692 quis
809 3622 905 3674 autem
926 3613 1100 3674 sonnatium
1122 3613 1252 3689 senserit,
1268 3613 1349 3673 Ana·

30 3699 33 3734 ³
143 3693 242 3752 thema
256 3693 323 3753 sit.”

30 3779 33 3850 ξ
188 3773 284 3832 XXI.
306 3772 446 3848 Qusnnris
459 3794 530 3835 vero
551 3795 604 3854 per
626 3775 874 3853 regenerationem
898 3783 1058 3835 stauramus
1081 3773 1146 3834 tolli
1161 3775 1275 3852 merod
1292 3775 1349 3834 ori-

30 3855 32 3860 ’
144 3851 249 3928 pisata
262 3863 372 3912 reason
386 3863 416 3912 et
429 3857 570 3914 mamlam
584 3855 681 3933 quoad
694 3856 855 3930 dominium,
871 3856 940 3934 quia
952 3875 1007 3914 nec
1020 3855 1091 3933 ipsis
1112 3855 1270 3933 imputatur
1290 3874 1350 3913 am·

30 3951 33 3960 ¹
147 3933 224 4011 plina
246 3932 285 3991 ad
308 3933 529 4012 damnationem,
544 3955 599 3996 neo
619 3937 651 3994 in
670 3935 707 3995 iis
728 3935 910 4013 dominatur3
932 3937 1081 4014 Negamus
1100 3943 1198 3996 tamen
1218 3934 1351 3995 absolute

147 4014 212 4072 tolli
226 4013 323 4091 quoad
337 4013 520 4092 muman,
536 4023 566 4075 et
578 4016 718 4094 quicquid
738 4017 769 4075 in
789 4036 824 4076 eo
844 4016 956 4094 peccati
976 4016 1117 4075 rationem
1137 4015 1235 4075 babet.
1277 4015 1352 4090 Quis

30 4115 34 4138 τ
148 4094 258 4154 Paulus
272 4093 395 4155 subinde
408 4113 515 4154 nomen
523 4097 637 4173 peccati
648 4097 692 4155 illi
705 4096 815 4172 tribuit,
832 4097 916 4156 Rom.
925 4097 966 4156 ri.
980 4106 1010 4156 et
1023 4095 1083 4172 vii,
1091 4095 1170 4173 quod
1183 4115 1241 4154 non
1255 4103 1353 4173 potest

30 4179 35 4218 ²
147 4174 204 4233 alio
227 4193 314 4252 quarn
327 4174 366 4234 ad
379 4184 529 4254 peceatum
543 4176 658 4254 proprie
672 4177 782 4236 dictum
796 4177 904 4252 referri,
919 4177 989 4254 quia
1001 4176 1098 4254 agitur
1112 4175 1148 4236 de
1161 4185 1281 4254 peccato
1299 4195 1352 4252 pro

30 4265 34 4298 ὲ
148 4272 206 4329 quo
218 4254 349 4314 Christus
362 4255 487 4315 traditus
500 4264 554 4333 est,
570 4257 617 4316 oui
630 4257 735 4316 mortui
750 4275 850 4315 snmus
863 4257 894 4314 in
907 4257 1059 4334 baptismo,
1076 4256 1160 4314 Rom.
1175 4255 1215 4314 vl.
1230 4258 1258 4332 3,
1274 4255 1353 4333 quod

30 4343 35 4379 t
149 4351 217 4390 cum
231 4332 346 4393 Christo
359 4335 530 4394 crucifixum
544 4345 597 4402 ost.
612 4355 644 4396 v.
659 4339 687 4413 6,
702 4337 786 4414 cujus
800 4335 975 4414 stipendIum
993 4355 1071 4394 mors
1085 4343 1138 4411 est,
1162 4335 1246 4393 Rom.
1261 4335 1301 4392 vi.
1323 4339 1351 4410 2,

151 4413 179 4486 6,
197 4413 244 4485 12,
259 4415 309 4480 23,
323 4412 403 4489 quod
415 4423 560 4491 repugnat
574 4415 656 4492 Legi,
672 4435 734 4494 cap.
749 4415 800 4475 vii.
817 4420 844 4490 7,
859 4416 939 4493 quod
952 4423 1071 4492 generat
1084 4433 1199 4474 omnem
1210 4412 1352 4489 cupidita·

150 4500 219 4565 tem,
231 4511 260 4550 r.
272 4493 300 4568 8,
316 4501 346 4551 et
359 4491 393 4552 iit
405 4503 556 4569 peccatum
570 4515 702 4572 peccans,
718 4503 748 4554 et
760 4496 906 4554 hominem
919 4494 1015 4556 reddit
1034 4494 1179 4553 carnalem
1199 4501 1229 4552 et
1242 4511 1353 4551 venun·

30 4583 34 4620 :
149 4571 251 4632 datum
266 4571 321 4630 sub
339 4579 467 4650 peccato,
482 4593 511 4632 v.
529 4576 585 4650 14;
608 4574 699 4652 Cujus
719 4574 832 4656 aginus
852 4583 896 4634 est
916 4573 1067 4635 inimicitia
1086 4572 1226 4632 adversus
1248 4571 1353 4649 Deum

30 4661 33 4701 t
149 4660 181 4715 et
194 4651 273 4730 quod
287 4671 344 4714 neo
358 4651 432 4730 Legi
446 4652 607 4733 subjicitur,
622 4673 676 4715 nec
690 4655 796 4736 subjici
809 4662 913 4736 potest,
928 4654 1014 4715 Rom.
1028 4653 1090 4714 viii.
1105 4651 1233 4795 I,2quod
1253 4670 1354 4733 pecca

1171 4749 1190 4792 ο
