3158 5180
251 325 311 382 440
723 337 815 380 nouus
829 337 949 380 snxuua.

251 481 323 540 aihu
343 479 368 540 ds
383 479 460 556 ripae,
480 479 500 538 ia
514 475 671 562 reparandas
681 481 784 556 impedi,
798 487 871 540 τοῦτο
883 483 938 544 aa.
957 480 977 536 tv
990 477 1086 556 zicpep,
1102 476 1156 537 dte.
1184 478 1271 544 Quod
1282 478 1311 537 t'n
1323 480 1392 537 maai
1400 498 1460 556 911-

251 563 395 637 tenear,
409 563 439 620 in
452 581 539 618 cam
552 561 665 637 auriqo,
679 561 709 619 in
729 563 815 620 choro
829 567 999 637 praecentor,
1021 559 1052 618 ἔτι
1072 559 1181 618 civiwtc
1195 559 1267 634 Lex,
1282 557 1311 616 ia
1330 560 1463 623 exercitet
1571 561 1572 624 l

251 643 423 717 Ioperator,
438 641 489 699 boc
503 640 576 698 idem
590 641 619 698 in
632 643 737 699 mando
751 648 791 698 eat
803 642 891 700 Deua.
925 639 1019 698 sarci
1030 658 1094 698 eam
1108 645 1273 697 constanter
1286 645 1412 712 tuentur,
1428 647 1463 696 et
1571 629 1572 702 Ῐ

253 720 295 780 sic
309 720 418 793 crebro,
434 719 476 778 sic
493 718 585 778 solide
606 719 642 778 ab
663 719 700 778 iis
711 727 821 780 asserta
839 727 891 794 est,
907 717 1001 796 iuquit
1023 717 1149 796 Lipsius,
1164 725 1197 776 ut
1216 716 1302 776 ludus
1312 719 1462 795 jocusque
1571 715 1572 764 l

253 799 359 858 fuerint
388 799 583 874 Adversariis,
609 799 660 876 qui
682 800 758 861 hauc
779 797 927 859 fatidicam
951 798 1052 858 Auum
1076 797 1241 858 StoIcorum
1262 797 1461 875 appellabant.

252 879 359 940 Seneca
371 877 471 937 multis
485 898 549 937 eam
562 879 666 957 probat
679 877 818 956 peculiari
827 885 960 953 tractatu,
968 878 1027 936 Cur
1040 877 1125 936 bouis
1138 877 1210 935 viris
1225 877 1302 935 mala
1314 877 1461 953 accidant,

253 978 315 1035 cap.
322 958 342 1018 i.
350 960 368 992 “
378 957 637 1018 Praestuniversis
644 957 840 1033 Providentia,
847 966 877 1017 et
886 957 1095 1017 interestnobis
1102 956 1212 1032 Deus,''
1224 965 1254 1015 et
1263 965 1370 1034 postea,
1379 959 1399 990 “
1410 977 1463 1016 su-

252 1057 431 1118 pervacuum
445 1047 490 1097 est
503 1037 534 1096 in
547 1036 683 1114 praesenti
696 1037 859 1113 obtrudere,
870 1057 930 1096 nou
943 1037 1005 1096 sine
1018 1035 1116 1113 aliquo
1130 1035 1250 1095 custode
1264 1043 1374 1094 tautum
1382 1055 1463 1112 opus

254 1126 339 1191 stare,
353 1137 408 1176 uec
426 1117 504 1176 huno
523 1115 649 1176 siderum
668 1124 778 1176 eertum
799 1113 961 1176 discursum
981 1115 1092 1176 fortuiti
1105 1116 1231 1193 impetus
1249 1135 1326 1191 esse;
1348 1125 1462 1192 atquae

254 1216 339 1256 casem
356 1196 467 1272 incitat,
487 1216 563 1273 saepe
576 1196 695 1271 turbari,
717 1207 747 1255 et
767 1195 826 1255 cito
842 1197 980 1272 arietata,
1001 1196 1076 1254 hauc
1089 1194 1260 1254 inoffensam
1275 1195 1462 1255 velocitatem

254 1275 409 1353 procedere
424 1283 537 1334 aeternae
550 1275 625 1352 legis
639 1275 769 1352 imperio,
779 1295 838 1333 non
852 1293 916 1335 esse
929 1277 1057 1334 materia
1071 1275 1192 1334 euantis
1206 1275 1283 1334 hune
1297 1273 1463 1350 ordinem,”

255 1354 309 1415 &a
353 1355 461 1431 Cicero,
475 1355 527 1414 lib.
541 1354 572 1413 ii.
586 1353 623 1412 de
637 1363 740 1414 natura
762 1355 898 1431 Deorum,
913 1355 1003 1414 variis
1021 1355 1199 1432 argumentis
1212 1373 1231 1412 a
1244 1354 1381 1412 coelorum
1394 1374 1461 1412 mo-

254 1443 295 1511 tu,
310 1435 378 1510 situ,
393 1431 448 1494 dac.
464 1443 549 1494 terrae
563 1433 728 1511 stabilitate,
743 1433 844 1509 forma,
859 1442 1027 1493 ornamento
1041 1442 1071 1494 et
1083 1433 1148 1492 aliis
1161 1432 1286 1510 idgenus
1298 1434 1464 1492 rationibus

255 1513 348 1574 solide
370 1533 434 1574 eam
455 1513 588 1574 adsturit.
631 1507 677 1573 Et¹
691 1513 765 1573 tanti
784 1513 873 1572 fiebat
893 1514 971 1591 apud
985 1513 1125 1572 Ethuicos
1145 1513 1253 1594 ψἰωι,
1267 1519 1301 1571 at
1319 1532 1372 1590 pro
1394 1513 1463 1572 Des

255 1595 333 1654 culta
347 1593 429 1653 sitin
443 1593 527 1668 Delo,
543 1591 621 1671 quod
635 1593 777 1652 latonam
786 1592 914 1670 juvisset
928 1593 958 1654 in
971 1602 1065 1672 partu,
1081 1593 1135 1652 sub
1155 1594 1211 1652 hoc
1225 1593 1331 1652 cortica
1344 1593 1461 1652 scilicet

255 1673 461 1750 significantes,
476 1671 550 1732 nihil
564 1673 719 1748 Naturam,
740 1669 805 1750 quae
824 1693 877 1750 per
897 1673 1040 1732 Mensam
1053 1672 1268 1750 designabatur,
1290 1690 1376 1749 posse
1396 1673 1463 1731 sine

253 1753 410 1818 ,obstetrice
425 1751 620 1828 Providentia,
630 1771 695 1829 quae
708 1751 789 1811 illam
799 1752 891 1812 veluti
904 1752 1056 1830 gravidam
1069 1761 1100 1812 et
1108 1751 1316 1832 parturientem
1329 1751 1360 1810 in
1372 1761 1461 1830 partu

251 1832 380 1916 juvaret,
395 1830 435 1892 id.
450 1851 552 1893 causas
566 1831 707 1892 secundas
721 1831 794 1890 nihil
807 1851 892 1909 posse
906 1833 968 1893 sine
981 1833 1083 1911 prima.
1389 1836 1391 1842 '
1571 1857 1572 1896 l

251 1981 256 1990 ⁴
264 1963 287 2011 2
301 1963 342 2011 Ex
372 1964 489 2024 mm
559 1909 597 1972 V.
621 1911 679 1970 Sed
687 1905 789 1971 fortius
798 1911 854 1971 hoc
861 1911 957 1991 ipsum
966 1921 995 1972 et
1003 1911 1109 1971 clarius
1119 1909 1462 2004 confirmatur'exSerip
1571 1899 1572 1948 l

549 2011 591 2049 ren
614 1991 774 2066 aramenta,
789 2011 854 2069 quaa
873 2012 939 2051 cum
961 2011 1057 2051 rerum
1077 1989 1222 2051 creatione
1239 2009 1348 2068 passrm
1361 2009 1462 2049 earum
1571 2019 1572 2024 1

255 2069 469 2149 providentiam
482 2073 658 2149 conjungere
673 2071 754 2146 solet,
765 2081 795 2130 et
803 2071 898 2131 Deum
911 2071 1052 2150 proponit,
1068 2073 1190 2154 quinon
1204 2070 1244 2129 sit
1255 2069 1463 2144 modomnie,
1571 2071 1572 2114 l

257 2150 309 2210 sed
323 2159 353 2210 et
367 2153 501 2244 spermit,
516 2171 576 2209 uon
590 2151 708 2211 Creator
721 2157 834 2210 tantum
846 2161 1063 2210 momentaneus
1077 2149 1128 2228 qui
1141 2151 1178 2210 ab
1188 2149 1303 2226 opificio
1317 2169 1336 2208 a
1348 2169 1381 2208 se
1391 2169 1462 2208 rou·

255 2227 318 2294 ¹dito
333 2239 431 2289 statim
445 2229 583 2305 discedat,
598 2228 651 2289 sed
664 2237 694 2289 et
707 2238 843 2290 constans
855 2231 995 2309 provisor,
1010 2230 1061 2309 qui
1075 2249 1148 2307 opus
1166 2249 1249 2290 suum
1264 2229 1402 2288 continuo
1415 2230 1464 2286 in-

252 2307 338 2372 fluxu
351 2307 450 2367 foveat
462 2317 492 2368 et
506 2317 655 2384 sustentat,
668 2309 788 2388 ejusque
802 2319 970 2387 perpetuam
984 2329 1082 2371 curam
1095 2317 1192 2388 gerat;
1215 2311 1234 2342 “
1243 2308 1306 2368 Nec
1319 2309 1406 2384 anim,
1421 2310 1464 2368 ai-

255 2395 306 2446 cut
327 2395 501 2446 structuram
524 2386 639 2462 aedium,
654 2407 743 2466 quum
765 2388 950 2450 fabricaverit
973 2391 1047 2469 quis,
1062 2388 1200 2464 abscedit,
1215 2396 1303 2466 atque
1324 2387 1376 2447 illo
1398 2408 1463 2447 oes-

254 2474 337 2524 sante
351 2473 380 2524 et
394 2465 568 2526 abscedente
581 2475 640 2527 stat
653 2486 726 2545 opus
739 2467 823 2545 ejus:
845 2467 893 2527 Ita
908 2470 1035 2530 mundus
1048 2468 1098 2528 vel
1116 2469 1176 2528 ieta
1190 2467 1268 2528 oculi
1281 2477 1357 2528 staro
1378 2477 1463 2546 pota-
1571 2499 1572 2530 1

252 2545 300 2684 pig,
306 2544 341 2680 lpi
354 2545 398 2603 illi
412 2546 493 2638 Deus
506 2544 636 2685 reUgimeu
650 2545 696 2605 sui
709 2545 930 2685 splbsssraxeritffl
944 2558 978 2642 ut
992 2548 1033 2610 ait
1045 2549 1163 2646 August.
1176 2547 1228 2648 lib.
1243 2548 1283 2606 iv.
1299 2547 1335 2652 (le
1350 2547 1462 2646 (nieues.

251 2633 765 2782 fiauvtddssexildmmfftmuffdllgmbal.
779 2647 816 2766 (1.Θ
817 2645 883 2766 {E
888 2638 1262 2786 Peffcibsnggtmfgm
1268 2653 1463 2767 *gezem

253 2792 307 2844 unt
316 2803 470 2862 congerere
481 2785 682 2862 nihilattiuat;
697 2785 839 2846 Totenim
849 2785 909 2846 fere
918 2797 993 2864 suut,
1003 2797 1150 2866 quotauut
1166 2788 1321 2865 Scriptura
1334 2789 1460 2865 paginae,

254 2863 370 2942 quando
379 2863 452 2922 nihil
459 2864 647 2942 frequentius,
659 2861 733 2924 nihil
743 2865 849 2925 clarius
858 2866 889 2925 iu
897 2867 997 2927 Verbo
1011 2869 1069 2928 Dei
1076 2867 1237 2927 inculcatur
1247 2889 1255 2943 ;
1271 2867 1462 2926 consulantur

251 2943 350 3022 capita
357 2945 429 3004 Jobi
439 2944 500 3022 xii,
508 2944 645 3022 xxxviii,
655 2946 770 3021 xxxix,
777 2943 902 3024 xl.‚uli.;
916 2947 992 3008 Psal.
1002 2949 1074 3024 nix,
1081 2948 1149 3023 xci,
1156 2947 1221 3021 civ,
1231 2946 1308 3022 cvii,
1316 2948 1437 3005 cxxxvi
1449 2969 1459 3024 ς

252 3021 343 3090 Prov.
358 3024 420 3084 xvi.
435 3033 465 3084 et
477 3047 539 3100 xx,
554 3025 576 3086 J
578 3045 617 3084 er.
632 3046 672 3100 κ,
688 3021 795 3085 Matth.
809 3025 850 3086 vi.
863 3035 894 3086 et
907 3047 946 3103 κ,
959 3027 1027 3086 Act.
1042 3028 1103 3087 xiv.
1117 3035 1147 3086 et
1160 3027 1232 3086 xvii.
1274 3027 1321 3085 Eo
1333 3027 1460 3104 pertinet

253 3104 334 3183 quod
348 3105 480 3166 Christus
493 3107 611 3166 Patrem
623 3125 705 3166 mum
716 3125 826 3182 semper
836 3107 954 3183 operari
965 3115 1095 3183 testatem,
1105 3107 1127 3168 J
1128 3107 1176 3166 oh.
1185 3127 1216 3165 v.
1229 3109 1275 3183 17,
1287 3125 1347 3165 uon
1359 3106 1459 3184 utique

254 3203 347 3244 novas
360 3205 408 3244 res
429 3186 563 3263 creando,
579 3186 631 3246 sed
652 3195 763 3246 creatas
777 3185 983 3262 conservando,
999 3196 1029 3246 et
1046 3185 1253 3264 gubemaud03
1284 3185 1332 3245 lta
1345 3194 1381 3245 ut
1395 3188 1413 3218 “
1421 3205 1459 3244 ue

253 3282 330 3330 unus
343 3283 444 3340 passer
458 3265 543 3324 cadat
556 3265 619 3324 sine
632 3264 782 3326 voluntate
802 3265 899 3324 Patris
919 3266 1053 3341 coelestis,
1068 3275 1098 3328 et
1118 3265 1216 3343 capilli
1233 3265 1337 3343 ospitis
1359 3285 1459 3324 ornnes

252 3343 398 3404 numerati
412 3343 499 3418 sint,''
515 3344 586 3402 Luc.
601 3343 653 3404 xii.
669 3347 696 3420 6,
713 3349 741 3404 7.
783 3344 867 3419 Quod
882 3343 990 3405 Paulus
1011 3343 1090 3422 dicit,
1108 3346 1233 3404 “Deum
1245 3364 1305 3404 nou
1325 3365 1358 3404 se
1372 3345 1457 3404 relin-

252 3439 343 3556 puere
355 3421 497 3511 balpago
510 3421 716 3514 benefaciendo
729 3424 903 3516 hpmiuibus,
919 3425 991 3484 dans
1005 3425 1120 3532 ppslitus
1139 3425 1263 3517 pluvias,
1277 3433 1308 3484 et
1328 3433 1459 3518 tempora

251 3497 549 3636 simidiipliil
561 3500 1457 3661 tittttlttttthfftttnit‘ftlpt’ttttrtt

251 3675 319 3716 vere
328 3657 496 3716 etmoveri''
511 3665 643 3718 testatur.
665 3625 845 3733 Quod’alibi,
854 3635 976 3723 “Deum
985 3663 1095 3742 operari
1109 3663 1206 3723 omnia
1216 3663 1378 3724 secuudum
1389 3629 1455 3722 bou-

252 3735 348 3796 silium
362 3735 522 3796 voluntatis
537 3737 626 3812 sua,”
642 3737 751 3815 Ephes.
766 3737 785 3799 i.
802 3743 850 3816 11,
864 3742 1024 3819 profitetur,
1041 3744 1097 3803 “ot
1112 3743 1220 3802 Filium
1234 3752 1350 3820 portare
1361 3745 1458 3803 omnia

252 3815 352 3875 Verbo
367 3837 418 3877 suo
432 3817 572 3894 potenti,”
589 3817 666 3878 Heb.
680 3817 700 3878 i.
716 3821 744 3894 3,
761 3818 779 3853 ‘⁴
790 3827 820 3878 et
832 3819 864 3880 iu
883 3841 918 3880 eo
932 3811 1029 3881 omnia
1049 3821 1234 3898 subsistere‚''
1251 3821 1315 3882 Col.
1329 3823 1349 3881 i.
1366 3825 1413 3899 17,
1428 3831 1457 3881 et

251 3895 293 3962 sio
307 3897 465 3957 innumeris
479 3897 510 3955 iu
523 3897 605 3958 locis.
647 3898 714 3957 Hoc
724 3899 819 3976 ipsum
830 3899 917 3960 etiam
927 3901 1017 3960 variis
1027 3903 1167 3979 symbolis
1181 3902 1394 3978 adumbratum,
1407 3901 1456 3961 sed

251 3975 358 4054 triplici
371 3976 553 4055 potissimum
568 3985 648 4056 typo.
692 3981 718 4038 1.
732 3979 831 4040 Monte
844 3981 962 4057 Moraj'o,
979 3981 1053 4041 Gen.
1068 3981 1151 4056 xxii,
1166 3979 1217 4040 ubi
1228 3981 1455 4040 illustrissimum

250 4055 343 4115 edidit
357 4057 438 4117 Deus
452 4057 483 4115 in
496 4055 714 4118 conservatione
729 4057 831 4134 Isaaci,
846 4067 876 4118 et
890 4059 1095 4120 substitutione
1115 4061 1217 4120 arietis
1229 4061 1260 4119 in
1274 4062 1341 4139 ejus
1360 4061 1456 4120 locum

251 4133 446 4195 Providentiae
460 4145 670 4214 argumentum,
682 4136 759 4197 unde
771 4138 903 4198 Ecclesia
913 4139 1077 4216 symbolum
1087 4141 1143 4199 hoc
1157 4149 1295 4217 tauquam
1304 4134 1455 4218 'proprium
1474 4128 1481 4138 ⁶

250 4222 281 4280 et
300 4215 445 4291 peculiare
466 4215 522 4276 sibi
536 4217 665 4276 vindicat
678 4237 739 4277 rata*
755 4237 811 4277 aaa*
824 4219 964 4278 Dominus
982 4220 1150 4296 providebit.
1192 4224 1220 4278 2.
1234 4221 1323 4280 &aba
1343 4220 1453 4295 Jooolr',

252 4293 358 4359 Genea.
373 4295 581 4372 xxviii.,quam
596 4295 681 4355 Philo
695 4305 780 4357 vocat
794 4299 1003 4378 obstantiam,
1018 4299 1118 4377 inqua
1131 4300 1213 4359 Deus
1226 4300 1311 4358 scalae
1327 4299 1456 4358 insidens

251 4371 413 4449 exhibetur,
429 4373 479 4451 qui
493 4393 539 4434 res
560 4394 660 4434 omues
674 4377 814 4453 coelestes,
837 4385 973 4455 terrenas,
988 4378 1120 4438 visibiles
1140 4388 1169 4438 et
1192 4379 1364 4455 invisibiles,
1380 4378 1456 4455 sapi·
1571 4395 1572 4400 ¹

249 4449 398 4512 entissime
411 4451 487 4530 regit
501 4461 531 4514 et
543 4453 716 4516 moderatur.
758 4459 787 4516 3.
804 4457 901 4518 Oura-u
912 4457 1083 4535 Ezechielis,
1096 4478 1158 4537 cap.
1170 4459 1189 4519 i.
1204 4457 1303 4535 inquo
1316 4479 1377 4518 nou
1391 4467 1454 4517 tau-

249 4535 311 4617 tum
325 4539 396 4588 rotor
409 4533 527 4593 emata
540 4553 606 4592 cum
620 4533 723 4612 spiritu
737 4535 829 4611 vitali,
844 4536 895 4615 qui
909 4536 939 4596 in
951 4537 1024 4616 ipsis
1044 4547 1120 4616 erat,-
1130 4546 1160 4600 et
1180 4558 1238 4617 quo
1251 4539 1452 4612 movebantur,

248 4614 372 4681 renuunt
387 4607 612 4686 Ptovideutiam,
621 4622 725 4689 quaest
738 4616 855 4677 oculum
866 4623 1004 4676 aternum
1019 4625 1048 4678 st
1061 4617 1339 4695 perspicacissimum
1353 4617 1451 4692 habet,
