3158 5180
263 373 320 432 386
739 387 830 432 nocue
844 389 978 438 cornuue.
1310 365 1431 450 [quaer.
1449 387 1473 426 1.

264 530 359 606 Quum
373 549 443 608 ergo
464 529 561 588 omnia
581 529 718 604 dicuntur
731 547 795 588 esse
816 549 853 588 ea·
873 530 966 605 ratila,
988 527 1153 606 praepositio
1173 547 1211 587 ex
1230 547 1289 586 non
1303 527 1374 588 dicit
1388 529 1477 606 rp‘m

265 610 303 669 ad
316 609 474 686 materiam,
490 611 539 669 vel
552 609 590 668 ad
604 609 783 686 efficientem,
800 609 853 668 sed
865 608 902 668 ad
916 609 1079 685 terminum,
1101 617 1135 668 ut
1147 617 1271 684 notetur,
1287 628 1346 667 non
1360 609 1478 686 subjec-

262 699 325 752 tum
339 689 418 768 quod
431 690 621 767 praeextiterit
635 690 782 765 creationi,
798 689 850 748 sed
863 697 976 749 tantum
985 689 1118 748 wmarus
1126 709 1146 746 o
1156 709 1211 766 quo
1221 688 1319 746 omnia
1331 688 1479 766 producta

263 777 338 844 sunt,
354 771 403 828 vel
417 770 487 829 ordo
511 769 680 846 Greationis,
704 789 768 847 qnae
790 769 867 829 facts
888 777 933 828 est
955 789 1015 828 non
1037 777 1096 827 tam
1118 788 1156 828 aa·
1178 769 1273 845 attalo,
1299 787 1387 846 quam
1407 779 1481 846 poet

263 849 391 909 nihilum.
1359 907 1362 912 ,

303 929 360 988 VI.
382 929 426 990 Ut
439 937 536 988 autem
550 928 664 988 Creatio
688 928 745 987 elia
759 935 803 986 est
811 928 912 1004 prima
925 936 954 988 et
968 928 1139 1004 tammam,
1164 947 1231 1005 quae
1243 935 1289 987 eut
1303 926 1481 1004 simpliciter

262 1029 301 1068 ex
315 1008 423 1086 nihilo;
445 1009 502 1068 alia
515 1009 684 1068 secundario
697 1016 727 1066 et
748 1007 880 1084 mediata,
905 1027 969 1085 qun
991 1005 1025 1067 rit
1047 1007 1163 1085 quidem
1177 1023 1215 1065 ex
1229 1007 1351 1066 materia
1364 1007 1477 1085 almus,

262 1088 316 1150 aed
329 1089 414 1167 plane
428 1089 550 1149 inhabili
563 1097 592 1148 et
606 1087 784 1165 indisposita,
795 1107 849 1146 nec
859 1087 1079 1148 ullacausarum
1094 1087 1284 1146 secundarum
1298 1087 1329 1144 vi
1344 1086 1481 1164 disponi·

263 1168 339 1244 bilis,
356 1169 381 1228 si
395 1169 436 1228 ita
448 1169 529 1247 loqui
543 1168 619 1244 licet,
635 1168 673 1227 ad
686 1167 801 1226 termini
816 1166 1042 1245 productionem,
1055 1167 1122 1226 etin
1132 1187 1190 1244 qua
1200 1168 1263 1225 sola
1276 1166 1363 1225 datur
1371 1177 1478 1242 poten-

261 1249 301 1307 aa
315 1249 510 1323 obedientiali,
527 1267 578 1308 seu
591 1269 647 1307 aon
660 1249 862 1324 repugnantia,
878 1247 1023 1306 inordina
1037 1247 1075 1306 ad
1088 1266 1204 1306 causam
1218 1247 1341 1323 primam
1356 1246 1477 1307 infinita

256 1328 370 1387 ¹uirtute
383 1336 536 1404 agentem3
558 1327 605 1387 Ita
618 1328 733 1386 nihilum
747 1327 861 1402 dicitur,
886 1328 935 1385 vel
958 1326 1090 1386 absolute
1110 1335 1140 1386 at
1160 1326 1337 1403 simpliciter,
1353 1333 1415 1384 tarn
1429 1347 1478 1386 re-

226 1481 229 1486 ,
263 1415 364 1484 spectu
377 1407 428 1483 aut,
444 1427 531 1484 quam
545 1417 677 1484 respectu
698 1407 818 1483 subjecti,
845 1415 904 1466 tam
928 1406 1116 1466 materialiter
1138 1425 1223 1482 quam
1244 1405 1413 1482 formaliter,
1435 1427 1480 1465 ex

263 1505 321 1580 qno
334 1487 427 1580 prima
441 1487 555 1546 Creatio
569 1485 645 1546 facta
659 1495 711 1580 est,
727 1487 776 1545 vel
789 1489 938 1546 secundum
952 1487 1064 1564 quidet
1078 1485 1245 1579 spontaliter
1258 1485 1317 1545 tale
1337 1495 1479 1564 respecta

261 1563 1277 1726 metttllttlttllttttttttultattalam
1291 1653 1322 1703 a
1335 1653 1477 1722 aream,
1571 1607 1572 1634 ¹

262 1729 290 1784 2.
306 1731 442 1802 tanquam
457 1745 494 1785 ex
512 1727 638 1802 mbjecto,
663 1743 716 1785 ceu
737 1726 879 1803 principio
901 1733 931 1784 at
952 1726 1074 1784 materia
1097 1723 1251 1784 intrinsece
1272 1725 1476 1802 constitutiva,

261 1807 290 1865 3.
304 1825 356 1883 per
369 1807 447 1864 viam
459 1807 668 1882 peneratiom‘e:
690 1806 748 1865 Sed
772 1807 845 1865 bene
867 1805 964 1864 ornnia
987 1804 1123 1864 dicamur
1136 1821 1199 1864 esee
1213 1824 1252 1862 ex
1265 1803 1358 1862 nihilo
1371 1825 1475 1881 super-

260 1887 439 1961 aomraliter,
462 1905 514 1964 per
534 1887 692 1965 potentiam
713 1885 863 1961 infinitam,
889 1893 1026 1962 tanquam
1050 1903 1088 1943 ec
1111 1883 1229 1943 mino
1251 1903 1270 1942 a
1292 1903 1362 1962 quo,
1377 1895 1407 1944 et
1420 1905 1477 1962 per

262 1966 340 2024 riam
355 1967 512 2026 mentione

302 2045 394 2106 VIII.
416 2045 509 2105 Aliud
522 2051 567 2105 est
579 2061 627 2105 res
649 2045 780 2104 visibiles
803 2043 893 2104 factas
915 2061 979 2103 esse
993 2063 1031 2102 ex
1054 2063 1111 2102 aon
1128 2043 1331 2120 appertinentia
1338 2045 1471 2120 pontice,

261 2125 300 2186 id.
316 2147 354 2186 cx
368 2127 454 2186 rebus
468 2125 640 2203 quibusdam
658 2125 870 2200 invisibilibus;
892 2123 985 2182 Aliud
998 2141 1068 2182 vero
1082 2124 1173 2182 factas
1193 2141 1257 2182 csse
1277 2143 1314 2181 ex
1337 2145 1395 2183 noa
1417 2145 1472 2202 ap-

256 2207 422 2282 parentibus
442 2207 576 2282 myctica,
599 2205 638 2266 id.
664 2225 702 2263 ex
723 2203 804 2264 nulla
827 2225 858 2262 re
871 2203 1082 2282 praeexistente.
1104 2203 1273 2280 Apostolus,
1290 2201 1368 2262 Heb.
1383 2205 1427 2262 xi.
1443 2209 1472 2278 3,

259 2286 340 2362 prins
361 2300 420 2344 non
434 2285 512 2358 dicit,
535 2284 586 2344 sed
600 2291 712 2342 tantum
726 2284 877 2362 posteriue,
899 2283 965 2342 ideo
978 2301 1036 2341 non
1050 2284 1091 2342 ait
1104 2289 1136 2348 ιὶς
1148 2288 1176 2342 sl
1191 2283 1216 2340 ia
1228 2285 1263 2359 pl
1277 2285 1424 2358 φακμᾶκι
1437 2289 1474 2343 τὲ

259 2365 403 2440 βλιπδμιιι
416 2365 545 2438 γεγονέναι,
557 2363 640 2440 qnasi
653 2363 705 2421 illa
714 2381 773 2422 uon
786 2363 954 2440 apparentia
962 2362 1114 2424 habuerint
1122 2364 1262 2422 rationem
1276 2363 1401 2441 subjecti
1417 2365 1473 2423 ali·

260 2445 343 2520 cnjus
356 2443 576 2520 praexistentie,
593 2442 644 2500 sed
653 2447 685 2507 a
696 2448 726 2499 sl
739 2445 774 2517 pt
788 2443 815 2500 ‘aa
828 2443 972 2518 puppem
985 2445 1019 2501 cal
1032 2443 1177 2519 ansulfum
1189 2441 1318 2518 mim,
1333 2451 1367 2502 nt
1381 2455 1473 2522 neget
1571 2441 1572 2502 i

260 2523 415 2617 quicqnpm
426 2541 520 2581 rerum
531 2521 714 2616 proquctioni
724 2523 931 2626 praeextitIseep
945 2531 979 2624 pt
987 2520 1066 2626 {dem
1080 2523 1119 2583 sit
1132 2543 1198 2582 cum
1212 2543 1247 2582 eo
1261 2523 1348 2617 quod,
1359 2523 1472 2583 Illae·

260 2601 445 2740 “lillis
456 2600 653 2740 tltlttl
667 2602 1066 2760 zlltltlttlta
1074 2605 1471 2762 lffm'ylffffilll

258 2761 373 2820 termini
387 2760 548 2836 creationis,
564 2760 616 2819 aed
629 2767 761 2838 respectu
774 2762 980 2840 prinpriomm
994 2764 1208 2840 generationis:
1238 2763 1318 2821 Hinc
1332 2763 1407 2822 male
1423 2764 1467 2822 in·

258 2840 342 2917 feras,
354 2841 435 2900 nulla
443 2859 489 2900 res
502 2840 658 2900 resolvitur
671 2841 701 2898 in
716 2841 846 2918 nihilum,
860 2843 940 2920 Ergo
954 2843 1035 2902 nulla
1047 2861 1094 2902 res
1106 2843 1247 2920 producta
1260 2851 1353 2902 estex
1364 2843 1465 2902 nihilo.
1570 2837 1571 2840 '

299 2920 342 2981 X.
365 2921 504 2996 Quamvis
519 2919 632 2980 Greatio
643 2921 788 2998 pomereto
808 2939 1015 2999 nonnunquam
1036 2921 1156 2999 dicatur,
1171 2931 1205 2982 ut
1218 2923 1325 2982 Genea.
1340 2922 1415 2998 ite,
1437 2933 1466 2982 ct

258 2999 333 3060 liber
349 3001 464 3062 oenoe
477 3000 545 3059 inde
559 3019 663 3060 nomen
685 3001 847 3094 sqmpserit,
861 3003 922 3095 lroc¹
937 3003 1128 3096 nonptyet'cc,
1143 3001 1195 3062 aed
1215 3003 1401 3096 petnptynpc
1420 3011 1466 3062 eet

258 3081 655 3237 w
713 3161 1059 3220 m
1084 3163 1463 3222 mn

257 3207 443 3318 negaticnem
457 3239 555 3298 formae
569 3240 599 3298 in
614 3179 745 3318 suffito
758 3181 906 3317 apto,P1?em
920 3183 1096 3318 coeroreain,
1106 3250 1139 3301 ut
1153 3242 1307 3302 terminum
1320 3183 1463 3320 Indum,

258 3323 378 3411 motum,
393 3327 515 3396 tempus,
531 3323 561 3378 et
573 3319 677 3394 locam,
694 3327 723 3379 et
735 3319 769 3379 fit
783 3339 800 3378 a
814 3338 901 3379 cauea
913 3321 1080 3398 particulari
1091 3322 1263 3381 successive.
1307 3320 1365 3380 Sed
1377 3323 1463 3381 (luee-
1541 3362 1548 3376 .

257 3405 307 3472 tro,
323 3399 425 3490 saltem
438 3398 540 3475 prima,
556 3398 701 3492 objectum
717 3415 802 3492 suurn
814 3398 891 3475 facit,
906 3419 964 3459 non
986 3401 1129 3495 eupppnit,
1145 3401 1182 3460 acl
1199 3421 1246 3495 res
1259 3401 1464 3494 immateriales

256 3477 530 3632 {italiana
539 3479 1260 3638 tttstltltttttlttltjlttmltttn
1274 3481 1464 3638 ,4ᾞὲἑὲἓῖ

256 3633 324 3694 licet
338 3635 490 3693 Terminus
506 3635 667 3694 &canonis
680 3637 772 3712 possit
786 3639 873 3696 etiam
890 3639 1016 3716 quodam
1030 3658 1117 3716 sensa
1137 3641 1196 3699 dici
1209 3642 1273 3718 ejas
1287 3641 1461 3720 subjectum,

257 3715 325 3792 quia
339 3715 414 3774 actio
429 3715 466 3773 ad
480 3714 553 3774 illud
567 3714 745 3790 terminatur,
761 3725 790 3775 et
804 3717 834 3774 in
849 3737 883 3776 eo
898 3719 1111 3796 quodammodo
1125 3720 1313 3798 subjectetur.

559 3793 619 3854 XI.
641 3795 756 3854 Creatio
769 3805 866 3874 potest
879 3799 1011 3858 bifariam
1025 3799 1209 3874 considerari,
1222 3801 1280 3859 Vel
1293 3799 1383 3858 actico
1390 3819 1462 3939 qq:-

285 3853 482 3910 ⁰¹⁸⁸fi⁰⁸⁶ffl⁸
516 3880 601 3934 tenue
629 3875 766 3952 competit
788 3877 860 3952 Deo,
886 3885 915 3936 et
937 3879 979 3937 eic
1001 3897 1059 3938 non
1083 3879 1266 3957 estquidam
1279 3877 1382 3938 volitio

254 3953 381 4028 practica
394 3953 560 4028 formaliter,
572 3953 641 4032 quia
654 3955 691 4013 ab
705 3973 740 4014 ea
752 3961 890 4033 tanquam
904 3957 941 4016 ab
955 3958 1122 4018 Immediato
1136 3979 1189 4018 suo
1199 3959 1341 4036 prIncipio
1352 3959 1460 4032 oritur3

255 4032 307 4091 eccl
331 4039 376 4092 cet
397 4035 473 4093 actio
497 4035 639 4093 transiens
664 4035 729 4109 Dei,
744 4053 796 4112 per
818 4055 906 4114 quam
928 4038 1014 4096 rebus
1035 4039 1141 4098 creatis
1164 4039 1275 4098 confert
1297 4059 1380 4114 esse3
1404 4039 1462 4098 Vel

404 4171 410 4186 ,
511 4115 632 4190 passive,
647 4121 790 4191 qnatenus
814 4116 950 4176 convenit
974 4127 1112 4177 creaturae
1136 4138 1153 4177 a
1177 4137 1236 4178 non
1256 4135 1320 4178 esse
1341 4117 1380 4178 ad
1396 4137 1460 4178 ecee

311 4174 451 4230 ‘mm‘
516 4195 684 4270 transcunti,
700 4213 758 4252 non
779 4213 831 4272 per
851 4196 1040 4256 mutationem
1061 4199 1175 4276 proprie
1197 4198 1394 4274 dictamque
1416 4207 1461 4257 est

252 4269 392 4329 transitus
407 4271 530 4350 subjecti
552 4273 763 4350 praeexistentia
777 4275 815 4333 ab
835 4295 895 4334 uno
908 4277 1031 4335 termino
1053 4277 1084 4335 in
1106 4278 1203 4352 alium,
1227 4277 1279 4337 scd
1292 4297 1345 4355 per
1365 4287 1458 4336 muta-

251 4347 360 4407 tionem
374 4366 554 4410 communem
569 4361 598 4412 et
621 4354 794 4430 generalem,
809 4370 874 4431 quae
895 4353 982 4415 infert
1004 4358 1234 4436 qualemcunque
1255 4356 1297 4415 rei
1318 4357 1458 4434 inceptio·

252 4481 306 4526 quo
350 4469 494 4518 fundamen·

280 4529 333 4570 aum
339 4527 494 4574 attention.
514 4511 690 4587 Orsaturam,
705 4531 770 4588 quae
790 4513 860 4572 licet
872 4515 945 4572 nilril
966 4514 1003 4573 de
1022 4535 1101 4575 novo
1121 4515 1210 4575 addat
1224 4515 1296 4591 Deo,
1313 4515 1459 4575 redoleat

280 4581 492 4634 mmmmm*
512 4595 623 4648 tantum
637 4590 836 4650 habitudinem
857 4594 1049 4654 extrinsecam
1071 4596 1109 4655 ad
1129 4601 1297 4672 creaturam,
1313 4603 1392 4655 recte
1414 4603 1456 4654 ta-

279 4637 417 4686 cmm
511 4684 577 4726 men
590 4677 712 4730 vocatum
724 4673 819 4749 realia,
829 4679 890 4733 tom
899 4675 968 4753 qnia
976 4683 1109 4736 versam
1121 4675 1197 4736 inter
1206 4683 1337 4736 exmema
1347 4675 1456 4770 realiar

514 4446 589 4490 nem.
641 4431 726 4492 Unde
741 4435 832 4493 oritur
852 4435 962 4511 relatio,
977 4453 1043 4513 quae
1057 4437 1209 4496 intercedit
1222 4437 1297 4496 inter
1312 4435 1407 4495 Deam
1429 4445 1460 4495 et
1563 4493 1564 4504 ,
