3174 5174
15 2721 17 2842 i

15 2915 17 2998 r

101 397 209 448 cursu.
223 373 281 458 rm]
575 387 616 436 tm
631 395 767 439 arescis.
1238 383 1295 445 607

103 561 164 618 quse
176 537 333 598 ministerio
349 536 529 614 Angelorum
550 538 657 598 tradita
675 539 776 615 fuerat,
798 560 817 598 a
836 559 894 617 qua
911 540 1090 601 Christianos
1104 541 1213 603 Paulus
1234 546 1298 604 vult

105 639 241 678 revocare.
271 619 307 676 R.
326 620 352 675 1.
368 618 443 692 Quia
457 618 565 675 Paulus
578 618 706 695 loquitur
720 620 755 678 de
767 619 847 679 cultu
860 621 1032 696 voluntario,
1044 623 1123 699 quod
1136 623 1173 682 ad
1188 625 1297 702 Legem

104 700 263 772 Moesicam,
279 718 346 774 quae
361 697 455 756 Deum
469 697 618 756 authorem
640 699 735 774 habet,
750 699 850 758 referri
862 701 972 778 nequit.
1013 706 1041 759 2.
1057 701 1131 776 Quia
1151 703 1297 763 inauditus

103 788 145 838 est
157 779 234 836 uocis
248 779 333 836 istius
346 797 417 836 usus
430 777 461 834 iu
477 777 632 854 Scriptura,
647 779 761 855 quoties
774 780 850 837 enim
864 787 983 858 usurpat
996 801 1101 840 nornen
1114 783 1253 864 bernabe,
1265 793 1298 843 ut

103 859 169 917 Act.
181 858 261 916 xxvi.
278 859 305 933 5,
328 858 394 917 Jac.
409 857 429 916 i.
444 859 492 931 26,
517 857 631 934 Sapien.
646 859 707 917 xiv.
723 863 771 933 27,
787 859 835 918 vel
850 860 994 937 siguificat
1013 862 1122 920 cultum
1142 863 1179 920 ab
1200 864 1297 940 ulique

101 939 148 996 vel
161 937 243 996 alicui
257 936 394 1000 delatum.
437 935 480 995 At
493 935 540 994 hic
554 937 642 1013 priori
657 957 742 996 sensu
757 959 815 997 nou
828 947 924 1017 potest
942 941 1025 1016 sumi,
1041 961 1110 1018 ergo
1125 942 1220 1001 cultus
1234 943 1297 1001 Au·

103 1018 172 1094 gelis
185 1017 333 1076 exhibitus
346 1015 472 1094 intelligi
486 1015 580 1074 debet.
610 1021 638 1076 2.
654 1017 720 1076 Non
735 1019 865 1077 damnari
879 1019 1059 1096 Angelorum
1073 1022 1296 1098 venerationem,

103 1097 223 1155 sedeam
238 1115 304 1173 quse
319 1097 383 1154 Deo
396 1095 512 1173 propria
532 1105 584 1171 est,
599 1096 647 1155 vel
669 1117 733 1174 quae
754 1099 881 1157 defertur
895 1097 1028 1176 Angelis,
1052 1101 1158 1160 omisso
1173 1101 1296 1178 Christo,

103 1177 167 1253 quia
179 1176 313 1234 dicuutur
326 1197 382 1234 uon
396 1177 516 1234 retinere
532 1175 634 1252 eaput,
650 1177 697 1235 vel
718 1197 782 1254 quse
797 1177 935 1237 referatur
955 1179 993 1236 od
1012 1180 1166 1258 Magorum
1187 1183 1298 1259 praesti·

103 1257 170 1332 gius,
184 1264 213 1315 et
225 1256 322 1315 cultus
344 1255 566 1332 superstitiosos.
609 1256 645 1314 R.
667 1257 741 1331 Quia
766 1258 874 1317 Paulus
899 1257 1016 1317 damnat
1036 1279 1149 1318 omnem
1168 1263 1299 1342 Aginati

103 1336 277 1412 Angelorum
299 1336 439 1410 absolute,
455 1355 513 1392 nou
534 1355 598 1412 quae
620 1335 778 1395 deferretur
791 1337 870 1415 ipsis,
885 1345 918 1396 ut
939 1358 1051 1397 summo
1073 1339 1144 1416 Dee,
1161 1343 1298 1418 Angelici

103 1415 174 1472 euim
186 1415 396 1492 profitebantur
409 1435 440 1474 se
456 1415 549 1473 Deum
573 1435 738 1491 agnoscere,
754 1417 806 1475 sed
825 1425 858 1476 ut
879 1417 1097 1492 Mediatoribus,
1117 1420 1299 1480 inferioribus

104 1495 171 1571 Deo,
186 1495 234 1572 qui
257 1495 323 1554 ideo
347 1495 483 1553 dicuntur
504 1515 562 1553 non
582 1496 704 1554 retinere
719 1495 820 1573 Caput,
842 1516 900 1553 uon
919 1497 997 1574 quod
1012 1497 1157 1557 Christum
1181 1519 1299 1578 prorsus

103 1575 286 1650 secluderent,
302 1575 354 1633 sed
368 1574 447 1652 quod
457 1594 522 1633 eum
536 1573 697 1652 profitendo
707 1574 790 1634 factis
802 1577 985 1654 abnegarent,
997 1577 1075 1635 aliud
1086 1587 1190 1654 praeter
1203 1580 1298 1657 ipsum
1388 1583 1392 1590 '

104 1654 272 1714 adorationis
286 1654 432 1732 objectum
447 1655 662 1729 constituentes,
676 1663 710 1713 ut
725 1655 972 1733 pseudoapostoli,
988 1657 1037 1734 qui
1051 1657 1298 1718 circumcisionem

107 1734 248 1810 urgebant,
265 1734 401 1794 dicunurr
414 1733 557 1792 excidisse
574 1754 592 1791 a
606 1733 729 1810 Christe,
752 1735 848 1794 Galat.
864 1756 892 1794 v.
908 1740 936 1811 4,
961 1737 1029 1795 licet
1044 1737 1188 1799 Christum
1204 1739 1298 1799 adbuc

121 1813 307 1873 rofitcreutur.

103 1835 120 1891 P
259 1948 265 1960 ,
399 1894 489 1952 XVI.
525 1893 667 1970 Secundo,
684 1893 757 1969 Quis
772 1894 905 1973 Angelus
919 1897 1028 1956 cultum
1053 1896 1140 1957 istum
1155 1899 1295 1976 repudiat,

102 1948 123 1991 ²
133 1948 336 2052 “gffl'iffi'm
358 1973 480 2051 Apocal.
495 1974 557 2032 xix.
575 1977 619 2048 10,
636 1983 665 2032 et
678 1975 751 2033 xxii.
766 1977 794 2034 9.
837 1975 908 2034 Cum
919 1976 1070 2036 Johanues
1080 1977 1118 2035 ad
1131 1978 1220 2054 pedes
1234 1979 1298 2055 ejus

357 2054 543 2130 procumbere
557 2054 654 2130 vellet,
671 2054 804 2132 Angelus
818 2055 914 2114 statim
929 2055 1083 2133 adipsum,
1105 2059 1181 2132 Vide,
1194 2058 1296 2134 iuquit,

102 2135 241 2209 ursacius,
251 2134 355 2192 Adora
368 2136 462 2192 Deum
470 2157 483 2207 ,⁰
496 2134 653 2194 Censes-uus
667 2143 729 2192 tuus
742 2155 811 2208 sum,
827 2137 989 2209 etfratrum
1004 2145 1123 2194 morum.
1166 2137 1226 2195 Nec
1238 2137 1296 2196 dici

100 2221 191 2289 potest
204 2213 355 2292 Angelum
369 2233 516 2272 recusasse
531 2214 612 2272 illum
633 2214 742 2272 cultum
755 2222 867 2273 tantum
887 2214 1036 2274 modestiae
1050 2236 1145 2292 causa,
1161 2226 1190 2276 et
1204 2217 1298 2276 aulico

100 2312 182 2368 more,
196 2301 230 2352 ut
243 2294 368 2351 Lerisus
388 2302 417 2352 et
430 2294 527 2351 Estius
540 2294 650 2369 volunt,
666 2293 766 2352 veleb
786 2295 916 2371 mysterii
935 2295 1145 2354 lucamstiouis
1163 2315 1297 2356 reveren-

100 2373 173 2447 tiam,
189 2374 239 2431 vel
252 2373 290 2431 ob
304 2373 402 2430 lumen
417 2373 629 2450 Propheticum,
645 2383 673 2432 et
697 2374 894 2433 Sacerdotium
911 2375 989 2451 quod
1010 2375 1040 2432 iu
1054 2375 1076 2435 J
1077 2376 1189 2434 ohanne
1204 2377 1297 2454 suspi-

99 2453 208 2527 ciebat:
232 2453 306 2527 Quia
320 2452 429 2529 duplex
442 2453 524 2528 ratio,
540 2473 626 2530 quam
641 2453 723 2512 affert
734 2453 868 2530 Angelus
882 2474 899 2512 a
912 2453 1049 2531 legitimae
1060 2455 1235 2516 adorationis
1246 2457 1297 2515 ob·

96 2533 179 2610 jecto,
195 2540 225 2591 et
239 2533 276 2590 ab
290 2531 381 2611 ipsius
394 2533 561 2608 ministerio,
577 2533 734 2592 vanitatem
757 2542 924 2594 caeteraruru
938 2535 1008 2593 satis
1022 2535 1149 2595 evincit:
1170 2545 1200 2594 et
1213 2537 1298 2596 docet

100 2611 245 2690 Angelum
259 2633 317 2670 non
331 2613 475 2689 respuisse
489 2621 601 2672 tantum
616 2613 773 2672 secundum
787 2613 858 2690 quid
872 2615 981 2673 cultum
1002 2615 1057 2673 sibi
1071 2615 1143 2674 alias
1157 2615 1295 2692 debitum,

100 2692 148 2751 sed
161 2692 294 2751 absolute
308 2691 523 2768 utindebitum,
540 2701 569 2751 et
583 2693 637 2751 soli
653 2694 715 2752 Dec
736 2693 930 2753 deferendum.
973 2694 1045 2768 Quis
1059 2714 1128 2754 vero
1142 2696 1215 2755 ferat
1229 2695 1297 2754 Bel-

98 2772 147 2830 lar.
162 2780 192 2830 et
207 2772 330 2846 Estium,
341 2773 390 2848 qui
405 2772 515 2846 volunt,
528 2791 586 2830 non
596 2791 680 2849 posse
689 2773 859 2851 reprehendi
870 2774 919 2850 qui
931 2773 1046 2850 faciunt,
1059 2774 1138 2850 quod
1146 2776 1167 2836 J
1170 2777 1298 2835 ohannes

99 2851 172 2927 lecit,
188 2851 259 2928 quia
271 2860 304 2910 ut
321 2852 429 2928 Spiritu
443 2851 543 2910 divino
556 2853 659 2930 plenus
680 2852 741 2926 fuit,
756 2872 815 2912 non
837 2853 975 2928 suspicari
989 2853 1057 2912 licet
1071 2873 1145 2928 curn,
1161 2864 1211 2914 aut
1224 2855 1297 2913 obli·

98 2931 219 3007 viosum,
235 2939 285 2989 aut
299 2931 452 2990 indocilem
467 2931 573 3006 fuisse;
596 2931 654 2990 imo
663 2932 770 2990 factum
777 2933 880 2990 merito
889 2931 1023 2990 omnibus
1033 2953 1095 2990 esse
1106 2933 1298 2993 imitandum?

99 3011 210 3069 Namsi
234 3021 311 3069 recte
336 3010 403 3070 lecit
424 3011 576 3070 Johaunes
600 3010 723 3070 adoram
737 3009 893 3087 Angelum,
911 3011 990 3087 Ergo
1008 3011 1139 3087 peccavit
1154 3012 1296 3088 Angelus,

98 3091 205 3150 cultum
220 3089 303 3148 illum
318 3099 350 3149 ut
364 3091 496 3150 illicitum
517 3090 683 3167 rejiciendo.
726 3089 786 3148 Nec
807 3090 911 3162 obstet,
927 3089 1004 3166 quod
1021 3089 1172 3149 Johunncs
1188 3092 1297 3167 Spiritu

97 3171 195 3228 divine
209 3170 313 3248 plenus
327 3171 459 3246 ignorare
473 3190 531 3228 non
551 3170 646 3247 potuit
665 3170 721 3227 hoc
734 3168 867 3227 illicitum
888 3187 959 3242 esse,
975 3169 1043 3245 quis
1066 3169 1190 3247 Spiritus
1211 3169 1299 3230 dabat

15 3239 16 3256 ³
98 3249 332 3310 infallibilitatem
356 3251 387 3308 in
412 3250 542 3309 doctriua
566 3257 595 3308 et
619 3249 724 3324 verbis,
751 3248 884 3306 sednon
909 3247 1005 3307 statim
1029 3248 1060 3305 in
1073 3247 1135 3306 vita
1155 3256 1184 3307 et
1203 3250 1296 3326 praxi.

99 3329 237 3404 Quamvis
252 3348 321 3407 ergo
336 3337 522 3406 cognosceret
542 3329 698 3388 theoretice
713 3326 846 3405 Angelos
866 3347 924 3386 nou
941 3346 1004 3386 esse
1018 3327 1189 3404 adorandos,
1204 3329 1299 3406 potuit

98 3417 193 3467 tamen
207 3427 245 3466 ex
260 3408 348 3466 animi
367 3408 581 3486 perturbatione
600 3417 663 3468 orta
683 3407 721 3466 ad
735 3415 918 3485 conspectum
933 3407 1052 3485 Angeli,
1067 3407 1103 3466 ab
1124 3407 1175 3466 illa
1189 3408 1299 3468 theoria

98 3487 128 3544 iu
141 3507 194 3546 sua
207 3487 292 3565 praxi
306 3487 466 3564 deflectere,
482 3497 512 3547 et
525 3507 687 3547 mensuram
702 3487 841 3546 excedere
852 3487 1009 3562 inhonore,
1021 3507 1107 3564 quem
1121 3488 1148 3546 ei
1161 3488 1298 3548 exhibere

97 3566 222 3642 volebat,
232 3567 344 3643 utquid
357 3567 464 3626 iaceret
478 3587 536 3626 nou
550 3569 620 3626 satis
634 3567 811 3643 attenderet;
825 3575 859 3628 ut
872 3567 965 3626 simile
976 3566 1047 3644 quid
1057 3567 1213 3645 contigisse
1226 3569 1299 3646 legi-

98 3655 145 3704 tur
158 3645 293 3704 Cornelio
318 3667 387 3724 erge
401 3648 527 3722 Petrum,
544 3648 611 3706 Act.
630 3668 661 3706 x.
676 3649 724 3720 26,
746 3648 797 3725 qui
820 3647 921 3706 eedem
941 3647 1051 3706 ratione
1076 3647 1185 3706 cultum
1206 3648 1262 3706 sibi
1282 3669 1301 3708 a

99 3725 232 3784 Cornelio
257 3726 385 3785 oblatum
410 3727 527 3804 respuit.
580 3727 646 3784 Non
670 3726 849 3786 incommode
873 3726 990 3804 quidam
1011 3726 1114 3784 volunt
1133 3726 1299 3785 Johannem

99 3805 192 3882 magis
205 3823 317 3863 errasse
331 3805 362 3862 in
373 3809 455 3882 sacto
469 3813 498 3865 et
512 3825 648 3883 peremto,
664 3823 750 3882 quam
763 3807 794 3862 in
807 3809 884 3881 jure,
899 3805 1027 3882 putando
1042 3803 1190 3880 Angelum
1211 3806 1298 3863 istum

98 3903 155 3941 uon
178 3883 269 3943 fuisse
284 3882 432 3961 Angelum
456 3895 592 3960 creatum,
617 3884 668 3943 sed
690 3885 856 3958 increatum,
880 3884 927 3942 cui
949 3883 998 3940 ille
1021 3881 1116 3940 cultus
1137 3882 1298 3942 deberetur.

100 3963 185 4023 Unde
200 3962 335 4040 Angelus
349 3985 414 4023 eum
435 3965 562 4024 instituit
581 3963 617 4022 de
632 3982 684 4020 sua
707 3969 810 4020 natura
830 3969 859 4020 et
872 3961 1045 4036 conditione,
1060 3980 1096 4019 ne
1111 3980 1212 4020 servus
1233 3981 1299 4021 cum

99 4051 181 4118 esset,
196 4061 251 4120 pro
266 4043 392 4104 Domino
406 4043 551 4104 communi
564 4043 714 4118 utriusque
728 4049 896 4099 sumeretur.
1203 4055 1209 4062 ·

259 4173 265 4186 .
421 4124 530 4182 XVII.
551 4122 657 4196 Tertio,
674 4120 749 4194 Quia
763 4119 911 4197 Scriptura
925 4119 979 4178 soli
988 4120 1052 4178 Dco
1065 4117 1175 4178 cultum
1183 4119 1298 4196 religio·

99 4171 119 4219 ³⁸
129 4189 159 4220 ⁰¹
171 4173 247 4219 Μ’
257 4187 290 4218 rv.
300 4171 336 4218 1⁰⁸
360 4223 423 4262 sum
434 4202 572 4277 vindicat,
584 4201 738 4260 Dominum
746 4201 841 4257 Deum
849 4208 926 4257 mum
939 4200 1072 4258 adorabis
1086 4208 1113 4257 et
1126 4199 1168 4256 illi
1179 4200 1233 4258 soli
1240 4219 1300 4259 ser·

17 4309 19 4312 ·
98 4285 160 4361 oica,
183 4285 270 4345 Matt.
285 4284 325 4344 iv.
343 4287 388 4358 10,
404 4281 483 4360 quod
491 4283 599 4360 petitur
612 4299 649 4340 ex
665 4281 752 4338 Deut.
765 4278 805 4337 vi.
823 4281 868 4353 13,
881 4286 948 4337 etx.
963 4280 1011 4352 20,
1026 4277 1076 4337 ubi
1086 4277 1155 4336 licet
1165 4297 1301 4355 expresse

99 4381 155 4424 nou
175 4365 319 4424 habeatur
337 4383 399 4421 vox
418 4363 479 4434 coli,
500 4361 662 4420 necessario
675 4367 772 4418 tamen
786 4357 950 4432 includitur,
972 4366 1005 4416 ut
1021 4358 1159 4417 Servator
1172 4359 1300 4435 exponit.

100 4444 222 4504 Frustra
243 4451 398 4502 occurrunt
421 4439 600 4516 Adversarii,
624 4441 740 4520 negaba
760 4437 808 4498 hic
829 4439 922 4497 solum
944 4437 1007 4496 Deo
1036 4437 1221 4514 appropriari,
1243 4457 1301 4497 non

100 4521 215 4598 isaacio,
232 4543 319 4600 quam
333 4521 406 4580 nihil
419 4521 515 4579 obstet
529 4519 680 4579 Goelitibus
694 4519 781 4578 etiarn
794 4516 1007 4577 communicari.
1049 4516 1123 4591 Quia
1142 4517 1230 4575 Satan
1244 4537 1302 4578 non

100 4605 170 4681 petit
184 4605 309 4683 ansgotus,
326 4599 378 4661 scd
391 4607 504 4659 tantum
518 4597 683 4680 semissen,
694 4619 746 4656 nec
760 4599 820 4656 ulla
833 4595 943 4662 lwau'ae
953 4596 1001 4654 hic
1011 4595 1044 4655 fit
1051 4595 1169 4655 mentio.
1192 4597 1304 4659 Deinde

101 4683 201 4742 fictitia
214 4693 260 4742 est
274 4691 303 4741 et
317 4680 411 4739 inanis
424 4679 580 4754 distinctio,
597 4699 661 4737 curn
676 4687 735 4736 tam
749 4678 827 4755 apud
841 4695 937 4738 sacros
952 4695 1037 4754 quarn
1058 4673 1193 4755 profanos
1209 4676 1305 4757 Scrip-
