3250 5176
163 311 276 366 aunsr.
292 293 350 376 nu]
669 315 708 356 nn
722 313 864 360 saccaro.
1311 301 1368 360 557

163 453 343 517 diversarum
363 460 547 533 peecatorum
567 451 598 514 in
618 452 743 516 nivosis
762 455 893 534 personis
911 453 1106 533 existentium,
1121 456 1171 516 vel
1191 457 1227 516 de
1247 457 1370 534 paritate

163 535 237 594 inter
251 535 367 594 diversa
379 544 500 613 peccate
512 535 623 595 ratione
636 555 738 612 poense,
754 544 804 594 aut
817 544 923 596 reatus.
961 536 1020 595 Sed
1033 537 1180 614 quaritur,
1195 535 1246 596 An
1260 539 1374 598 actuale

163 624 313 692 pecodum
328 615 437 674 Adami
449 615 492 674 ita
504 615 638 674 omnibus
652 615 747 693 reipsa
760 615 926 692 imputetur,
941 624 974 674 ut
987 625 1104 694 propter
1123 618 1197 676 illud
1216 637 1316 678 omnes
1329 619 1373 678 rei

163 704 342 770 censeantur,
358 705 387 756 et
397 696 447 756 vel
459 715 560 773 poenas
574 695 651 771 dent,
667 696 716 755 vel
730 696 833 754 saltem
846 695 940 772 poenis
954 695 1036 773 digni
1050 696 1259 758 existimentur.

205 773 248 834 X.
273 777 428 852 Imputatia
448 775 498 834 vel
518 775 627 835 estrei
647 776 755 850 atiena,
778 776 828 834 vel
845 775 997 852 proprin;
1022 775 1190 853 Aliquando
1215 779 1373 856 imputatur

165 857 249 918 nobis
261 857 294 916 id
307 857 387 934 qnod
399 863 530 918 noenum
545 863 589 916 est
609 855 809 933 personaliter,
824 874 882 932 qua
903 875 990 916 sensu
1010 856 1091 916 Deus
1112 857 1234 934 imputat
1255 869 1374 936 peccata

165 937 373 1017 peccatoribus,
388 956 462 1014 quos
482 944 599 1014 propter
619 935 735 1013 propria
749 935 869 996 crimina
882 934 974 1013 punit,
991 944 1020 996 et
1038 936 1069 994 in
1083 935 1167 996 bonis
1182 937 1287 996 dicitur
1300 942 1374 997 zetas

165 1020 280 1078 Phinea
301 1018 344 1076 itti
362 1017 513 1093 imputatus
532 1019 574 1076 ad
585 1016 736 1092 justiniam,
759 1015 836 1076 Psnl.
859 1017 916 1075 cri.
938 1018 996 1092 31;
1025 1015 1193 1094 Aliquando
1215 1017 1374 1095 imputatur

165 1099 197 1164 id
211 1097 290 1178 quad
304 1105 349 1156 est
362 1105 447 1156 extra
458 1115 520 1172 nos,
536 1115 589 1154 nec
604 1116 622 1154 a
635 1096 720 1156 nobis
733 1105 778 1156 est
791 1096 961 1173 praestitum,
974 1095 1120 1174 quomodo
1131 1096 1152 1158 J
1155 1097 1254 1156 ustitia
1266 1097 1375 1158 Christi

167 1179 275 1241 dicitur
294 1178 379 1238 nobis
401 1175 545 1254 imputari,
567 1183 597 1236 et
619 1184 738 1254 peccata
751 1185 850 1236 nosne
871 1176 928 1253 ipsi
949 1177 1137 1254 imputantur,
1152 1176 1222 1237 licet
1235 1197 1289 1237 neo
1311 1179 1374 1257 ipse

165 1267 318 1338 peccatum
331 1258 361 1316 in
375 1277 407 1318 se
421 1257 534 1331 habeat,
549 1275 603 1316 nee
617 1275 670 1315 nos
688 1256 843 1334 justitiam.
885 1257 945 1316 Hic
958 1277 1028 1316 vero
1048 1257 1145 1334 agitur
1159 1257 1195 1315 de
1209 1257 1266 1318 ista
1279 1259 1374 1336 impu·

166 1340 286 1478 tuitione,
304 1358 364 1398 non
378 1336 415 1396 de
435 1337 495 1413 illa,
509 1335 578 1414 quia
598 1336 695 1414 agitur
715 1336 752 1396 de
773 1345 892 1416 peccato
913 1337 951 1396 ab
965 1335 1082 1396 Adamo
1103 1337 1268 1415 commissa,
1284 1359 1343 1398 non
1356 1359 1376 1398 a

165 1439 205 1482 na
225 1439 259 1479 rs.

205 1498 266 1558 XI.
289 1496 412 1573 Quando
426 1505 523 1556 autem
536 1505 687 1574 peccatum
708 1495 827 1558 alterius
846 1495 983 1573 imputari
1005 1495 1111 1556 dicitur
1131 1496 1226 1573 alicui,
1249 1517 1308 1557 non
1329 1507 1374 1559 est

166 1579 388 1657 intelligendum
401 1587 554 1656 peccatum
566 1577 646 1654 quod
660 1575 830 1653 simpliciter
854 1583 883 1634 et
897 1577 977 1634 omni
996 1576 1084 1634 mado
1105 1577 1143 1636 sit
1164 1577 1299 1654 alienum,
1322 1578 1375 1639 sed

166 1660 246 1738 quod
259 1659 357 1737 aliqua
369 1657 480 1718 ratione
494 1657 532 1716 ad
546 1677 612 1718 eum
625 1656 760 1735 pertinet,
776 1657 823 1716 cui
836 1655 973 1734 imputari
987 1655 1102 1732 dicitur,
1123 1656 1148 1716 si
1168 1676 1228 1716 non
1248 1659 1372 1736 proprie,

166 1739 358 1818 singulariter,
381 1747 411 1798 et
430 1738 628 1814 patmum,
651 1745 681 1796 et
705 1738 894 1812 communiter,
915 1745 1034 1814 propter
1055 1737 1287 1798 communionem
1307 1759 1373 1816 quas

165 1820 210 1878 illi
222 1817 376 1878 intercedit
389 1838 455 1877 cnm
468 1817 584 1896 proprio
599 1818 663 1896 ejus
677 1817 815 1877 authore:
838 1815 920 1876 Nulli
934 1815 1010 1875 enim
1025 1825 1122 1894 potest
1136 1817 1199 1876 dari
1220 1818 1373 1896 imputatio

165 1900 278 1978 peccati
291 1899 386 1975 alieni,
401 1898 457 1960 nisi
481 1899 578 1976 posita
597 1897 737 1975 peculiari
758 1897 857 1975 aliqua
877 1896 965 1956 unius
987 1916 1053 1956 curn
1077 1897 1136 1956 alio
1160 1899 1372 1977 conjunctione.

168 1979 332 2042 Communia
346 1987 442 2040 autem
456 1977 508 2038 illa
520 1977 628 2055 triplex
641 1985 738 2056 potest
751 1997 824 2053 esse,
842 1979 868 2036 1.
883 1977 1033 2052 naturalis,
1048 1977 1144 2054 qualis
1158 1986 1203 2036 est
1221 1978 1296 2038 inter
1318 1979 1373 2038 Pa·

164 2069 238 2120 trem
251 2069 281 2120 et
302 2059 419 2134 liberos,
443 2062 471 2120 2.
486 2059 603 2118 moralia
624 2066 654 2117 et
670 2058 800 2134 politica,
825 2057 920 2135 qualis
944 2057 1019 2116 inter
1042 2057 1155 2134 Regem
1178 2065 1207 2117 et
1230 2058 1372 2135 subditos,

165 2144 193 2204 3.
202 2140 372 2216 manarate,
381 2139 476 2218 qualis
490 2138 566 2198 inter
579 2138 696 2214 amicos,
709 2146 738 2197 et
752 2137 827 2198 inter
840 2157 921 2198 reum
935 2145 966 2196 et
981 2137 1172 2215 Sponsorem:
1188 2137 1287 2215 Atque
1301 2139 1371 2198 hino

164 2229 245 2299 patet
257 2219 476 2280 fundamentum
490 2218 616 2296 duplicis
628 2218 829 2296 imputationis
842 2218 918 2277 inter
932 2217 1079 2278 Christum
1093 2225 1123 2276 et
1143 2237 1205 2292 nos,
1227 2237 1285 2295 qna
1305 2239 1373 2296 pec·

165 2308 230 2362 cata
242 2309 341 2362 nostra
353 2299 410 2380 ipsi
423 2300 565 2378 imputata
578 2306 655 2374 sunt,
674 2307 704 2360 et
724 2298 789 2377 ejus
809 2298 932 2359 Justitia
952 2297 1037 2358 nobis
1051 2297 1181 2356 vicissim
1203 2298 1371 2376 imputatur,

165 2385 183 2442 2
199 2381 264 2441 Cor.
278 2402 307 2442 v.
323 2384 371 2442 21.
413 2381 475 2440 Nos
499 2379 547 2438 hio
560 2387 736 2458 postremam
750 2379 982 2438 communionem
996 2398 1054 2438 non
1068 2378 1254 2454 attendimus,
1269 2379 1300 2437 in
1314 2398 1373 2457 qua

163 2461 287 2522 fatemur
299 2459 493 2522 necessarium
508 2479 571 2522 esse
586 2479 759 2520 consensum
779 2460 929 2537 praevium,
952 2458 1004 2518 sed
1024 2467 1138 2518 tantum
1158 2457 1232 2518 duas
1252 2459 1371 2538 priores,

163 2542 313 2620 inquibus
327 2561 386 2602 non
396 2561 514 2602 necesse
529 2549 582 2616 eet,
597 2548 630 2601 ut
639 2541 721 2618 justa
735 2539 773 2600 sit
786 2539 948 2618 imputatio,
963 2546 996 2599 ut
1009 2539 1061 2616 qui
1073 2557 1190 2618 poenam
1203 2540 1316 2617 peccati
1329 2541 1371 2600 al·

165 2623 255 2682 terius
270 2621 401 2698 sustinet,
417 2622 447 2680 in
461 2620 535 2680 illud
549 2621 598 2681 vel
610 2620 773 2681 consentiat
786 2621 946 2696 actualiter,
957 2619 1007 2678 vel
1016 2619 1173 2698 aliquando
1184 2621 1372 2682 consenserit.

165 2703 299 2762 Adamas
313 2702 390 2762 enim
404 2701 515 2779 duplici
526 2701 583 2760 isto
596 2702 706 2762 ahaua
719 2701 870 2762 nobiscum
881 2701 1002 2778 junctus
1016 2708 1074 2776 est;
1100 2703 1126 2759 1.
1137 2701 1286 2776 Naturali,
1300 2721 1371 2778 qua·

164 2791 250 2844 tenus
262 2783 350 2840 Pater
363 2787 417 2855 est,
431 2792 461 2840 et
474 2800 528 2839 nos
542 2779 606 2857 ejus
620 2781 687 2858 filii;
710 2785 738 2840 2.
752 2782 871 2874 l'olr'tiaa
885 2781 1046 2874 auferenti,
1058 2789 1202 2873 quatenus
1216 2779 1272 2840 fnit
1286 2781 1370 2840 Prin-

164 2883 235 3004 iipi
250 2859 1094 3020 tiphis?Pfflttttttttthttlffl
1112 2859 1370 3016 qiiniiiiinii

166 3023 196 3084 A
264 3043 283 3082 o
296 3019 457 3096 intercedit,
473 3017 546 3078 alias
560 3019 657 3078 omnia
670 3018 762 3096 ipsius
775 3027 895 3096 macuta
907 3018 1047 3078 deberent
1059 3017 1144 3078 nabis
1158 3019 1301 3096 imputari,
1318 3020 1371 3080 sed

165 3103 309 3183 praecipue
323 3099 440 3160 maan
455 3099 648 3174 etsoederaiis,
663 3118 715 3175 per
728 3117 814 3176 quarn
834 3098 1009 3175 factumest,
1025 3107 1057 3158 ut
1073 3099 1154 3157 Deus
1168 3117 1233 3158 curn
1254 3098 1314 3175 illo,
1336 3109 1371 3160 ut

165 3205 231 3244 curn
244 3191 344 3243 nostro
360 3179 468 3258 Capite,
484 3179 579 3238 foedus
592 3178 744 3256 pepigerit.
776 3178 862 3238 Unde
877 3177 1010 3238 Adamas
1021 3197 1051 3236 se
1064 3177 1167 3236 habuit
1188 3178 1218 3236 in
1237 3179 1287 3238 illo
1301 3201 1369 3258 pec·

165 3273 238 3342 cata,
253 3283 313 3324 non
326 3269 359 3322 ut
368 3281 495 3339 percaeca
503 3260 631 3336 privam,
647 3257 699 3318 sed
712 3265 745 3318 ut
753 3259 869 3334 pasta
882 3267 911 3318 et
931 3259 1163 3334 repraesentativa
1182 3278 1247 3335 qum
1268 3279 1370 3322 omncs

165 3365 233 3408 snos
246 3352 378 3424 posteros
391 3343 422 3402 in
436 3341 549 3402 achone
572 3339 624 3398 ille
644 3339 871 3418 representavit,
893 3339 977 3416 cujus
997 3337 1118 3417 proinde
1138 3338 1309 3399 demeritum
1330 3341 1369 3400 ad

163 3431 495 3566 0mllelslielrlttmriiinmus
509 3508 586 3561 esset
600 3519 724 3578 persona
737 3499 853 3579 publiea
866 3506 896 3560 et
908 3499 1152 3578 representative,
1168 3519 1227 3560 nan
1247 3521 1367 3562 necesse

46 3607 50 3614 ·
163 3586 226 3664 fuit,
242 3595 275 3646 ut
288 3604 393 3644 munus
406 3582 512 3644 illude
529 3581 614 3645 nobis
634 3581 691 3660 ipsi
710 3579 939 3657 demandaretur,
955 3589 988 3640 ut
1007 3589 1067 3640 tam
1087 3589 1186 3640 nostro
1206 3600 1293 3659 qnam
1315 3603 1369 3643 suo

163 3667 280 3728 nomine
294 3672 411 3742 ageret3
427 3662 532 3724 sufficit
546 3661 743 3722 intercessisse
750 3661 942 3740 justissimam
957 3661 1013 3720 Dei
1033 3659 1243 3720 ordinationem
1264 3682 1365 3722 secun-

161 3749 232 3808 dum
245 3765 333 3824 qnam
346 3743 439 3805 voluit
452 3743 602 3804 Adamana
615 3762 679 3802 esse
693 3742 812 3820 stirpem
826 3749 855 3802 et
870 3741 964 3820 Caput
983 3741 1073 3802 totius
1093 3741 1216 3801 Generis
1236 3742 1365 3820 humani,

161 3828 213 3907 qui
225 3827 292 3886 ideo
305 3845 363 3884 nan
377 3824 432 3884 sihi
446 3832 567 3899 tantum,
583 3822 635 3882 sed
648 3831 679 3882 et
698 3823 759 3884 suis
778 3821 856 3882 bona
871 3821 1022 3899 acciperet,
1035 3821 1083 3879 vel
1097 3821 1254 3897 amitteret;
1279 3821 1365 3882 Unde

161 3925 261 3967 amnes
270 3903 501 3964 dicuntur-fuisse
509 3904 685 3964 unushoma.
702 3905 719 3936 “
727 3901 926 3979 Quicunque,”
938 3901 1033 3978 inquit
1039 3899 1167 3978 August
1174 3921 1218 3979 ep.
1227 3903 1293 3978 106,
1303 3904 1365 3962 “ex

160 3989 213 4056 illa
226 4007 285 4047 nno
298 3984 383 4044 multi
403 3983 434 4042 in
454 3983 557 4062 seipsis
571 3983 660 4044 lirtnri
673 3991 766 4058 erunt,
781 3983 812 4042 in
825 3983 877 4042 illo
890 4001 957 4057 uno,
972 3999 1048 4042 unus
1066 3981 1153 4042 homo
1174 3983 1285 4056 erant,”
1299 3983 1363 4042 uni-

160 4078 221 4131 tate
234 4087 293 4127 non
314 4063 457 4146 specifica,
471 4063 521 4124 vel
540 4063 696 4142 numerica,
711 4063 764 4124 sed
783 4063 888 4141 partim
908 4061 1014 4124 unitate
1034 4061 1158 4139 eripias,
1174 4062 1243 4140 quia
1263 4083 1364 4124 amnes

159 4172 198 4211 ex
211 4170 270 4210 ano
284 4155 353 4208 sunt
366 4144 515 4224 sangume,
530 4144 635 4223 partim
649 4146 755 4238 unitate
773 4143 1035 4238 representatione,
1051 4143 1120 4221 quie
1139 4162 1214 4204 nnus
1235 4144 1363 4204 omnium

158 4249 312 4368 Petillii
319 4225 610 4368 pepppplmpfitpsbptfflp
623 4223 840 4367 ildinitidirlem
854 4303 947 4364 multa
960 4303 1092 4398 probant
1136 4305 1163 4364 1.
1177 4305 1282 4364 Fadus
1296 4324 1362 4364 curn

161 4387 276 4448 Adamo
290 4393 415 4465 metum,
430 4385 539 4462 dequo
553 4403 648 4463 supra,
663 4384 743 4463 quod
755 4404 815 4444 nan
828 4383 884 4444 fuit
896 4384 1069 4462 parnerdare
1083 4403 1148 4444 cum
1163 4383 1279 4444 Adamo
1290 4385 1362 4458 solo,

160 4467 213 4533 sed
236 4465 370 4544 generale
394 4473 425 4526 et
445 4464 593 4542 publicam
615 4485 681 4524 cum
703 4463 840 4524 universo
863 4464 977 4526 Genere
999 4465 1125 4526 humano
1146 4463 1258 4537 initum,
1284 4462 1364 4538 quod

159 4546 282 4628 proinde
294 4544 326 4604 in
339 4545 390 4604 illo
403 4543 496 4622 primo
509 4551 629 4620 parente
641 4553 767 4623 ruptam,
781 4544 947 4604 universam
961 4543 1026 4621 ejus
1039 4543 1168 4604 sobolem
1179 4540 1273 4602 eidem
1287 4543 1363 4602 cala-

159 4624 417 4702 musinium,
438 4622 512 4686 alias
532 4624 613 4688 Deus
634 4645 700 4686 curn
719 4624 843 4704 singulis
862 4624 994 4704 personis
1013 4623 1121 4702 pacisci
1134 4621 1291 4684 debuisset.
1333 4628 1362 4682 2.
