<?xml version="1.0" encoding="UTF-8"?>
<!DOCTYPE html PUBLIC "-//W3C//DTD XHTML 1.0 Transitional//EN"
    "http://www.w3.org/TR/xhtml1/DTD/xhtml1-transitional.dtd">
<html xmlns="http://www.w3.org/1999/xhtml" xml:lang="en" lang="en">
 <head>
  <title>
</title>
<meta http-equiv="Content-Type" content="text/html;charset=utf-8" />
  <meta name='ocr-system' content='tesseract 3.04.00' />
  <meta name='ocr-capabilities' content='ocr_page ocr_carea ocr_par ocr_line ocrx_word'/>
</head>
<body>
  <div class='ocr_page' id='page_1' title='image "./francisciturret01pictgoog_0203.png"; bbox 0 0 3152 5178; ppageno 0'>
   <div class='ocr_carea' id='block_1_1' title="bbox 258 347 1472 434">
    <p class='ocr_par' dir='ltr' id='par_1_1' title="bbox 258 347 1472 434">
     <span class='ocr_line' id='line_1_1' title="bbox 258 347 1472 434; baseline 0.001 -22"><span class='ocrx_word' id='word_1_1' title='bbox 258 353 315 427; x_wconf 77' lang='grc'><strong>148</strong></span> <span class='ocrx_word' id='word_1_2' title='bbox 742 373 836 416; x_wconf 83' lang='lat' dir='ltr'><strong>nouus</strong></span> <span class='ocrx_word' id='word_1_3' title='bbox 851 373 1010 415; x_wconf 81' lang='lat' dir='ltr'><strong>escurnus.</strong></span> <span class='ocrx_word' id='word_1_4' title='bbox 1254 347 1383 434; x_wconf 68' lang='lat' dir='ltr'><strong>[eumer.</strong></span> <span class='ocrx_word' id='word_1_5' title='bbox 1399 371 1472 414; x_wconf 81' lang='lat' dir='ltr'><strong>xxr.</strong></span> 
     </span>
    </p>
   </div>
   <div class='ocr_carea' id='block_1_2' title="bbox 258 508 1477 2592">
    <p class='ocr_par' dir='ltr' id='par_1_2' title="bbox 258 508 1477 2592">
     <span class='ocr_line' id='line_1_2' title="bbox 258 508 1473 593; baseline -0.001 -20"><span class='ocrx_word' id='word_1_6' title='bbox 258 522 327 590; x_wconf 88' lang='lat' dir='ltr'><strong>reat,</strong></span> <span class='ocrx_word' id='word_1_7' title='bbox 342 511 514 592; x_wconf 90' lang='lat' dir='ltr'><strong>persuadere</strong></span> <span class='ocrx_word' id='word_1_8' title='bbox 527 519 690 593; x_wconf 81' lang='lat' dir='ltr'><strong>potuerrmt.</strong></span> <span class='ocrx_word' id='word_1_9' title='bbox 733 517 846 592; x_wconf 90' lang='lat' dir='ltr'><strong>Necte,</strong></span> <span class='ocrx_word' id='word_1_10' title='bbox 868 513 908 574; x_wconf 89' lang='lat' dir='ltr'><strong>mi</strong></span> <span class='ocrx_word' id='word_1_11' title='bbox 922 511 1017 590; x_wconf 82' lang='lat' dir='ltr'><strong>frater,</strong></span> <span class='ocrx_word' id='word_1_12' title='bbox 1039 508 1145 574; x_wconf 89' lang='lat' dir='ltr'><strong>sentire</strong></span> <span class='ocrx_word' id='word_1_13' title='bbox 1165 511 1277 591; x_wconf 89' lang='lat' dir='ltr'><strong>aliquid</strong></span> <span class='ocrx_word' id='word_1_14' title='bbox 1290 513 1374 573; x_wconf 88' lang='lat' dir='ltr'><strong>aliter</strong></span> <span class='ocrx_word' id='word_1_15' title='bbox 1387 511 1473 572; x_wconf 83' lang='lat' dir='ltr'><strong>exis·</strong></span> 
     </span>
     <span class='ocr_line' id='line_1_3' title="bbox 258 594 1473 672; baseline -0.002 -18"><span class='ocrx_word' id='word_1_16' title='bbox 258 595 337 670; x_wconf 92' lang='lat' dir='ltr'><strong>timo,</strong></span> <span class='ocrx_word' id='word_1_17' title='bbox 353 613 470 670; x_wconf 89' lang='lat' dir='ltr'><strong>prorsus</strong></span> <span class='ocrx_word' id='word_1_18' title='bbox 494 594 620 672; x_wconf 90' lang='lat' dir='ltr'><strong>iuquam,</strong></span> <span class='ocrx_word' id='word_1_19' title='bbox 635 615 694 654; x_wconf 91' lang='lat' dir='ltr'><strong>non</strong></span> <span class='ocrx_word' id='word_1_20' title='bbox 716 603 745 656; x_wconf 86' lang='lat' dir='ltr'><strong>te</strong></span> <span class='ocrx_word' id='word_1_21' title='bbox 759 597 882 656; x_wconf 77' lang='lat' dir='ltr'><strong>arbitror</strong></span> <span class='ocrx_word' id='word_1_22' title='bbox 896 595 937 654; x_wconf 89' lang='lat' dir='ltr'><strong>sic</strong></span> <span class='ocrx_word' id='word_1_23' title='bbox 957 594 1017 672; x_wconf 86' lang='lat' dir='ltr'><strong>legi</strong></span> <span class='ocrx_word' id='word_1_24' title='bbox 1040 594 1130 654; x_wconf 89' lang='lat' dir='ltr'><strong>libros</strong></span> <span class='ocrx_word' id='word_1_25' title='bbox 1143 602 1210 654; x_wconf 90' lang='lat' dir='ltr'><strong>tuos</strong></span> <span class='ocrx_word' id='word_1_26' title='bbox 1224 594 1311 668; x_wconf 87' lang='lat' dir='ltr'><strong>velle,</strong></span> <span class='ocrx_word' id='word_1_27' title='bbox 1325 602 1473 671; x_wconf 87' lang='lat' dir='ltr'><strong>tanquam</strong></span> 
     </span>
     <span class='ocr_line' id='line_1_4' title="bbox 261 673 1473 753; baseline 0 -21"><span class='ocrx_word' id='word_1_28' title='bbox 261 675 472 752; x_wconf 75' lang='lat' dir='ltr'><strong>Prophetarum</strong></span> <span class='ocrx_word' id='word_1_29' title='bbox 499 676 548 734; x_wconf 86' lang='lat' dir='ltr'><strong>vel</strong></span> <span class='ocrx_word' id='word_1_30' title='bbox 571 675 788 753; x_wconf 80' lang='lat' dir='ltr'><strong>Apostolorum,</strong></span> <span class='ocrx_word' id='word_1_31' title='bbox 812 675 848 734; x_wconf 88' lang='lat' dir='ltr'><strong>dc</strong></span> <span class='ocrx_word' id='word_1_32' title='bbox 872 695 993 752; x_wconf 91' lang='lat' dir='ltr'><strong>quorum</strong></span> <span class='ocrx_word' id='word_1_33' title='bbox 1020 673 1141 752; x_wconf 91' lang='lat' dir='ltr'><strong>Scriptis</strong></span> <span class='ocrx_word' id='word_1_34' title='bbox 1164 673 1243 750; x_wconf 90' lang='lat' dir='ltr'><strong>quod</strong></span> <span class='ocrx_word' id='word_1_35' title='bbox 1267 675 1346 732; x_wconf 92' lang='lat' dir='ltr'><strong>omni</strong></span> <span class='ocrx_word' id='word_1_36' title='bbox 1367 693 1473 732; x_wconf 77' lang='lat' dir='ltr'><strong>errore</strong></span> 
     </span>
     <span class='ocr_line' id='line_1_5' title="bbox 260 753 1474 832; baseline -0.002 -18"><span class='ocrx_word' id='word_1_37' title='bbox 260 763 377 814; x_wconf 87' lang='lat' dir='ltr'><strong>careant</strong></span> <span class='ocrx_word' id='word_1_38' title='bbox 397 753 529 814; x_wconf 88' lang='lat' dir='ltr'><strong>dubitare</strong></span> <span class='ocrx_word' id='word_1_39' title='bbox 550 754 690 814; x_wconf 86' lang='lat' dir='ltr'><strong>nefarium</strong></span> <span class='ocrx_word' id='word_1_40' title='bbox 711 757 785 815; x_wconf 89' lang='lat' dir='ltr'><strong>est.”</strong></span> <span class='ocrx_word' id='word_1_41' title='bbox 808 756 848 814; x_wconf 86' lang='lat' dir='ltr'><strong>Et</strong></span> <span class='ocrx_word' id='word_1_42' title='bbox 871 755 964 832; x_wconf 87' lang='lat' dir='ltr'><strong>Epist.</strong></span> <span class='ocrx_word' id='word_1_43' title='bbox 995 754 1036 814; x_wconf 88' lang='lat' dir='ltr'><strong>iii.</strong></span> <span class='ocrx_word' id='word_1_44' title='bbox 1066 753 1105 814; x_wconf 87' lang='lat' dir='ltr'><strong>ad</strong></span> <span class='ocrx_word' id='word_1_45' title='bbox 1134 754 1286 813; x_wconf 78' lang='lat' dir='ltr'><strong>Fortunat.</strong></span> <span class='ocrx_word' id='word_1_46' title='bbox 1329 753 1474 830; x_wconf 80' lang='lat' dir='ltr'><strong>“Neque</strong></span> 
     </span>
     <span class='ocr_line' id='line_1_6' title="bbox 259 831 1472 914; baseline -0.001 -22"><span class='ocrx_word' id='word_1_47' title='bbox 259 833 453 912; x_wconf 88' lang='lat' dir='ltr'><strong>quorumlibet</strong></span> <span class='ocrx_word' id='word_1_48' title='bbox 466 834 683 912; x_wconf 78' lang='lat' dir='ltr'><strong>disputationes,</strong></span> <span class='ocrx_word' id='word_1_49' title='bbox 693 835 827 914; x_wconf 87' lang='lat' dir='ltr'><strong>quamvis</strong></span> <span class='ocrx_word' id='word_1_50' title='bbox 841 835 1055 894; x_wconf 69' lang='lat' dir='ltr'><strong>catholicorum</strong></span> <span class='ocrx_word' id='word_1_51' title='bbox 1069 842 1099 893; x_wconf 93' lang='lat' dir='ltr'><strong>et</strong></span> <span class='ocrx_word' id='word_1_52' title='bbox 1111 833 1293 894; x_wconf 88' lang='lat' dir='ltr'><strong>laudatorum</strong></span> <span class='ocrx_word' id='word_1_53' title='bbox 1306 831 1472 908; x_wconf 89' lang='lat' dir='ltr'><strong>hominum,</strong></span> 
     </span>
     <span class='ocr_line' id='line_1_7' title="bbox 259 913 1475 991; baseline -0.003 -17"><span class='ocrx_word' id='word_1_54' title='bbox 259 914 340 974; x_wconf 85' lang='lat' dir='ltr'><strong>velut</strong></span> <span class='ocrx_word' id='word_1_55' title='bbox 366 913 529 991; x_wconf 81' lang='lat' dir='ltr'><strong>Scripturas</strong></span> <span class='ocrx_word' id='word_1_56' title='bbox 553 915 714 976; x_wconf 85' lang='lat' dir='ltr'><strong>Canonicas</strong></span> <span class='ocrx_word' id='word_1_57' title='bbox 736 916 843 976; x_wconf 89' lang='lat' dir='ltr'><strong>habere</strong></span> <span class='ocrx_word' id='word_1_58' title='bbox 861 915 1009 988; x_wconf 89' lang='lat' dir='ltr'><strong>debemus,</strong></span> <span class='ocrx_word' id='word_1_59' title='bbox 1033 921 1067 973; x_wconf 90' lang='lat' dir='ltr'><strong>ut</strong></span> <span class='ocrx_word' id='word_1_60' title='bbox 1090 913 1175 973; x_wconf 93' lang='lat' dir='ltr'><strong>nobis</strong></span> <span class='ocrx_word' id='word_1_61' title='bbox 1195 932 1256 972; x_wconf 91' lang='lat' dir='ltr'><strong>non</strong></span> <span class='ocrx_word' id='word_1_62' title='bbox 1273 913 1360 972; x_wconf 83' lang='lat' dir='ltr'><strong>liccat</strong></span> <span class='ocrx_word' id='word_1_63' title='bbox 1386 913 1475 972; x_wconf 80' lang='lat' dir='ltr'><strong>salva</strong></span> 
     </span>
     <span class='ocr_line' id='line_1_8' title="bbox 259 993 1473 1072; baseline 0 -21"><span class='ocrx_word' id='word_1_64' title='bbox 259 993 477 1052; x_wconf 83' lang='lat' dir='ltr'><strong>honorificentia</strong></span> <span class='ocrx_word' id='word_1_65' title='bbox 490 1015 555 1072; x_wconf 83' lang='lat' dir='ltr'><strong>quae</strong></span> <span class='ocrx_word' id='word_1_66' title='bbox 569 995 627 1054; x_wconf 91' lang='lat' dir='ltr'><strong>illis</strong></span> <span class='ocrx_word' id='word_1_67' title='bbox 642 994 762 1056; x_wconf 86' lang='lat' dir='ltr'><strong>debetur</strong></span> <span class='ocrx_word' id='word_1_68' title='bbox 782 995 956 1070; x_wconf 87' lang='lat' dir='ltr'><strong>hominihus,</strong></span> <span class='ocrx_word' id='word_1_69' title='bbox 978 993 1088 1072; x_wconf 90' lang='lat' dir='ltr'><strong>aliquid</strong></span> <span class='ocrx_word' id='word_1_70' title='bbox 1111 993 1142 1052; x_wconf 90' lang='lat' dir='ltr'><strong>in</strong></span> <span class='ocrx_word' id='word_1_71' title='bbox 1164 1013 1263 1054; x_wconf 90' lang='lat' dir='ltr'><strong>eorum</strong></span> <span class='ocrx_word' id='word_1_72' title='bbox 1285 993 1402 1071; x_wconf 87' lang='lat' dir='ltr'><strong>scriptis</strong></span> <span class='ocrx_word' id='word_1_73' title='bbox 1415 993 1473 1051; x_wconf 88' lang='lat' dir='ltr'><strong>im·</strong></span> 
     </span>
     <span class='ocr_line' id='line_1_9' title="bbox 258 1073 1474 1152; baseline -0.002 -20"><span class='ocrx_word' id='word_1_74' title='bbox 258 1073 380 1152; x_wconf 88' lang='lat' dir='ltr'><strong>probare</strong></span> <span class='ocrx_word' id='word_1_75' title='bbox 394 1083 480 1150; x_wconf 91' lang='lat' dir='ltr'><strong>atque</strong></span> <span class='ocrx_word' id='word_1_76' title='bbox 494 1094 637 1152; x_wconf 91' lang='lat' dir='ltr'><strong>respuere,</strong></span> <span class='ocrx_word' id='word_1_77' title='bbox 661 1076 686 1134; x_wconf 90' lang='lat' dir='ltr'><strong>si</strong></span> <span class='ocrx_word' id='word_1_78' title='bbox 699 1075 771 1135; x_wconf 83' lang='lat' dir='ltr'><strong>forte</strong></span> <span class='ocrx_word' id='word_1_79' title='bbox 795 1075 991 1134; x_wconf 79' lang='lat' dir='ltr'><strong>inveniremus</strong></span> <span class='ocrx_word' id='word_1_80' title='bbox 1015 1073 1093 1151; x_wconf 90' lang='lat' dir='ltr'><strong>quod</strong></span> <span class='ocrx_word' id='word_1_81' title='bbox 1111 1073 1197 1132; x_wconf 87' lang='lat' dir='ltr'><strong>aliter</strong></span> <span class='ocrx_word' id='word_1_82' title='bbox 1217 1073 1359 1132; x_wconf 74' lang='lat' dir='ltr'><strong>senserint</strong></span> <span class='ocrx_word' id='word_1_83' title='bbox 1379 1093 1474 1150; x_wconf 86' lang='lat' dir='ltr'><strong>quam</strong></span> 
     </span>
     <span class='ocr_line' id='line_1_10' title="bbox 260 1151 1472 1233; baseline 0 -22"><span class='ocrx_word' id='word_1_84' title='bbox 260 1153 369 1214; x_wconf 89' lang='lat' dir='ltr'><strong>veritas</strong></span> <span class='ocrx_word' id='word_1_85' title='bbox 382 1153 479 1214; x_wconf 88' lang='lat' dir='ltr'><strong>habet.</strong></span> <span class='ocrx_word' id='word_1_86' title='bbox 521 1155 601 1214; x_wconf 81' lang='lat' dir='ltr'><strong>Talis</strong></span> <span class='ocrx_word' id='word_1_87' title='bbox 615 1174 670 1232; x_wconf 85' lang='lat' dir='ltr'><strong>ego</strong></span> <span class='ocrx_word' id='word_1_88' title='bbox 684 1175 747 1214; x_wconf 91' lang='lat' dir='ltr'><strong>sum</strong></span> <span class='ocrx_word' id='word_1_89' title='bbox 762 1154 793 1213; x_wconf 91' lang='lat' dir='ltr'><strong>in</strong></span> <span class='ocrx_word' id='word_1_90' title='bbox 807 1155 922 1233; x_wconf 89' lang='lat' dir='ltr'><strong>scriptis</strong></span> <span class='ocrx_word' id='word_1_91' title='bbox 936 1155 1066 1229; x_wconf 58' lang='lat' dir='ltr'><strong>aliomQ</strong></span> <span class='ocrx_word' id='word_1_92' title='bbox 1088 1153 1162 1214; x_wconf 86' lang='lat' dir='ltr'><strong>tales</strong></span> <span class='ocrx_word' id='word_1_93' title='bbox 1175 1151 1244 1212; x_wconf 85' lang='lat' dir='ltr'><strong>volo</strong></span> <span class='ocrx_word' id='word_1_94' title='bbox 1258 1172 1322 1212; x_wconf 90' lang='lat' dir='ltr'><strong>esse</strong></span> <span class='ocrx_word' id='word_1_95' title='bbox 1336 1152 1472 1212; x_wconf 88' lang='lat' dir='ltr'><strong>intellec-</strong></span> 
     </span>
     <span class='ocr_line' id='line_1_11' title="bbox 259 1233 1472 1310; baseline -0.003 -16"><span class='ocrx_word' id='word_1_96' title='bbox 259 1241 337 1294; x_wconf 88' lang='lat' dir='ltr'><strong>tores</strong></span> <span class='ocrx_word' id='word_1_97' title='bbox 359 1235 519 1294; x_wconf 86' lang='lat' dir='ltr'><strong>meomm.”</strong></span> <span class='ocrx_word' id='word_1_98' title='bbox 542 1235 581 1295; x_wconf 85' lang='lat' dir='ltr'><strong>Et</strong></span> <span class='ocrx_word' id='word_1_99' title='bbox 603 1243 704 1294; x_wconf 88' lang='lat' dir='ltr'><strong>contra</strong></span> <span class='ocrx_word' id='word_1_100' title='bbox 717 1236 851 1295; x_wconf 78' lang='lat' dir='ltr'><strong>Crescere</strong></span> <span class='ocrx_word' id='word_1_101' title='bbox 873 1235 923 1294; x_wconf 89' lang='lat' dir='ltr'><strong>lib.</strong></span> <span class='ocrx_word' id='word_1_102' title='bbox 945 1235 975 1293; x_wconf 92' lang='lat' dir='ltr'><strong>ii.</strong></span> <span class='ocrx_word' id='word_1_103' title='bbox 990 1253 1015 1292; x_wconf 90' lang='lat' dir='ltr'><strong>c.</strong></span> <span class='ocrx_word' id='word_1_104' title='bbox 1030 1237 1080 1294; x_wconf 80' lang='lat'><strong>31.</strong></span> <span class='ocrx_word' id='word_1_105' title='bbox 1121 1233 1216 1292; x_wconf 83' lang='lat' dir='ltr'><strong>“Nos</strong></span> <span class='ocrx_word' id='word_1_106' title='bbox 1238 1233 1347 1293; x_wconf 87' lang='lat' dir='ltr'><strong>nullam</strong></span> <span class='ocrx_word' id='word_1_107' title='bbox 1362 1233 1472 1310; x_wconf 86' lang='lat' dir='ltr'><strong>Cypri·</strong></span> 
     </span>
     <span class='ocr_line' id='line_1_12' title="bbox 260 1310 1474 1393; baseline -0.002 -20"><span class='ocrx_word' id='word_1_108' title='bbox 260 1333 317 1373; x_wconf 89' lang='lat' dir='ltr'><strong>ano</strong></span> <span class='ocrx_word' id='word_1_109' title='bbox 331 1310 452 1372; x_wconf 85' lang='lat' dir='ltr'><strong>facimus</strong></span> <span class='ocrx_word' id='word_1_110' title='bbox 464 1314 610 1392; x_wconf 86' lang='lat' dir='ltr'><strong>injuriam,</strong></span> <span class='ocrx_word' id='word_1_111' title='bbox 632 1335 698 1374; x_wconf 92' lang='lat' dir='ltr'><strong>eum</strong></span> <span class='ocrx_word' id='word_1_112' title='bbox 718 1316 783 1393; x_wconf 89' lang='lat' dir='ltr'><strong>ejus</strong></span> <span class='ocrx_word' id='word_1_113' title='bbox 803 1314 950 1393; x_wconf 89' lang='lat' dir='ltr'><strong>quaslibet</strong></span> <span class='ocrx_word' id='word_1_114' title='bbox 969 1314 1068 1374; x_wconf 87' lang='lat' dir='ltr'><strong>literas</strong></span> <span class='ocrx_word' id='word_1_115' title='bbox 1088 1333 1107 1373; x_wconf 89' lang='lat' dir='ltr'><strong>a</strong></span> <span class='ocrx_word' id='word_1_116' title='bbox 1127 1313 1273 1373; x_wconf 71' lang='lat' dir='ltr'><strong>canonica</strong></span> <span class='ocrx_word' id='word_1_117' title='bbox 1294 1312 1474 1371; x_wconf 80' lang='lat' dir='ltr'><strong>Divinarum</strong></span> 
     </span>
     <span class='ocr_line' id='line_1_13' title="bbox 264 1391 1475 1474; baseline -0.003 -20"><span class='ocrx_word' id='word_1_118' title='bbox 264 1391 474 1472; x_wconf 89' lang='lat' dir='ltr'><strong>Scripturarum</strong></span> <span class='ocrx_word' id='word_1_119' title='bbox 495 1395 669 1454; x_wconf 84' lang='lat' dir='ltr'><strong>authoritate</strong></span> <span class='ocrx_word' id='word_1_120' title='bbox 690 1395 913 1474; x_wconf 84' lang='lat' dir='ltr'><strong>distinguimus:</strong></span> <span class='ocrx_word' id='word_1_121' title='bbox 935 1395 997 1454; x_wconf 87' lang='lat' dir='ltr'><strong>Nec</strong></span> <span class='ocrx_word' id='word_1_122' title='bbox 1017 1395 1094 1454; x_wconf 88' lang='lat' dir='ltr'><strong>enim</strong></span> <span class='ocrx_word' id='word_1_123' title='bbox 1108 1393 1170 1453; x_wconf 89' lang='lat' dir='ltr'><strong>sine</strong></span> <span class='ocrx_word' id='word_1_124' title='bbox 1184 1413 1272 1452; x_wconf 87' lang='lat' dir='ltr'><strong>causa</strong></span> <span class='ocrx_word' id='word_1_125' title='bbox 1286 1401 1344 1451; x_wconf 88' lang='lat' dir='ltr'><strong>tam</strong></span> <span class='ocrx_word' id='word_1_126' title='bbox 1358 1391 1475 1452; x_wconf 85' lang='lat' dir='ltr'><strong>salubri</strong></span> 
     </span>
     <span class='ocr_line' id='line_1_14' title="bbox 262 1473 1476 1552; baseline -0.002 -20"><span class='ocrx_word' id='word_1_127' title='bbox 262 1473 414 1551; x_wconf 84' lang='lat' dir='ltr'><strong>vigilantia</strong></span> <span class='ocrx_word' id='word_1_128' title='bbox 424 1474 524 1533; x_wconf 86' lang='lat' dir='ltr'><strong>Canon</strong></span> <span class='ocrx_word' id='word_1_129' title='bbox 535 1475 757 1534; x_wconf 79' lang='lat' dir='ltr'><strong>Ecclesiasticus</strong></span> <span class='ocrx_word' id='word_1_130' title='bbox 766 1475 939 1535; x_wconf 90' lang='lat' dir='ltr'><strong>constitutus</strong></span> <span class='ocrx_word' id='word_1_131' title='bbox 953 1483 1006 1550; x_wconf 89' lang='lat' dir='ltr'><strong>est,</strong></span> <span class='ocrx_word' id='word_1_132' title='bbox 1022 1474 1060 1533; x_wconf 90' lang='lat' dir='ltr'><strong>ad</strong></span> <span class='ocrx_word' id='word_1_133' title='bbox 1073 1493 1159 1552; x_wconf 90' lang='lat' dir='ltr'><strong>quem</strong></span> <span class='ocrx_word' id='word_1_134' title='bbox 1173 1473 1244 1532; x_wconf 88' lang='lat' dir='ltr'><strong>certi</strong></span> <span class='ocrx_word' id='word_1_135' title='bbox 1259 1473 1476 1550; x_wconf 74' lang='lat' dir='ltr'><strong>Prophetarum</strong></span> 
     </span>
     <span class='ocr_line' id='line_1_15' title="bbox 261 1552 1477 1633; baseline -0.003 -19"><span class='ocrx_word' id='word_1_136' title='bbox 261 1563 291 1614; x_wconf 91' lang='lat' dir='ltr'><strong>et</strong></span> <span class='ocrx_word' id='word_1_137' title='bbox 305 1552 512 1631; x_wconf 87' lang='lat' dir='ltr'><strong>Apostolorum</strong></span> <span class='ocrx_word' id='word_1_138' title='bbox 536 1554 603 1614; x_wconf 91' lang='lat' dir='ltr'><strong>libri</strong></span> <span class='ocrx_word' id='word_1_139' title='bbox 616 1555 786 1632; x_wconf 84' lang='lat' dir='ltr'><strong>pertineant,</strong></span> <span class='ocrx_word' id='word_1_140' title='bbox 810 1575 884 1633; x_wconf 89' lang='lat' dir='ltr'><strong>quos</strong></span> <span class='ocrx_word' id='word_1_141' title='bbox 898 1555 1013 1614; x_wconf 89' lang='lat' dir='ltr'><strong>omnino</strong></span> <span class='ocrx_word' id='word_1_142' title='bbox 1024 1553 1156 1631; x_wconf 87' lang='lat' dir='ltr'><strong>judicare</strong></span> <span class='ocrx_word' id='word_1_143' title='bbox 1178 1573 1237 1611; x_wconf 92' lang='lat' dir='ltr'><strong>non</strong></span> <span class='ocrx_word' id='word_1_144' title='bbox 1252 1552 1419 1626; x_wconf 87' lang='lat' dir='ltr'><strong>audeamus,</strong></span> <span class='ocrx_word' id='word_1_145' title='bbox 1443 1561 1477 1611; x_wconf 90' lang='lat' dir='ltr'><strong>et</strong></span> 
     </span>
     <span class='ocr_line' id='line_1_16' title="bbox 262 1631 1474 1711; baseline -0.003 -18"><span class='ocrx_word' id='word_1_146' title='bbox 262 1633 419 1694; x_wconf 90' lang='lat' dir='ltr'><strong>secundum</strong></span> <span class='ocrx_word' id='word_1_147' title='bbox 434 1654 507 1711; x_wconf 90' lang='lat' dir='ltr'><strong>quos</strong></span> <span class='ocrx_word' id='word_1_148' title='bbox 519 1633 557 1692; x_wconf 89' lang='lat' dir='ltr'><strong>de</strong></span> <span class='ocrx_word' id='word_1_149' title='bbox 582 1635 693 1694; x_wconf 82' lang='lat' dir='ltr'><strong>caeteris</strong></span> <span class='ocrx_word' id='word_1_150' title='bbox 714 1635 806 1694; x_wconf 90' lang='lat' dir='ltr'><strong>literis</strong></span> <span class='ocrx_word' id='word_1_151' title='bbox 828 1635 876 1694; x_wconf 88' lang='lat' dir='ltr'><strong>vel</strong></span> <span class='ocrx_word' id='word_1_152' title='bbox 896 1633 1025 1694; x_wconf 90' lang='lat' dir='ltr'><strong>fidelium</strong></span> <span class='ocrx_word' id='word_1_153' title='bbox 1039 1634 1088 1694; x_wconf 84' lang='lat' dir='ltr'><strong>vel</strong></span> <span class='ocrx_word' id='word_1_154' title='bbox 1108 1633 1267 1693; x_wconf 88' lang='lat' dir='ltr'><strong>infidelium</strong></span> <span class='ocrx_word' id='word_1_155' title='bbox 1288 1631 1377 1691; x_wconf 91' lang='lat' dir='ltr'><strong>libere</strong></span> <span class='ocrx_word' id='word_1_156' title='bbox 1388 1632 1474 1709; x_wconf 90' lang='lat' dir='ltr'><strong>judi·</strong></span> 
     </span>
     <span class='ocr_line' id='line_1_17' title="bbox 262 1711 1475 1793; baseline -0.002 -21"><span class='ocrx_word' id='word_1_157' title='bbox 262 1715 390 1790; x_wconf 88' lang='lat' dir='ltr'><strong>ccmus,’&#39;</strong></span> <span class='ocrx_word' id='word_1_158' title='bbox 413 1714 453 1774; x_wconf 83' lang='lat' dir='ltr'><strong>Et</strong></span> <span class='ocrx_word' id='word_1_159' title='bbox 467 1734 491 1774; x_wconf 92' lang='lat' dir='ltr'><strong>c.</strong></span> <span class='ocrx_word' id='word_1_160' title='bbox 507 1713 601 1772; x_wconf 85' lang='lat' dir='ltr'><strong>xxxii.</strong></span> <span class='ocrx_word' id='word_1_161' title='bbox 635 1711 730 1792; x_wconf 84' lang='lat' dir='ltr'><strong>“Ego</strong></span> <span class='ocrx_word' id='word_1_162' title='bbox 743 1715 832 1793; x_wconf 83' lang='lat' dir='ltr'><strong>hujus</strong></span> <span class='ocrx_word' id='word_1_163' title='bbox 846 1714 986 1792; x_wconf 76' lang='lat' dir='ltr'><strong>Epistola</strong></span> <span class='ocrx_word' id='word_1_164' title='bbox 1001 1713 1173 1773; x_wconf 78' lang='lat' dir='ltr'><strong>authoritate</strong></span> <span class='ocrx_word' id='word_1_165' title='bbox 1187 1731 1246 1772; x_wconf 91' lang='lat' dir='ltr'><strong>non</strong></span> <span class='ocrx_word' id='word_1_166' title='bbox 1268 1721 1374 1787; x_wconf 82' lang='lat' dir='ltr'><strong>terreor,</strong></span> <span class='ocrx_word' id='word_1_167' title='bbox 1400 1711 1475 1788; x_wconf 89' lang='lat' dir='ltr'><strong>quia</strong></span> 
     </span>
     <span class='ocr_line' id='line_1_18' title="bbox 261 1791 1474 1872; baseline 0 -20"><span class='ocrx_word' id='word_1_168' title='bbox 261 1794 360 1852; x_wconf 89' lang='lat' dir='ltr'><strong>literas</strong></span> <span class='ocrx_word' id='word_1_169' title='bbox 375 1793 512 1872; x_wconf 87' lang='lat' dir='ltr'><strong>Cypriani</strong></span> <span class='ocrx_word' id='word_1_170' title='bbox 532 1813 591 1852; x_wconf 90' lang='lat' dir='ltr'><strong>non</strong></span> <span class='ocrx_word' id='word_1_171' title='bbox 611 1793 642 1853; x_wconf 93' lang='lat' dir='ltr'><strong>in</strong></span> <span class='ocrx_word' id='word_1_172' title='bbox 656 1795 816 1854; x_wconf 75' lang='lat' dir='ltr'><strong>canonicas</strong></span> <span class='ocrx_word' id='word_1_173' title='bbox 829 1794 932 1872; x_wconf 89' lang='lat' dir='ltr'><strong>habeo,</strong></span> <span class='ocrx_word' id='word_1_174' title='bbox 954 1794 1006 1854; x_wconf 85' lang='lat' dir='ltr'><strong>aed</strong></span> <span class='ocrx_word' id='word_1_175' title='bbox 1026 1813 1075 1854; x_wconf 88' lang='lat' dir='ltr'><strong>eas</strong></span> <span class='ocrx_word' id='word_1_176' title='bbox 1089 1814 1127 1852; x_wconf 85' lang='lat' dir='ltr'><strong>ex</strong></span> <span class='ocrx_word' id='word_1_177' title='bbox 1141 1792 1294 1853; x_wconf 86' lang='lat' dir='ltr'><strong>Canonicis</strong></span> <span class='ocrx_word' id='word_1_178' title='bbox 1308 1791 1474 1868; x_wconf 85' lang='lat' dir='ltr'><strong>considero,</strong></span> 
     </span>
     <span class='ocr_line' id='line_1_19' title="bbox 262 1871 1475 1953; baseline -0.002 -21"><span class='ocrx_word' id='word_1_179' title='bbox 262 1881 292 1933; x_wconf 91' lang='lat' dir='ltr'><strong>et</strong></span> <span class='ocrx_word' id='word_1_180' title='bbox 306 1871 384 1952; x_wconf 93' lang='lat' dir='ltr'><strong>quod</strong></span> <span class='ocrx_word' id='word_1_181' title='bbox 397 1873 429 1932; x_wconf 93' lang='lat' dir='ltr'><strong>in</strong></span> <span class='ocrx_word' id='word_1_182' title='bbox 452 1874 495 1934; x_wconf 90' lang='lat' dir='ltr'><strong>eis</strong></span> <span class='ocrx_word' id='word_1_183' title='bbox 515 1873 680 1934; x_wconf 88' lang='lat' dir='ltr'><strong>divinarum</strong></span> <span class='ocrx_word' id='word_1_184' title='bbox 705 1875 917 1953; x_wconf 86' lang='lat' dir='ltr'><strong>Scripturarum</strong></span> <span class='ocrx_word' id='word_1_185' title='bbox 940 1874 1108 1935; x_wconf 86' lang='lat' dir='ltr'><strong>authoritati</strong></span> <span class='ocrx_word' id='word_1_186' title='bbox 1129 1873 1270 1950; x_wconf 82' lang='lat' dir='ltr'><strong>congruit,</strong></span> <span class='ocrx_word' id='word_1_187' title='bbox 1295 1891 1361 1932; x_wconf 90' lang='lat' dir='ltr'><strong>cum</strong></span> <span class='ocrx_word' id='word_1_188' title='bbox 1381 1871 1475 1931; x_wconf 87' lang='lat' dir='ltr'><strong>laude</strong></span> 
     </span>
     <span class='ocr_line' id='line_1_20' title="bbox 263 1951 1476 2032; baseline -0.002 -20"><span class='ocrx_word' id='word_1_189' title='bbox 263 1955 327 2031; x_wconf 87' lang='lat' dir='ltr'><strong>ejus</strong></span> <span class='ocrx_word' id='word_1_190' title='bbox 341 1953 460 2031; x_wconf 87' lang='lat' dir='ltr'><strong>accipio,</strong></span> <span class='ocrx_word' id='word_1_191' title='bbox 475 1953 554 2032; x_wconf 93' lang='lat' dir='ltr'><strong>quod</strong></span> <span class='ocrx_word' id='word_1_192' title='bbox 567 1964 664 2014; x_wconf 87' lang='lat' dir='ltr'><strong>autem</strong></span> <span class='ocrx_word' id='word_1_193' title='bbox 688 1975 746 2015; x_wconf 88' lang='lat' dir='ltr'><strong>uon</strong></span> <span class='ocrx_word' id='word_1_194' title='bbox 770 1955 912 2032; x_wconf 85' lang='lat' dir='ltr'><strong>congruit,</strong></span> <span class='ocrx_word' id='word_1_195' title='bbox 935 1974 1001 2014; x_wconf 90' lang='lat' dir='ltr'><strong>cum</strong></span> <span class='ocrx_word' id='word_1_196' title='bbox 1022 1971 1093 2032; x_wconf 86' lang='lat' dir='ltr'><strong>pace</strong></span> <span class='ocrx_word' id='word_1_197' title='bbox 1117 1953 1181 2030; x_wconf 87' lang='lat' dir='ltr'><strong>ejus</strong></span> <span class='ocrx_word' id='word_1_198' title='bbox 1204 1954 1339 2030; x_wconf 87' lang='lat' dir='ltr'><strong>respuo.&#39;&#39;</strong></span> <span class='ocrx_word' id='word_1_199' title='bbox 1362 1951 1476 2010; x_wconf 88' lang='lat' dir='ltr'><strong>Fusius</strong></span> 
     </span>
     <span class='ocr_line' id='line_1_21' title="bbox 263 2031 1474 2113; baseline -0.003 -19"><span class='ocrx_word' id='word_1_200' title='bbox 263 2035 351 2094; x_wconf 85' lang='lat' dir='ltr'><strong>etiam</strong></span> <span class='ocrx_word' id='word_1_201' title='bbox 365 2042 395 2092; x_wconf 90' lang='lat' dir='ltr'><strong>et</strong></span> <span class='ocrx_word' id='word_1_202' title='bbox 408 2034 510 2094; x_wconf 82' lang='lat' dir='ltr'><strong>fortius</strong></span> <span class='ocrx_word' id='word_1_203' title='bbox 524 2033 650 2113; x_wconf 93' lang='lat' dir='ltr'><strong>idipsum</strong></span> <span class='ocrx_word' id='word_1_204' title='bbox 674 2035 832 2110; x_wconf 86' lang='lat' dir='ltr'><strong>confirmat,</strong></span> <span class='ocrx_word' id='word_1_205' title='bbox 857 2035 907 2094; x_wconf 92' lang='lat' dir='ltr'><strong>lib.</strong></span> <span class='ocrx_word' id='word_1_206' title='bbox 923 2035 963 2094; x_wconf 85' lang='lat' dir='ltr'><strong>xi.</strong></span> <span class='ocrx_word' id='word_1_207' title='bbox 984 2042 1085 2100; x_wconf 90' lang='lat' dir='ltr'><strong>contra</strong></span> <span class='ocrx_word' id='word_1_208' title='bbox 1106 2033 1247 2092; x_wconf 87' lang='lat' dir='ltr'><strong>Faustum</strong></span> <span class='ocrx_word' id='word_1_209' title='bbox 1263 2031 1474 2106; x_wconf 72' lang='lat' dir='ltr'><strong>Manicheum,</strong></span> 
     </span>
     <span class='ocr_line' id='line_1_22' title="bbox 262 2110 1475 2193; baseline -0.004 -19"><span class='ocrx_word' id='word_1_210' title='bbox 262 2133 287 2174; x_wconf 89' lang='lat' dir='ltr'><strong>c.</strong></span> <span class='ocrx_word' id='word_1_211' title='bbox 297 2133 326 2173; x_wconf 86' lang='lat' dir='ltr'><strong>v.</strong></span> <span class='ocrx_word' id='word_1_212' title='bbox 338 2115 355 2146; x_wconf 89' lang='lat'><strong>“</strong></span> <span class='ocrx_word' id='word_1_213' title='bbox 365 2113 441 2188; x_wconf 87' lang='lat' dir='ltr'><strong>lbi,”</strong></span> <span class='ocrx_word' id='word_1_214' title='bbox 457 2115 536 2175; x_wconf 90' lang='lat' dir='ltr'><strong>nimi.</strong></span> <span class='ocrx_word' id='word_1_215' title='bbox 545 2115 576 2172; x_wconf 92' lang='lat' dir='ltr'><strong>in</strong></span> <span class='ocrx_word' id='word_1_216' title='bbox 589 2115 745 2193; x_wconf 89' lang='lat' dir='ltr'><strong>Scripturis</strong></span> <span class='ocrx_word' id='word_1_217' title='bbox 755 2115 915 2191; x_wconf 74' lang='lat' dir='ltr'><strong>(lenonicia,</strong></span> <span class='ocrx_word' id='word_1_218' title='bbox 933 2117 951 2148; x_wconf 87' lang='lat'><strong>“</strong></span> <span class='ocrx_word' id='word_1_219' title='bbox 965 2114 990 2174; x_wconf 89' lang='lat' dir='ltr'><strong>si</strong></span> <span class='ocrx_word' id='word_1_220' title='bbox 1003 2113 1074 2192; x_wconf 91' lang='lat' dir='ltr'><strong>quid</strong></span> <span class='ocrx_word' id='word_1_221' title='bbox 1082 2112 1163 2172; x_wconf 87' lang='lat' dir='ltr'><strong>velut</strong></span> <span class='ocrx_word' id='word_1_222' title='bbox 1171 2110 1328 2172; x_wconf 90' lang='lat' dir='ltr'><strong>absurdum</strong></span> <span class='ocrx_word' id='word_1_223' title='bbox 1337 2111 1475 2186; x_wconf 86' lang='lat' dir='ltr'><strong>moverit,</strong></span> 
     </span>
     <span class='ocr_line' id='line_1_23' title="bbox 263 2191 1475 2272; baseline -0.001 -22"><span class='ocrx_word' id='word_1_224' title='bbox 263 2213 322 2252; x_wconf 89' lang='lat' dir='ltr'><strong>neu</strong></span> <span class='ocrx_word' id='word_1_225' title='bbox 341 2193 410 2252; x_wconf 90' lang='lat' dir='ltr'><strong>licet</strong></span> <span class='ocrx_word' id='word_1_226' title='bbox 424 2193 528 2270; x_wconf 89' lang='lat' dir='ltr'><strong>dicere,</strong></span> <span class='ocrx_word' id='word_1_227' title='bbox 544 2193 661 2253; x_wconf 89' lang='lat' dir='ltr'><strong>Author</strong></span> <span class='ocrx_word' id='word_1_228' title='bbox 680 2196 768 2272; x_wconf 88' lang='lat' dir='ltr'><strong>hujus</strong></span> <span class='ocrx_word' id='word_1_229' title='bbox 788 2195 856 2254; x_wconf 83' lang='lat' dir='ltr'><strong>libri</strong></span> <span class='ocrx_word' id='word_1_230' title='bbox 869 2215 927 2254; x_wconf 90' lang='lat' dir='ltr'><strong>non</strong></span> <span class='ocrx_word' id='word_1_231' title='bbox 940 2196 1033 2254; x_wconf 89' lang='lat' dir='ltr'><strong>tenuit</strong></span> <span class='ocrx_word' id='word_1_232' title='bbox 1046 2193 1196 2252; x_wconf 87' lang='lat' dir='ltr'><strong>veritatem</strong></span> <span class='ocrx_word' id='word_1_233' title='bbox 1208 2215 1215 2270; x_wconf 70' lang='grc' dir='ltr'><strong>ς</strong></span> <span class='ocrx_word' id='word_1_234' title='bbox 1237 2191 1291 2252; x_wconf 89' lang='lat' dir='ltr'><strong>sed</strong></span> <span class='ocrx_word' id='word_1_235' title='bbox 1304 2201 1355 2251; x_wconf 90' lang='lat' dir='ltr'><strong>ant</strong></span> <span class='ocrx_word' id='word_1_236' title='bbox 1369 2191 1475 2250; x_wconf 84' lang='lat' dir='ltr'><strong>Codex</strong></span> 
     </span>
     <span class='ocr_line' id='line_1_24' title="bbox 262 2271 1476 2352; baseline 0.003 -24"><span class='ocrx_word' id='word_1_237' title='bbox 262 2271 417 2330; x_wconf 89' lang='lat' dir='ltr'><strong>mendosus</strong></span> <span class='ocrx_word' id='word_1_238' title='bbox 432 2281 484 2347; x_wconf 86' lang='lat' dir='ltr'><strong>est,</strong></span> <span class='ocrx_word' id='word_1_239' title='bbox 500 2280 550 2332; x_wconf 89' lang='lat' dir='ltr'><strong>aut</strong></span> <span class='ocrx_word' id='word_1_240' title='bbox 564 2273 710 2352; x_wconf 89' lang='lat' dir='ltr'><strong>Interpres</strong></span> <span class='ocrx_word' id='word_1_241' title='bbox 725 2274 840 2350; x_wconf 84' lang='lat' dir='ltr'><strong>erravit,</strong></span> <span class='ocrx_word' id='word_1_242' title='bbox 863 2283 914 2334; x_wconf 88' lang='lat' dir='ltr'><strong>aut</strong></span> <span class='ocrx_word' id='word_1_243' title='bbox 937 2283 969 2334; x_wconf 92' lang='lat' dir='ltr'><strong>tu</strong></span> <span class='ocrx_word' id='word_1_244' title='bbox 992 2293 1051 2333; x_wconf 90' lang='lat' dir='ltr'><strong>non</strong></span> <span class='ocrx_word' id='word_1_245' title='bbox 1071 2272 1219 2350; x_wconf 85' lang='lat' dir='ltr'><strong>intelligis.</strong></span> <span class='ocrx_word' id='word_1_246' title='bbox 1260 2273 1299 2330; x_wconf 91' lang='lat' dir='ltr'><strong>In</strong></span> <span class='ocrx_word' id='word_1_247' title='bbox 1323 2271 1476 2350; x_wconf 83' lang='lat' dir='ltr'><strong>opusculis</strong></span> 
     </span>
     <span class='ocr_line' id='line_1_25' title="bbox 262 2351 1476 2430; baseline 0.002 -22"><span class='ocrx_word' id='word_1_248' title='bbox 262 2359 358 2410; x_wconf 89' lang='lat' dir='ltr'><strong>autern</strong></span> <span class='ocrx_word' id='word_1_249' title='bbox 371 2352 570 2426; x_wconf 88' lang='lat' dir='ltr'><strong>posteriorum,</strong></span> <span class='ocrx_word' id='word_1_250' title='bbox 586 2373 650 2430; x_wconf 83' lang='lat' dir='ltr'><strong>quoe</strong></span> <span class='ocrx_word' id='word_1_251' title='bbox 664 2353 746 2412; x_wconf 88' lang='lat' dir='ltr'><strong>libris</strong></span> <span class='ocrx_word' id='word_1_252' title='bbox 760 2353 1017 2414; x_wconf 77' lang='lat' dir='ltr'><strong>innumerabilibus</strong></span> <span class='ocrx_word' id='word_1_253' title='bbox 1031 2353 1220 2429; x_wconf 87' lang='lat' dir='ltr'><strong>continentur,</strong></span> <span class='ocrx_word' id='word_1_254' title='bbox 1236 2351 1289 2410; x_wconf 86' lang='lat' dir='ltr'><strong>scd</strong></span> <span class='ocrx_word' id='word_1_255' title='bbox 1302 2351 1476 2411; x_wconf 91' lang='lat' dir='ltr'><strong>nullomodo</strong></span> 
     </span>
     <span class='ocr_line' id='line_1_26' title="bbox 261 2429 1474 2511; baseline 0.002 -24"><span class='ocrx_word' id='word_1_256' title='bbox 261 2429 320 2488; x_wconf 81' lang='lat' dir='ltr'><strong>illa</strong></span> <span class='ocrx_word' id='word_1_257' title='bbox 335 2430 535 2490; x_wconf 78' lang='lat' dir='ltr'><strong>sacratissima</strong></span> <span class='ocrx_word' id='word_1_258' title='bbox 546 2431 754 2492; x_wconf 75' lang='lat' dir='ltr'><strong>canonicarum</strong></span> <span class='ocrx_word' id='word_1_259' title='bbox 767 2433 979 2511; x_wconf 87' lang='lat' dir='ltr'><strong>Scripturarum</strong></span> <span class='ocrx_word' id='word_1_260' title='bbox 989 2433 1168 2494; x_wconf 71' lang='lat' dir='ltr'><strong>excellentie</strong></span> <span class='ocrx_word' id='word_1_261' title='bbox 1177 2440 1373 2510; x_wconf 69' lang='lat' dir='ltr'><strong>coaequantur,</strong></span> <span class='ocrx_word' id='word_1_262' title='bbox 1382 2433 1474 2490; x_wconf 89' lang='lat' dir='ltr'><strong>etiam</strong></span> 
     </span>
     <span class='ocr_line' id='line_1_27' title="bbox 262 2509 1474 2592; baseline 0.002 -24"><span class='ocrx_word' id='word_1_263' title='bbox 262 2511 292 2568; x_wconf 88' lang='lat' dir='ltr'><strong>in</strong></span> <span class='ocrx_word' id='word_1_264' title='bbox 303 2509 522 2587; x_wconf 90' lang='lat' dir='ltr'><strong>quibuscunque</strong></span> <span class='ocrx_word' id='word_1_265' title='bbox 531 2531 629 2570; x_wconf 92' lang='lat' dir='ltr'><strong>eorum</strong></span> <span class='ocrx_word' id='word_1_266' title='bbox 641 2512 790 2572; x_wconf 89' lang='lat' dir='ltr'><strong>invenitur</strong></span> <span class='ocrx_word' id='word_1_267' title='bbox 802 2533 855 2591; x_wconf 92' lang='lat' dir='ltr'><strong>par</strong></span> <span class='ocrx_word' id='word_1_268' title='bbox 865 2514 981 2589; x_wconf 86' lang='lat' dir='ltr'><strong>veritas,</strong></span> <span class='ocrx_word' id='word_1_269' title='bbox 996 2515 1083 2592; x_wconf 84' lang='lat' dir='ltr'><strong>longe</strong></span> <span class='ocrx_word' id='word_1_270' title='bbox 1092 2523 1189 2574; x_wconf 86' lang='lat' dir='ltr'><strong>tamen</strong></span> <span class='ocrx_word' id='word_1_271' title='bbox 1202 2521 1247 2572; x_wconf 90' lang='lat' dir='ltr'><strong>est</strong></span> <span class='ocrx_word' id='word_1_272' title='bbox 1260 2513 1355 2590; x_wconf 83' lang='lat' dir='ltr'><strong>impar</strong></span> <span class='ocrx_word' id='word_1_273' title='bbox 1368 2511 1474 2571; x_wconf 88' lang='lat' dir='ltr'><strong>autho·</strong></span> 
     </span>
    </p>
   </div>
   <div class='ocr_carea' id='block_1_3' title="bbox 262 2588 1575 2671">
    <p class='ocr_par' dir='ltr' id='par_1_3' title="bbox 262 2588 1575 2671">
     <span class='ocr_line' id='line_1_28' title="bbox 262 2588 1575 2671; baseline 0.002 -23"><span class='ocrx_word' id='word_1_274' title='bbox 262 2589 362 2648; x_wconf 82' lang='lat' dir='ltr'><strong>ritas.&#39;&#39;</strong></span> <span class='ocrx_word' id='word_1_275' title='bbox 386 2588 556 2668; x_wconf 87' lang='lat' dir='ltr'><strong>Hieronym.</strong></span> <span class='ocrx_word' id='word_1_276' title='bbox 572 2611 630 2650; x_wconf 91' lang='lat' dir='ltr'><strong>non</strong></span> <span class='ocrx_word' id='word_1_277' title='bbox 644 2591 822 2668; x_wconf 79' lang='lat' dir='ltr'><strong>absimiliter,</strong></span> <span class='ocrx_word' id='word_1_278' title='bbox 838 2593 921 2671; x_wconf 88' lang='lat' dir='ltr'><strong>epist.</strong></span> <span class='ocrx_word' id='word_1_279' title='bbox 935 2593 998 2654; x_wconf 88' lang='lat' dir='ltr'><strong>lxii.</strong></span> <span class='ocrx_word' id='word_1_280' title='bbox 1012 2595 1050 2653; x_wconf 91' lang='lat' dir='ltr'><strong>ad</strong></span> <span class='ocrx_word' id='word_1_281' title='bbox 1064 2593 1193 2671; x_wconf 85' lang='lat' dir='ltr'><strong>Theoph.</strong></span> <span class='ocrx_word' id='word_1_282' title='bbox 1204 2591 1353 2652; x_wconf 82' lang='lat' dir='ltr'><strong>Alexand.</strong></span> <span class='ocrx_word' id='word_1_283' title='bbox 1375 2592 1475 2650; x_wconf 85' lang='lat' dir='ltr'><strong>“Scio</strong></span> <span class='ocrx_word' id='word_1_284' title='bbox 1574 2655 1575 2667; x_wconf 47' lang='lat'><strong>,</strong></span> 
     </span>
    </p>
   </div>
   <div class='ocr_carea' id='block_1_4' title="bbox 261 2667 1474 2831">
    <p class='ocr_par' dir='ltr' id='par_1_4' title="bbox 261 2667 1474 2831">
     <span class='ocr_line' id='line_1_29' title="bbox 261 2667 1474 2751; baseline 0.002 -23"><span class='ocrx_word' id='word_1_285' title='bbox 261 2689 308 2728; x_wconf 88' lang='lat' dir='ltr'><strong>rae</strong></span> <span class='ocrx_word' id='word_1_286' title='bbox 322 2667 406 2727; x_wconf 88' lang='lat' dir='ltr'><strong>aliter</strong></span> <span class='ocrx_word' id='word_1_287' title='bbox 419 2667 525 2730; x_wconf 89' lang='lat' dir='ltr'><strong>habere</strong></span> <span class='ocrx_word' id='word_1_288' title='bbox 539 2670 707 2749; x_wconf 90' lang='lat' dir='ltr'><strong>Apostolos,</strong></span> <span class='ocrx_word' id='word_1_289' title='bbox 722 2671 806 2732; x_wconf 90' lang='lat' dir='ltr'><strong>aliter</strong></span> <span class='ocrx_word' id='word_1_290' title='bbox 825 2673 938 2751; x_wconf 88' lang='lat' dir='ltr'><strong>aliquos</strong></span> <span class='ocrx_word' id='word_1_291' title='bbox 958 2675 1156 2749; x_wconf 86' lang='lat' dir='ltr'><strong>Tractatores;</strong></span> <span class='ocrx_word' id='word_1_292' title='bbox 1179 2673 1245 2732; x_wconf 89' lang='lat' dir='ltr'><strong>illos</strong></span> <span class='ocrx_word' id='word_1_293' title='bbox 1266 2691 1382 2750; x_wconf 88' lang='lat' dir='ltr'><strong>semper</strong></span> <span class='ocrx_word' id='word_1_294' title='bbox 1402 2691 1474 2731; x_wconf 87' lang='lat' dir='ltr'><strong>vcra</strong></span> 
     </span>
     <span class='ocr_line' id='line_1_30' title="bbox 262 2747 1473 2831; baseline 0.002 -25"><span class='ocrx_word' id='word_1_295' title='bbox 262 2747 366 2823; x_wconf 87' lang='lat' dir='ltr'><strong>dicere,</strong></span> <span class='ocrx_word' id='word_1_296' title='bbox 381 2747 453 2808; x_wconf 88' lang='lat' dir='ltr'><strong>istos</strong></span> <span class='ocrx_word' id='word_1_297' title='bbox 474 2749 505 2808; x_wconf 93' lang='lat' dir='ltr'><strong>in</strong></span> <span class='ocrx_word' id='word_1_298' title='bbox 529 2750 701 2828; x_wconf 88' lang='lat' dir='ltr'><strong>quibusdam</strong></span> <span class='ocrx_word' id='word_1_299' title='bbox 723 2761 756 2812; x_wconf 91' lang='lat' dir='ltr'><strong>ut</strong></span> <span class='ocrx_word' id='word_1_300' title='bbox 777 2753 909 2813; x_wconf 89' lang='lat' dir='ltr'><strong>homines</strong></span> <span class='ocrx_word' id='word_1_301' title='bbox 931 2755 1062 2831; x_wconf 87' lang='lat' dir='ltr'><strong>errare;”</strong></span> <span class='ocrx_word' id='word_1_302' title='bbox 1084 2762 1114 2812; x_wconf 87' lang='lat' dir='ltr'><strong>et</strong></span> <span class='ocrx_word' id='word_1_303' title='bbox 1137 2754 1221 2830; x_wconf 89' lang='lat' dir='ltr'><strong>epist.</strong></span> <span class='ocrx_word' id='word_1_304' title='bbox 1233 2751 1330 2810; x_wconf 82' lang='lat' dir='ltr'><strong>lxxvi.</strong></span> <span class='ocrx_word' id='word_1_305' title='bbox 1375 2751 1473 2830; x_wconf 86' lang='lat' dir='ltr'><strong>“Ego</strong></span> 
     </span>
    </p>
   </div>
   <div class='ocr_carea' id='block_1_5' title="bbox 262 2828 1573 2990">
    <p class='ocr_par' dir='ltr' id='par_1_5' title="bbox 262 2828 1573 2990">
     <span class='ocr_line' id='line_1_31' title="bbox 262 2828 1573 2912; baseline 0 -22"><span class='ocrx_word' id='word_1_306' title='bbox 262 2828 418 2906; x_wconf 85' lang='lat' dir='ltr'><strong>Origenem</strong></span> <span class='ocrx_word' id='word_1_307' title='bbox 431 2839 548 2908; x_wconf 88' lang='lat' dir='ltr'><strong>propter</strong></span> <span class='ocrx_word' id='word_1_308' title='bbox 562 2830 752 2891; x_wconf 91' lang='lat' dir='ltr'><strong>eruditionem</strong></span> <span class='ocrx_word' id='word_1_309' title='bbox 773 2833 815 2892; x_wconf 89' lang='lat' dir='ltr'><strong>sic</strong></span> <span class='ocrx_word' id='word_1_310' title='bbox 828 2833 973 2893; x_wconf 90' lang='lat' dir='ltr'><strong>interdum</strong></span> <span class='ocrx_word' id='word_1_311' title='bbox 992 2833 1149 2912; x_wconf 84' lang='lat' dir='ltr'><strong>legendum</strong></span> <span class='ocrx_word' id='word_1_312' title='bbox 1169 2833 1301 2907; x_wconf 79' lang='lat' dir='ltr'><strong>arbitror,</strong></span> <span class='ocrx_word' id='word_1_313' title='bbox 1324 2831 1472 2909; x_wconf 89' lang='lat' dir='ltr'><strong>quomodo</strong></span> <span class='ocrx_word' id='word_1_314' title='bbox 1572 2833 1573 2861; x_wconf 63' lang='lat'>¹</span> 
     </span>
     <span class='ocr_line' id='line_1_32' title="bbox 262 2907 1572 2990; baseline 0.001 -22"><span class='ocrx_word' id='word_1_315' title='bbox 262 2907 481 2986; x_wconf 80' lang='lat' dir='ltr'><strong>Tertullianum,</strong></span> <span class='ocrx_word' id='word_1_316' title='bbox 497 2911 652 2988; x_wconf 78' lang='lat' dir='ltr'><strong>Nouatum,</strong></span> <span class='ocrx_word' id='word_1_317' title='bbox 669 2911 841 2988; x_wconf 84' lang='lat' dir='ltr'><strong>Amobium,</strong></span> <span class='ocrx_word' id='word_1_318' title='bbox 852 2923 881 2972; x_wconf 90' lang='lat' dir='ltr'><strong>et</strong></span> <span class='ocrx_word' id='word_1_319' title='bbox 894 2913 1048 2972; x_wconf 91' lang='lat' dir='ltr'><strong>nonnullos</strong></span> <span class='ocrx_word' id='word_1_320' title='bbox 1063 2913 1283 2972; x_wconf 88' lang='lat' dir='ltr'><strong>Ecclesiasticos</strong></span> <span class='ocrx_word' id='word_1_321' title='bbox 1299 2911 1471 2990; x_wconf 85' lang='lat' dir='ltr'><strong>Scriptores,</strong></span> <span class='ocrx_word' id='word_1_322' title='bbox 1571 2913 1572 2957; x_wconf 75' lang='lat' dir='ltr'><strong>l</strong></span> 
     </span>
    </p>
   </div>
   <div class='ocr_carea' id='block_1_6' title="bbox 261 2990 1474 3712">
    <p class='ocr_par' dir='ltr' id='par_1_6' title="bbox 261 2990 1474 3712">
     <span class='ocr_line' id='line_1_33' title="bbox 262 2990 1472 3071; baseline -0.001 -21"><span class='ocrx_word' id='word_1_323' title='bbox 262 2999 295 3050; x_wconf 92' lang='lat' dir='ltr'><strong>ut</strong></span> <span class='ocrx_word' id='word_1_324' title='bbox 308 2990 386 3050; x_wconf 90' lang='lat' dir='ltr'><strong>bona</strong></span> <span class='ocrx_word' id='word_1_325' title='bbox 399 3009 498 3050; x_wconf 89' lang='lat' dir='ltr'><strong>eorum</strong></span> <span class='ocrx_word' id='word_1_326' title='bbox 513 2991 662 3069; x_wconf 83' lang='lat' dir='ltr'><strong>eligemus,</strong></span> <span class='ocrx_word' id='word_1_327' title='bbox 687 2993 885 3070; x_wconf 87' lang='lat' dir='ltr'><strong>evitemusque</strong></span> <span class='ocrx_word' id='word_1_328' title='bbox 908 2994 1058 3070; x_wconf 88' lang='lat' dir='ltr'><strong>contraria,</strong></span> <span class='ocrx_word' id='word_1_329' title='bbox 1080 2993 1168 3071; x_wconf 89' lang='lat' dir='ltr'><strong>juxta</strong></span> <span class='ocrx_word' id='word_1_330' title='bbox 1182 2992 1359 3070; x_wconf 89' lang='lat' dir='ltr'><strong>Apostolum</strong></span> <span class='ocrx_word' id='word_1_331' title='bbox 1373 2991 1472 3050; x_wconf 87' lang='lat' dir='ltr'><strong>dicen·</strong></span> 
     </span>
     <span class='ocr_line' id='line_1_34' title="bbox 262 3068 1474 3151; baseline 0 -21"><span class='ocrx_word' id='word_1_332' title='bbox 262 3079 329 3146; x_wconf 91' lang='lat' dir='ltr'><strong>tem,</strong></span> <span class='ocrx_word' id='word_1_333' title='bbox 346 3068 443 3129; x_wconf 88' lang='lat' dir='ltr'><strong>omnia</strong></span> <span class='ocrx_word' id='word_1_334' title='bbox 456 3071 583 3148; x_wconf 87' lang='lat' dir='ltr'><strong>probate,</strong></span> <span class='ocrx_word' id='word_1_335' title='bbox 598 3071 678 3149; x_wconf 95' lang='lat' dir='ltr'><strong>quod</strong></span> <span class='ocrx_word' id='word_1_336' title='bbox 691 3071 797 3132; x_wconf 91' lang='lat' dir='ltr'><strong>bonum</strong></span> <span class='ocrx_word' id='word_1_337' title='bbox 813 3081 857 3132; x_wconf 89' lang='lat' dir='ltr'><strong>est</strong></span> <span class='ocrx_word' id='word_1_338' title='bbox 877 3073 1026 3132; x_wconf 84' lang='lat' dir='ltr'><strong>retinete.¹’</strong></span> <span class='ocrx_word' id='word_1_339' title='bbox 1069 3073 1136 3132; x_wconf 92' lang='lat' dir='ltr'><strong>Hoc</strong></span> <span class='ocrx_word' id='word_1_340' title='bbox 1155 3073 1262 3151; x_wconf 85' lang='lat' dir='ltr'><strong>passim</strong></span> <span class='ocrx_word' id='word_1_341' title='bbox 1283 3071 1421 3146; x_wconf 89' lang='lat' dir='ltr'><strong>inculcat,</strong></span> <span class='ocrx_word' id='word_1_342' title='bbox 1443 3081 1474 3130; x_wconf 89' lang='lat' dir='ltr'><strong>ct</strong></span> 
     </span>
     <span class='ocr_line' id='line_1_35' title="bbox 262 3149 1471 3230; baseline -0.002 -21"><span class='ocrx_word' id='word_1_343' title='bbox 262 3169 369 3228; x_wconf 81' lang='lat' dir='ltr'><strong>magna</strong></span> <span class='ocrx_word' id='word_1_344' title='bbox 380 3149 513 3212; x_wconf 88' lang='lat' dir='ltr'><strong>libertate</strong></span> <span class='ocrx_word' id='word_1_345' title='bbox 528 3152 687 3212; x_wconf 87' lang='lat' dir='ltr'><strong>censoriam</strong></span> <span class='ocrx_word' id='word_1_346' title='bbox 701 3153 845 3230; x_wconf 80' lang='lat' dir='ltr'><strong>virgulam</strong></span> <span class='ocrx_word' id='word_1_347' title='bbox 858 3150 1015 3212; x_wconf 86' lang='lat' dir='ltr'><strong>identidem</strong></span> <span class='ocrx_word' id='word_1_348' title='bbox 1029 3151 1146 3230; x_wconf 82' lang='lat' dir='ltr'><strong>stringit</strong></span> <span class='ocrx_word' id='word_1_349' title='bbox 1165 3154 1196 3210; x_wconf 90' lang='lat' dir='ltr'><strong>in</strong></span> <span class='ocrx_word' id='word_1_350' title='bbox 1210 3152 1392 3230; x_wconf 85' lang='lat' dir='ltr'><strong>superiorum</strong></span> <span class='ocrx_word' id='word_1_351' title='bbox 1406 3171 1471 3210; x_wconf 86' lang='lat' dir='ltr'><strong>sen-</strong></span> 
     </span>
     <span class='ocr_line' id='line_1_36' title="bbox 262 3231 1470 3310; baseline 0.001 -23"><span class='ocrx_word' id='word_1_352' title='bbox 262 3231 368 3288; x_wconf 88' lang='lat' dir='ltr'><strong>tentias</strong></span> <span class='ocrx_word' id='word_1_353' title='bbox 382 3237 412 3288; x_wconf 93' lang='lat' dir='ltr'><strong>et</strong></span> <span class='ocrx_word' id='word_1_354' title='bbox 426 3231 629 3308; x_wconf 87' lang='lat' dir='ltr'><strong>expositiones,</strong></span> <span class='ocrx_word' id='word_1_355' title='bbox 646 3232 703 3291; x_wconf 91' lang='lat' dir='ltr'><strong>imo</strong></span> <span class='ocrx_word' id='word_1_356' title='bbox 726 3232 805 3293; x_wconf 89' lang='lat' dir='ltr'><strong>etde</strong></span> <span class='ocrx_word' id='word_1_357' title='bbox 828 3232 941 3310; x_wconf 89' lang='lat' dir='ltr'><strong>scriptis</strong></span> <span class='ocrx_word' id='word_1_358' title='bbox 955 3232 1015 3290; x_wconf 90' lang='lat' dir='ltr'><strong>suis</strong></span> <span class='ocrx_word' id='word_1_359' title='bbox 1029 3232 1223 3310; x_wconf 80' lang='lat' dir='ltr'><strong>italoquitu13</strong></span> <span class='ocrx_word' id='word_1_360' title='bbox 1247 3235 1266 3265; x_wconf 88' lang='lat'><strong>“</strong></span> <span class='ocrx_word' id='word_1_361' title='bbox 1284 3231 1397 3309; x_wconf 90' lang='lat' dir='ltr'><strong>Siquis</strong></span> <span class='ocrx_word' id='word_1_362' title='bbox 1412 3251 1470 3288; x_wconf 87' lang='lat' dir='ltr'><strong>me-</strong></span> 
     </span>
     <span class='ocr_line' id='line_1_37' title="bbox 261 3307 1470 3389; baseline 0.003 -24"><span class='ocrx_word' id='word_1_363' title='bbox 261 3307 327 3380; x_wconf 90' lang='lat' dir='ltr'><strong>lius,</strong></span> <span class='ocrx_word' id='word_1_364' title='bbox 343 3309 401 3365; x_wconf 89' lang='lat' dir='ltr'><strong>imo</strong></span> <span class='ocrx_word' id='word_1_365' title='bbox 415 3311 513 3369; x_wconf 85' lang='lat' dir='ltr'><strong>verius</strong></span> <span class='ocrx_word' id='word_1_366' title='bbox 527 3311 641 3385; x_wconf 84' lang='lat' dir='ltr'><strong>dixerit,</strong></span> <span class='ocrx_word' id='word_1_367' title='bbox 663 3320 693 3371; x_wconf 88' lang='lat' dir='ltr'><strong>ot</strong></span> <span class='ocrx_word' id='word_1_368' title='bbox 712 3331 766 3370; x_wconf 89' lang='lat' dir='ltr'><strong>nos</strong></span> <span class='ocrx_word' id='word_1_369' title='bbox 786 3311 909 3372; x_wconf 89' lang='lat' dir='ltr'><strong>libenter</strong></span> <span class='ocrx_word' id='word_1_370' title='bbox 927 3311 1095 3372; x_wconf 86' lang='lat' dir='ltr'><strong>melioribus</strong></span> <span class='ocrx_word' id='word_1_371' title='bbox 1116 3313 1370 3389; x_wconf 86' lang='lat' dir='ltr'><strong>acquiescemus;”</strong></span> <span class='ocrx_word' id='word_1_372' title='bbox 1393 3331 1470 3369; x_wconf 84' lang='lat' dir='ltr'><strong>cem-</strong></span> 
     </span>
     <span class='ocr_line' id='line_1_38' title="bbox 262 3386 1469 3452; baseline 0.003 -9"><span class='ocrx_word' id='word_1_373' title='bbox 262 3395 368 3444; x_wconf 90' lang='lat' dir='ltr'><strong>menta.</strong></span> <span class='ocrx_word' id='word_1_374' title='bbox 391 3386 422 3444; x_wconf 92' lang='lat' dir='ltr'><strong>in</strong></span> <span class='ocrx_word' id='word_1_375' title='bbox 445 3389 541 3448; x_wconf 85' lang='lat' dir='ltr'><strong>Habe.</strong></span> <span class='ocrx_word' id='word_1_376' title='bbox 565 3399 594 3448; x_wconf 91' lang='lat' dir='ltr'><strong>et</strong></span> <span class='ocrx_word' id='word_1_377' title='bbox 609 3391 696 3450; x_wconf 87' lang='lat' dir='ltr'><strong>Zach.</strong></span> <span class='ocrx_word' id='word_1_378' title='bbox 711 3398 732 3449; x_wconf 91' lang='lat' dir='ltr'><strong>t.</strong></span> <span class='ocrx_word' id='word_1_379' title='bbox 747 3411 777 3450; x_wconf 87' lang='lat' dir='ltr'><strong>v.</strong></span> <span class='ocrx_word' id='word_1_380' title='bbox 799 3391 882 3450; x_wconf 90' lang='lat' dir='ltr'><strong>ldem</strong></span> <span class='ocrx_word' id='word_1_381' title='bbox 903 3399 1025 3452; x_wconf 89' lang='lat' dir='ltr'><strong>testatur</strong></span> <span class='ocrx_word' id='word_1_382' title='bbox 1038 3392 1213 3452; x_wconf 88' lang='lat' dir='ltr'><strong>Ambrosias</strong></span> <span class='ocrx_word' id='word_1_383' title='bbox 1227 3391 1263 3450; x_wconf 89' lang='lat' dir='ltr'><strong>de</strong></span> <span class='ocrx_word' id='word_1_384' title='bbox 1279 3391 1397 3450; x_wconf 86' lang='lat' dir='ltr'><strong>Domin</strong></span> <span class='ocrx_word' id='word_1_385' title='bbox 1420 3391 1469 3447; x_wconf 92' lang='lat' dir='ltr'><strong>ln-</strong></span> 
     </span>
     <span class='ocr_line' id='line_1_39' title="bbox 262 3465 1470 3548; baseline 0.005 -25"><span class='ocrx_word' id='word_1_386' title='bbox 262 3485 357 3525; x_wconf 86' lang='lat' dir='ltr'><strong>carna.</strong></span> <span class='ocrx_word' id='word_1_387' title='bbox 375 3465 500 3525; x_wconf 87' lang='lat' dir='ltr'><strong>Sacram.</strong></span> <span class='ocrx_word' id='word_1_388' title='bbox 516 3488 541 3527; x_wconf 92' lang='lat' dir='ltr'><strong>c.</strong></span> <span class='ocrx_word' id='word_1_389' title='bbox 556 3468 596 3528; x_wconf 91' lang='lat' dir='ltr'><strong>iii.</strong></span> <span class='ocrx_word' id='word_1_390' title='bbox 641 3471 658 3501; x_wconf 88' lang='lat'>“</span> <span class='ocrx_word' id='word_1_391' title='bbox 668 3469 744 3528; x_wconf 90' lang='lat' dir='ltr'><strong>Nolo</strong></span> <span class='ocrx_word' id='word_1_392' title='bbox 757 3471 842 3530; x_wconf 89' lang='lat' dir='ltr'><strong>nobis</strong></span> <span class='ocrx_word' id='word_1_393' title='bbox 852 3470 997 3548; x_wconf 86' lang='lat' dir='ltr'><strong>credatur;</strong></span> <span class='ocrx_word' id='word_1_394' title='bbox 1016 3472 1163 3548; x_wconf 85' lang='lat' dir='ltr'><strong>Scriptura</strong></span> <span class='ocrx_word' id='word_1_395' title='bbox 1175 3471 1326 3548; x_wconf 88' lang='lat' dir='ltr'><strong>recitetur;</strong></span> <span class='ocrx_word' id='word_1_396' title='bbox 1341 3491 1400 3529; x_wconf 91' lang='lat' dir='ltr'><strong>non</strong></span> <span class='ocrx_word' id='word_1_397' title='bbox 1414 3490 1470 3547; x_wconf 86' lang='lat' dir='ltr'><strong>ego</strong></span> 
     </span>
     <span class='ocr_line' id='line_1_40' title="bbox 261 3544 1470 3628; baseline 0.004 -25"><span class='ocrx_word' id='word_1_398' title='bbox 261 3544 327 3604; x_wconf 93' lang='lat' dir='ltr'><strong>dico</strong></span> <span class='ocrx_word' id='word_1_399' title='bbox 341 3565 359 3604; x_wconf 88' lang='lat' dir='ltr'><strong>a</strong></span> <span class='ocrx_word' id='word_1_400' title='bbox 371 3563 418 3604; x_wconf 90' lang='lat' dir='ltr'><strong>me</strong></span> <span class='ocrx_word' id='word_1_401' title='bbox 431 3545 500 3623; x_wconf 89' lang='lat' dir='ltr'><strong>quia</strong></span> <span class='ocrx_word' id='word_1_402' title='bbox 513 3547 544 3606; x_wconf 90' lang='lat' dir='ltr'><strong>in</strong></span> <span class='ocrx_word' id='word_1_403' title='bbox 557 3547 698 3626; x_wconf 87' lang='lat' dir='ltr'><strong>principio</strong></span> <span class='ocrx_word' id='word_1_404' title='bbox 712 3557 773 3609; x_wconf 89' lang='lat' dir='ltr'><strong>crat</strong></span> <span class='ocrx_word' id='word_1_405' title='bbox 787 3549 926 3627; x_wconf 82' lang='lat' dir='ltr'><strong>Verbum,</strong></span> <span class='ocrx_word' id='word_1_406' title='bbox 948 3551 1000 3611; x_wconf 91' lang='lat' dir='ltr'><strong>sed</strong></span> <span class='ocrx_word' id='word_1_407' title='bbox 1020 3551 1120 3628; x_wconf 86' lang='lat' dir='ltr'><strong>audio;</strong></span> <span class='ocrx_word' id='word_1_408' title='bbox 1140 3571 1200 3610; x_wconf 91' lang='lat' dir='ltr'><strong>non</strong></span> <span class='ocrx_word' id='word_1_409' title='bbox 1213 3571 1270 3628; x_wconf 85' lang='lat' dir='ltr'><strong>ego</strong></span> <span class='ocrx_word' id='word_1_410' title='bbox 1290 3551 1398 3628; x_wconf 86' lang='lat' dir='ltr'><strong>affingo</strong></span> <span class='ocrx_word' id='word_1_411' title='bbox 1419 3549 1470 3608; x_wconf 90' lang='lat' dir='ltr'><strong>sed</strong></span> 
     </span>
     <span class='ocr_line' id='line_1_41' title="bbox 261 3625 1470 3712; baseline 0.003 -28"><span class='ocrx_word' id='word_1_412' title='bbox 261 3625 358 3702; x_wconf 84' lang='lat' dir='ltr'><strong>lego,&#39;&#39;</strong></span> <span class='ocrx_word' id='word_1_413' title='bbox 382 3625 436 3687; x_wconf 78' lang='lat' dir='ltr'><strong>&amp;a</strong></span> <span class='ocrx_word' id='word_1_414' title='bbox 458 3635 488 3686; x_wconf 90' lang='lat' dir='ltr'><strong>et</strong></span> <span class='ocrx_word' id='word_1_415' title='bbox 509 3627 609 3704; x_wconf 83' lang='lat' dir='ltr'><strong>Cyrill.</strong></span> <span class='ocrx_word' id='word_1_416' title='bbox 632 3629 766 3690; x_wconf 88' lang='lat' dir='ltr'><strong>Hieroso.</strong></span> <span class='ocrx_word' id='word_1_417' title='bbox 789 3631 905 3692; x_wconf 80' lang='lat' dir='ltr'><strong>(letech.</strong></span> <span class='ocrx_word' id='word_1_418' title='bbox 926 3631 977 3690; x_wconf 86' lang='lat' dir='ltr'><strong>xii.</strong></span> <span class='ocrx_word' id='word_1_419' title='bbox 1021 3633 1039 3666; x_wconf 77' lang='lat'><strong>‘⁴</strong></span> <span class='ocrx_word' id='word_1_420' title='bbox 1058 3631 1135 3691; x_wconf 87' lang='lat' dir='ltr'><strong>Meis</strong></span> <span class='ocrx_word' id='word_1_421' title='bbox 1155 3632 1326 3691; x_wconf 88' lang='lat' dir='ltr'><strong>commentis</strong></span> <span class='ocrx_word' id='word_1_422' title='bbox 1350 3637 1470 3712; x_wconf 66' lang='grc' dir='ltr'><strong>ιὺςιηλι-</strong></span> 
     </span>
    </p>
   </div>
   <div class='ocr_carea' id='block_1_7' title="bbox 261 3705 1564 3790">
    <p class='ocr_par' dir='ltr' id='par_1_7' title="bbox 261 3705 1564 3790">
     <span class='ocr_line' id='line_1_42' title="bbox 261 3705 1564 3790; baseline 0.005 -26"><span class='ocrx_word' id='word_1_423' title='bbox 261 3710 330 3779; x_wconf 69' lang='grc' dir='ltr'><strong><em>γίαις</em></strong></span> <span class='ocrx_word' id='word_1_424' title='bbox 350 3728 409 3768; x_wconf 90' lang='lat' dir='ltr'><strong>non</strong></span> <span class='ocrx_word' id='word_1_425' title='bbox 421 3705 548 3782; x_wconf 87' lang='lat' dir='ltr'><strong>attende,</strong></span> <span class='ocrx_word' id='word_1_426' title='bbox 573 3727 674 3784; x_wconf 89' lang='lat' dir='ltr'><strong>posses</strong></span> <span class='ocrx_word' id='word_1_427' title='bbox 696 3709 773 3768; x_wconf 87' lang='lat' dir='ltr'><strong>enim</strong></span> <span class='ocrx_word' id='word_1_428' title='bbox 793 3709 867 3770; x_wconf 86' lang='lat' dir='ltr'><strong>forte</strong></span> <span class='ocrx_word' id='word_1_429' title='bbox 891 3711 1003 3790; x_wconf 81' lang='lat' dir='ltr'><strong>decipi3</strong></span> <span class='ocrx_word' id='word_1_430' title='bbox 1026 3711 1078 3772; x_wconf 83' lang='lat' dir='ltr'><strong>aad</strong></span> <span class='ocrx_word' id='word_1_431' title='bbox 1100 3712 1157 3772; x_wconf 92' lang='lat' dir='ltr'><strong>nisi</strong></span> <span class='ocrx_word' id='word_1_432' title='bbox 1178 3712 1214 3771; x_wconf 90' lang='lat' dir='ltr'><strong>de</strong></span> <span class='ocrx_word' id='word_1_433' title='bbox 1244 3711 1370 3790; x_wconf 84' lang='lat' dir='ltr'><strong>singulis</strong></span> <span class='ocrx_word' id='word_1_434' title='bbox 1397 3712 1468 3770; x_wconf 91' lang='lat' dir='ltr'><strong>Pro-</strong></span> <span class='ocrx_word' id='word_1_435' title='bbox 1563 3719 1564 3730; x_wconf 62' lang='lat'>¹</span> 
     </span>
    </p>
   </div>
   <div class='ocr_carea' id='block_1_8' title="bbox 260 3786 1471 4427">
    <p class='ocr_par' dir='ltr' id='par_1_8' title="bbox 260 3786 1120 3866">
     <span class='ocr_line' id='line_1_43' title="bbox 260 3786 1120 3866; baseline 0.007 -21"><span class='ocrx_word' id='word_1_436' title='bbox 260 3787 412 3866; x_wconf 85' lang='lat' dir='ltr'><strong>phetamm</strong></span> <span class='ocrx_word' id='word_1_437' title='bbox 426 3786 590 3848; x_wconf 86' lang='lat' dir='ltr'><strong>testimonie</strong></span> <span class='ocrx_word' id='word_1_438' title='bbox 603 3789 756 3866; x_wconf 89' lang='lat' dir='ltr'><strong>acceperis,</strong></span> <span class='ocrx_word' id='word_1_439' title='bbox 771 3810 808 3850; x_wconf 90' lang='lat' dir='ltr'><strong>ne</strong></span> <span class='ocrx_word' id='word_1_440' title='bbox 822 3790 922 3852; x_wconf 88' lang='lat' dir='ltr'><strong>credes</strong></span> <span class='ocrx_word' id='word_1_441' title='bbox 936 3791 1050 3866; x_wconf 80' lang='lat' dir='ltr'><strong>dictis,”</strong></span> <span class='ocrx_word' id='word_1_442' title='bbox 1066 3789 1120 3851; x_wconf 77' lang='lat' dir='ltr'><strong>&amp;a</strong></span> 
     </span>
    </p>

    <p class='ocr_par' dir='ltr' id='par_1_9' title="bbox 260 3865 1471 4427">
     <span class='ocr_line' id='line_1_44' title="bbox 564 3865 1467 3948; baseline 0.004 -23"><span class='ocrx_word' id='word_1_443' title='bbox 564 3865 607 3927; x_wconf 88' lang='lat' dir='ltr'><strong>X.</strong></span> <span class='ocrx_word' id='word_1_444' title='bbox 628 3872 658 3928; x_wconf 82' lang='lat'><strong>4.</strong></span> <span class='ocrx_word' id='word_1_445' title='bbox 682 3868 827 3932; x_wconf 89' lang='lat' dir='ltr'><strong>Pontificii</strong></span> <span class='ocrx_word' id='word_1_446' title='bbox 854 3871 911 3948; x_wconf 89' lang='lat' dir='ltr'><strong>ipsi</strong></span> <span class='ocrx_word' id='word_1_447' title='bbox 937 3871 1141 3930; x_wconf 86' lang='lat' dir='ltr'><strong>authoritatem</strong></span> <span class='ocrx_word' id='word_1_448' title='bbox 1162 3871 1282 3930; x_wconf 82' lang='lat' dir='ltr'><strong>Patrem</strong></span> <span class='ocrx_word' id='word_1_449' title='bbox 1302 3869 1467 3948; x_wconf 88' lang='lat' dir='ltr'><strong>repudiant,</strong></span> 
     </span>
     <span class='ocr_line' id='line_1_45' title="bbox 523 3947 1469 4028; baseline 0.004 -22"><span class='ocrx_word' id='word_1_450' title='bbox 523 3947 636 4024; x_wconf 90' lang='lat' dir='ltr'><strong>quoties</strong></span> <span class='ocrx_word' id='word_1_451' title='bbox 650 3947 707 4008; x_wconf 91' lang='lat' dir='ltr'><strong>sibi</strong></span> <span class='ocrx_word' id='word_1_452' title='bbox 720 3949 867 4012; x_wconf 88' lang='lat' dir='ltr'><strong>adversari</strong></span> <span class='ocrx_word' id='word_1_453' title='bbox 880 3960 1050 4028; x_wconf 80' lang='lat' dir='ltr'><strong>agnoscunt,</strong></span> <span class='ocrx_word' id='word_1_454' title='bbox 1073 3960 1102 4011; x_wconf 93' lang='lat' dir='ltr'><strong>et</strong></span> <span class='ocrx_word' id='word_1_455' title='bbox 1115 3950 1205 4010; x_wconf 85' lang='lat' dir='ltr'><strong>libere</strong></span> <span class='ocrx_word' id='word_1_456' title='bbox 1219 3951 1256 4011; x_wconf 88' lang='lat' dir='ltr'><strong>ab</strong></span> <span class='ocrx_word' id='word_1_457' title='bbox 1270 3951 1307 4010; x_wconf 91' lang='lat' dir='ltr'><strong>iis</strong></span> <span class='ocrx_word' id='word_1_458' title='bbox 1320 3951 1469 4026; x_wconf 79' lang='lat' dir='ltr'><strong>recedunt,</strong></span> 
     </span>
     <span class='ocr_line' id='line_1_46' title="bbox 522 4028 1469 4124; baseline 0.004 -38"><span class='ocrx_word' id='word_1_459' title='bbox 522 4035 634 4087; x_wconf 91' lang='lat' dir='ltr'><strong>tantum</strong></span> <span class='ocrx_word' id='word_1_460' title='bbox 648 4028 730 4089; x_wconf 89' lang='lat' dir='ltr'><strong>abest</strong></span> <span class='ocrx_word' id='word_1_461' title='bbox 743 4036 776 4090; x_wconf 88' lang='lat' dir='ltr'><strong>ut</strong></span> <span class='ocrx_word' id='word_1_462' title='bbox 789 4049 839 4089; x_wconf 92' lang='lat' dir='ltr'><strong>eos</strong></span> <span class='ocrx_word' id='word_1_463' title='bbox 852 4051 904 4124; x_wconf 92' lang='lat' dir='ltr'><strong>pro</strong></span> <span class='ocrx_word' id='word_1_464' title='bbox 918 4030 940 4090; x_wconf 91' lang='lat' dir='ltr'><strong>J</strong></span> <span class='ocrx_word' id='word_1_465' title='bbox 941 4029 1075 4089; x_wconf 89' lang='lat' dir='ltr'><strong>udicibus</strong></span> <span class='ocrx_word' id='word_1_466' title='bbox 1084 4039 1244 4108; x_wconf 85' lang='lat' dir='ltr'><strong>agnoscant</strong></span> <span class='ocrx_word' id='word_1_467' title='bbox 1253 4030 1284 4088; x_wconf 92' lang='lat' dir='ltr'><strong>in</strong></span> <span class='ocrx_word' id='word_1_468' title='bbox 1293 4031 1381 4090; x_wconf 88' lang='lat' dir='ltr'><strong>rebus</strong></span> <span class='ocrx_word' id='word_1_469' title='bbox 1391 4031 1469 4090; x_wconf 89' lang='lat' dir='ltr'><strong>fidei.</strong></span> 
     </span>
     <span class='ocr_line' id='line_1_47' title="bbox 262 4101 1469 4188; baseline 0.007 -28"><span class='ocrx_word' id='word_1_470' title='bbox 262 4101 351 4163; x_wconf 89' lang='lat' dir='ltr'><strong>Plura</strong></span> <span class='ocrx_word' id='word_1_471' title='bbox 374 4113 496 4183; x_wconf 88' lang='lat' dir='ltr'><strong>possunt</strong></span> <span class='ocrx_word' id='word_1_472' title='bbox 518 4105 615 4166; x_wconf 82' lang='lat' dir='ltr'><strong>afferri</strong></span> <span class='ocrx_word' id='word_1_473' title='bbox 637 4108 703 4168; x_wconf 91' lang='lat' dir='ltr'><strong>loca</strong></span> <span class='ocrx_word' id='word_1_474' title='bbox 726 4111 784 4168; x_wconf 92' lang='lat' dir='ltr'><strong>huc</strong></span> <span class='ocrx_word' id='word_1_475' title='bbox 807 4110 941 4170; x_wconf 80' lang='lat' dir='ltr'><strong>facientia</strong></span> <span class='ocrx_word' id='word_1_476' title='bbox 961 4119 1066 4187; x_wconf 88' lang='lat' dir='ltr'><strong>praeter</strong></span> <span class='ocrx_word' id='word_1_477' title='bbox 1086 4130 1121 4169; x_wconf 88' lang='lat' dir='ltr'><strong>aa</strong></span> <span class='ocrx_word' id='word_1_478' title='bbox 1140 4130 1205 4188; x_wconf 83' lang='lat' dir='ltr'><strong>quac</strong></span> <span class='ocrx_word' id='word_1_479' title='bbox 1227 4130 1265 4169; x_wconf 87' lang='lat' dir='ltr'><strong>ex</strong></span> <span class='ocrx_word' id='word_1_480' title='bbox 1280 4110 1469 4185; x_wconf 85' lang='lat' dir='ltr'><strong>Bellarmirro,</strong></span> 
     </span>
     <span class='ocr_line' id='line_1_48' title="bbox 262 4181 1470 4268; baseline 0.008 -28"><span class='ocrx_word' id='word_1_481' title='bbox 262 4181 347 4242; x_wconf 87' lang='lat' dir='ltr'><strong>Sixto</strong></span> <span class='ocrx_word' id='word_1_482' title='bbox 363 4185 491 4260; x_wconf 86' lang='lat' dir='ltr'><strong>Senensi,</strong></span> <span class='ocrx_word' id='word_1_483' title='bbox 514 4194 544 4246; x_wconf 90' lang='lat' dir='ltr'><strong>et</strong></span> <span class='ocrx_word' id='word_1_484' title='bbox 560 4187 725 4248; x_wconf 85' lang='lat' dir='ltr'><strong>Salmerone</strong></span> <span class='ocrx_word' id='word_1_485' title='bbox 739 4197 806 4248; x_wconf 87' lang='lat' dir='ltr'><strong>ante</strong></span> <span class='ocrx_word' id='word_1_486' title='bbox 820 4189 908 4249; x_wconf 90' lang='lat' dir='ltr'><strong>allata</strong></span> <span class='ocrx_word' id='word_1_487' title='bbox 921 4197 997 4250; x_wconf 87' lang='lat' dir='ltr'><strong>sunt.</strong></span> <span class='ocrx_word' id='word_1_488' title='bbox 1041 4189 1193 4266; x_wconf 76' lang='lat' dir='ltr'><strong>C&#39;ojctoaus</strong></span> <span class='ocrx_word' id='word_1_489' title='bbox 1208 4188 1333 4268; x_wconf 81' lang='lat' dir='ltr'><strong>(praefat.</strong></span> <span class='ocrx_word' id='word_1_490' title='bbox 1348 4191 1379 4249; x_wconf 94' lang='lat' dir='ltr'><strong>in</strong></span> <span class='ocrx_word' id='word_1_491' title='bbox 1393 4191 1470 4250; x_wconf 87' lang='lat' dir='ltr'><strong>Pen-</strong></span> 
     </span>
     <span class='ocr_line' id='line_1_49' title="bbox 260 4261 1470 4350; baseline 0.009 -31"><span class='ocrx_word' id='word_1_492' title='bbox 260 4261 326 4339; x_wconf 85' lang='lat' dir='ltr'><strong>tat)</strong></span> <span class='ocrx_word' id='word_1_493' title='bbox 342 4263 464 4340; x_wconf 88' lang='lat' dir='ltr'><strong>loquens</strong></span> <span class='ocrx_word' id='word_1_494' title='bbox 486 4265 522 4326; x_wconf 91' lang='lat' dir='ltr'><strong>de</strong></span> <span class='ocrx_word' id='word_1_495' title='bbox 545 4267 606 4326; x_wconf 86' lang='lat' dir='ltr'><strong>suis</strong></span> <span class='ocrx_word' id='word_1_496' title='bbox 627 4268 658 4326; x_wconf 90' lang='lat' dir='ltr'><strong>in</strong></span> <span class='ocrx_word' id='word_1_497' title='bbox 674 4268 850 4346; x_wconf 87' lang='lat' dir='ltr'><strong>Scripturam</strong></span> <span class='ocrx_word' id='word_1_498' title='bbox 864 4269 1097 4330; x_wconf 89' lang='lat' dir='ltr'><strong>commentariis:</strong></span> <span class='ocrx_word' id='word_1_499' title='bbox 1121 4273 1139 4304; x_wconf 73' lang='lat'><strong>‘⁶</strong></span> <span class='ocrx_word' id='word_1_500' title='bbox 1155 4269 1186 4330; x_wconf 89' lang='lat' dir='ltr'><strong>Si</strong></span> <span class='ocrx_word' id='word_1_501' title='bbox 1200 4269 1349 4348; x_wconf 87' lang='lat' dir='ltr'><strong>quando,”</strong></span> <span class='ocrx_word' id='word_1_502' title='bbox 1364 4271 1470 4350; x_wconf 81' lang='lat' dir='ltr'><strong>inquit,</strong></span> 
     </span>
     <span class='ocr_line' id='line_1_50' title="bbox 261 4339 1471 4427; baseline 0.011 -29"><span class='ocrx_word' id='word_1_503' title='bbox 261 4339 410 4401; x_wconf 86' lang='lat' dir='ltr'><strong>“occmrit</strong></span> <span class='ocrx_word' id='word_1_504' title='bbox 423 4365 516 4404; x_wconf 83' lang='lat' dir='ltr'><strong>novus</strong></span> <span class='ocrx_word' id='word_1_505' title='bbox 531 4365 633 4407; x_wconf 88' lang='lat' dir='ltr'><strong>sensus</strong></span> <span class='ocrx_word' id='word_1_506' title='bbox 647 4349 740 4408; x_wconf 84' lang='lat' dir='ltr'><strong>textui</strong></span> <span class='ocrx_word' id='word_1_507' title='bbox 754 4367 924 4424; x_wconf 87' lang='lat' dir='ltr'><strong>consonans,</strong></span> <span class='ocrx_word' id='word_1_508' title='bbox 939 4368 992 4408; x_wconf 90' lang='lat' dir='ltr'><strong>nec</strong></span> <span class='ocrx_word' id='word_1_509' title='bbox 1006 4369 1024 4408; x_wconf 90' lang='lat' dir='ltr'><strong>a</strong></span> <span class='ocrx_word' id='word_1_510' title='bbox 1040 4349 1069 4410; x_wconf 89' lang='lat' dir='ltr'><strong>S.</strong></span> <span class='ocrx_word' id='word_1_511' title='bbox 1082 4350 1237 4427; x_wconf 86' lang='lat' dir='ltr'><strong>Scriptura,</strong></span> <span class='ocrx_word' id='word_1_512' title='bbox 1250 4370 1304 4410; x_wconf 91' lang='lat' dir='ltr'><strong>nec</strong></span> <span class='ocrx_word' id='word_1_513' title='bbox 1318 4349 1356 4409; x_wconf 86' lang='lat' dir='ltr'><strong>ab</strong></span> <span class='ocrx_word' id='word_1_514' title='bbox 1366 4351 1471 4411; x_wconf 90' lang='lat' dir='ltr'><strong>Eccle-</strong></span> 
     </span>
    </p>
   </div>
   <div class='ocr_carea' id='block_1_9' title="bbox 260 3919 502 4052">
    <p class='ocr_par' dir='ltr' id='par_1_10' title="bbox 260 3919 502 4052">
     <span class='ocr_line' id='line_1_51' title="bbox 260 3919 502 3992; baseline 0 -15"><span class='ocrx_word' id='word_1_515' title='bbox 260 3931 275 3977; x_wconf 83' lang='lat'>4</span> <span class='ocrx_word' id='word_1_516' title='bbox 304 3919 431 3979; x_wconf 79' lang='lat' dir='ltr'><strong>&#39;Poncttett</strong></span> <span class='ocrx_word' id='word_1_517' title='bbox 456 3933 502 3992; x_wconf 75' lang='lat' dir='ltr'><strong>ape</strong></span> 
     </span>
     <span class='ocr_line' id='line_1_52' title="bbox 271 3991 490 4052; baseline 0.014 -16"><span class='ocrx_word' id='word_1_518' title='bbox 271 3991 358 4038; x_wconf 83' lang='lat' dir='ltr'><strong>Patres</strong></span> <span class='ocrx_word' id='word_1_519' title='bbox 369 3993 490 4052; x_wconf 76' lang='lat' dir='ltr'><strong>rejiciunt.</strong></span> 
     </span>
    </p>
   </div>
   <div class='ocr_carea' id='block_1_10' title="bbox 257 4415 1472 4748">
    <p class='ocr_par' dir='ltr' id='par_1_11' title="bbox 257 4415 1472 4748">
     <span class='ocr_line' id='line_1_53' title="bbox 259 4415 1472 4510; baseline 0.016 -39"><span class='ocrx_word' id='word_1_520' title='bbox 259 4415 310 4472; x_wconf 79' lang='lat' dir='ltr'><strong>sia</strong></span> <span class='ocrx_word' id='word_1_521' title='bbox 324 4417 454 4480; x_wconf 89' lang='lat' dir='ltr'><strong>doctrina</strong></span> <span class='ocrx_word' id='word_1_522' title='bbox 468 4425 612 4502; x_wconf 88' lang='lat' dir='ltr'><strong>dissonus,</strong></span> <span class='ocrx_word' id='word_1_523' title='bbox 622 4429 755 4505; x_wconf 87' lang='lat' dir='ltr'><strong>quamvis</strong></span> <span class='ocrx_word' id='word_1_524' title='bbox 769 4449 786 4487; x_wconf 90' lang='lat' dir='ltr'><strong>a</strong></span> <span class='ocrx_word' id='word_1_525' title='bbox 800 4437 925 4489; x_wconf 87' lang='lat' dir='ltr'><strong>torrente</strong></span> <span class='ocrx_word' id='word_1_526' title='bbox 935 4429 1094 4490; x_wconf 88' lang='lat' dir='ltr'><strong>Doctorum</strong></span> <span class='ocrx_word' id='word_1_527' title='bbox 1108 4449 1252 4490; x_wconf 90' lang='lat' dir='ltr'><strong>sacrorum</strong></span> <span class='ocrx_word' id='word_1_528' title='bbox 1265 4431 1385 4506; x_wconf 89' lang='lat' dir='ltr'><strong>alienus,</strong></span> <span class='ocrx_word' id='word_1_529' title='bbox 1395 4449 1472 4510; x_wconf 79' lang='lat' dir='ltr'><strong>rogo</strong></span> 
     </span>
     <span class='ocr_line' id='line_1_54' title="bbox 260 4492 1470 4587; baseline 0.019 -38"><span class='ocrx_word' id='word_1_530' title='bbox 260 4492 396 4584; x_wconf 83' lang='lat' dir='ltr'><strong>Lectores</strong></span> <span class='ocrx_word' id='word_1_531' title='bbox 410 4519 559 4564; x_wconf 87' lang='lat' dir='ltr'><strong>omnesne</strong></span> <span class='ocrx_word' id='word_1_532' title='bbox 573 4506 734 4584; x_wconf 76' lang='lat' dir='ltr'><strong>precipites</strong></span> <span class='ocrx_word' id='word_1_533' title='bbox 748 4508 933 4584; x_wconf 87' lang='lat' dir='ltr'><strong>detestentur,</strong></span> <span class='ocrx_word' id='word_1_534' title='bbox 947 4509 998 4568; x_wconf 89' lang='lat' dir='ltr'><strong>sed</strong></span> <span class='ocrx_word' id='word_1_535' title='bbox 1012 4529 1111 4587; x_wconf 85' lang='lat' dir='ltr'><strong>aequos</strong></span> <span class='ocrx_word' id='word_1_536' title='bbox 1122 4529 1152 4568; x_wconf 92' lang='lat' dir='ltr'><strong>se</strong></span> <span class='ocrx_word' id='word_1_537' title='bbox 1161 4509 1310 4586; x_wconf 73' lang='lat' dir='ltr'><strong>prebeant</strong></span> <span class='ocrx_word' id='word_1_538' title='bbox 1323 4529 1470 4573; x_wconf 82' lang='lat' dir='ltr'><strong>censores.</strong></span> 
     </span>
     <span class='ocr_line' id='line_1_55' title="bbox 260 4571 1470 4666; baseline 0.021 -39"><span class='ocrx_word' id='word_1_539' title='bbox 260 4571 337 4629; x_wconf 78' lang='lat' dir='ltr'><strong>Solis</strong></span> <span class='ocrx_word' id='word_1_540' title='bbox 353 4574 447 4636; x_wconf 77' lang='lat' dir='ltr'><strong>Sacrae</strong></span> <span class='ocrx_word' id='word_1_541' title='bbox 463 4581 618 4660; x_wconf 76' lang='lat' dir='ltr'><strong>Scriptura</strong></span> <span class='ocrx_word' id='word_1_542' title='bbox 632 4586 801 4648; x_wconf 84' lang='lat' dir='ltr'><strong>authoribus</strong></span> <span class='ocrx_word' id='word_1_543' title='bbox 814 4598 960 4649; x_wconf 86' lang='lat' dir='ltr'><strong>reservata</strong></span> <span class='ocrx_word' id='word_1_544' title='bbox 980 4590 1139 4650; x_wconf 87' lang='lat' dir='ltr'><strong>authoritas</strong></span> <span class='ocrx_word' id='word_1_545' title='bbox 1152 4589 1215 4648; x_wconf 82' lang='lat' dir='ltr'><strong>hrec</strong></span> <span class='ocrx_word' id='word_1_546' title='bbox 1227 4598 1281 4666; x_wconf 86' lang='lat' dir='ltr'><strong>est,</strong></span> <span class='ocrx_word' id='word_1_547' title='bbox 1297 4597 1331 4648; x_wconf 88' lang='lat' dir='ltr'><strong>ut</strong></span> <span class='ocrx_word' id='word_1_548' title='bbox 1344 4589 1410 4649; x_wconf 87' lang='lat' dir='ltr'><strong>ideo</strong></span> <span class='ocrx_word' id='word_1_549' title='bbox 1425 4593 1470 4654; x_wconf 88' lang='lat' dir='ltr'><strong>sic</strong></span> 
     </span>
     <span class='ocr_line' id='line_1_56' title="bbox 257 4649 1468 4748; baseline 0.02 -41"><span class='ocrx_word' id='word_1_550' title='bbox 257 4649 408 4713; x_wconf 87' lang='lat' dir='ltr'><strong>credamus</strong></span> <span class='ocrx_word' id='word_1_551' title='bbox 422 4677 494 4734; x_wconf 86' lang='lat' dir='ltr'><strong>esse,</strong></span> <span class='ocrx_word' id='word_1_552' title='bbox 509 4663 578 4737; x_wconf 90' lang='lat' dir='ltr'><strong>quia</strong></span> <span class='ocrx_word' id='word_1_553' title='bbox 598 4665 652 4742; x_wconf 90' lang='lat' dir='ltr'><strong>ipsi</strong></span> <span class='ocrx_word' id='word_1_554' title='bbox 673 4667 714 4726; x_wconf 87' lang='lat' dir='ltr'><strong>ita</strong></span> <span class='ocrx_word' id='word_1_555' title='bbox 736 4667 919 4746; x_wconf 85' lang='lat' dir='ltr'><strong>scripserunt.</strong></span> <span class='ocrx_word' id='word_1_556' title='bbox 963 4669 1068 4730; x_wconf 86' lang='lat' dir='ltr'><strong>‘Alios</strong></span> <span class='ocrx_word' id='word_1_557' title='bbox 1088 4670 1203 4744; x_wconf 87' lang='lat' dir='ltr'><strong>autem,&#39;</strong></span> <span class='ocrx_word' id='word_1_558' title='bbox 1226 4669 1322 4746; x_wconf 88' lang='lat' dir='ltr'><strong>inquit</strong></span> <span class='ocrx_word' id='word_1_559' title='bbox 1336 4669 1468 4748; x_wconf 85' lang='lat' dir='ltr'><strong>August.</strong></span> 
     </span>
    </p>
   </div>
   <div class='ocr_carea' id='block_1_11' title="bbox 0 0 1580 5178">
    <p class='ocr_par' dir='ltr' id='par_1_12' title="bbox 0 0 1580 5178">
     <span class='ocr_line' id='line_1_57' title="bbox 0 0 1580 5178; baseline 0 0"><span class='ocrx_word' id='word_1_560' title='bbox 0 0 1580 5178; x_wconf 95' lang='lat' dir='ltr'><strong> </strong></span> 
     </span>
    </p>
   </div>
  </div>
 </body>
</html>
