3160 5194
583 389 716 438 ORATIO
733 389 919 438 sursulus
1268 399 1355 442 xxxv

140 551 402 627 lloaeaelaam,
418 549 656 617 eruditissimum
677 555 861 630 Hottonem,
878 557 1073 638 rontynarrn
1091 553 1229 632 Goliam,
1246 557 1351 622 iacun-

140 649 305 714 dissimum
318 651 501 727 AEmilinm,
516 651 653 734 aliosque
665 651 771 730 Viros,
786 653 925 717 dicamne
941 653 1060 729 heroas,
1077 659 1101 716 tr
1117 662 1154 738 τῇ
1170 650 1194 715 r’
1209 663 1349 742 ἀνθρωπίνῃ

141 758 192 810 zat
206 753 271 830 θείᾳ
291 759 376 832 σοφίᾳ
393 755 561 830 πεντάθλους,
579 750 795 816 collabentium
811 753 971 816 literarum
994 751 1228 829 instauratores,
1246 755 1349 819 erudi·

139 847 235 912 tionis
250 847 423 930 principes.
475 848 601 913 Illorum
615 851 746 930 publicis
762 851 954 931 privatisque
967 849 1052 930 pasci
1073 853 1184 915 arebat
1201 853 1347 917 sermoni·

138 947 208 1022 bus,
226 954 261 1010 et
275 947 516 1012 contubernium
531 969 621 1013 omne
636 949 1015 1031 eruditionisvirtutisque
1029 969 1141 1032 expers
1152 949 1348 1016 solitudinem

136 1045 358 1125 appellitabat
410 1045 577 1126 Ultraq'ecti
600 1069 661 1111 non
685 1047 752 1112 sine
775 1055 903 1129 stupore
919 1048 998 1114 vidit
1014 1046 1180 1130 Virginem
1205 1050 1346 1114 doetissi-

137 1163 229 1219 mam,
257 1145 414 1210 decimam
439 1143 609 1227 Musarum,
635 1146 777 1210 ultimum
804 1147 838 1210 iu
865 1149 923 1210 hoc
949 1165 1026 1212 sexu
1051 1155 1170 1210 naturae
1192 1156 1345 1227 conatum,

139 1243 275 1307 Annam
284 1245 439 1308 Mariam
453 1265 476 1306 a
486 1243 677 1322 Saturnian,
686 1265 743 1310 nec
758 1245 838 1310 satis
854 1245 998 1310 laudibus
1014 1247 1123 1310 efferre
1136 1253 1262 1327 poterat
1278 1250 1346 1329 ejus

140 1349 260 1404 rostaim
277 1343 450 1424 ingenium,
461 1344 656 1424 omniumque
670 1364 774 1410 rernm
785 1365 895 1427 capax,
908 1365 944 1409 ac
958 1345 1109 1425 imprimis
1121 1345 1269 1426 pietatem
1285 1367 1347 1428 qua

136 1438 164 1502 si
178 1461 241 1504 uon
254 1443 438 1522 superabat,
449 1442 558 1506 saltem
570 1445 713 1522 aequabat
723 1445 844 1526 Lara,
857 1444 1055 1520 Eleatocbiaa
1065 1444 1195 1520 Furiae,
1206 1441 1345 1523 Paulae,

135 1537 325 1623 Priscillae,
346 1539 465 1618 Tellus,
483 1561 612 1621 quarum
626 1543 817 1606 incredibilis
832 1542 904 1608 ritae
923 1542 1072 1606 sanctitas
1087 1543 1252 1624 multijuga
1276 1564 1345 1608 eru·

134 1635 254 1704 ditione
270 1639 432 1716 decorata,
446 1639 612 1704 Christiani
630 1641 763 1706 nominis
779 1642 937 1706 antistites
952 1661 1107 1722 praecones
1123 1641 1246 1705 meruit.

182 1737 264 1802 Gerr
281 1737 334 1801 ita
348 1737 489 1820 Belgium
514 1739 743 1820 perlustrasset
757 1760 939 1822 congressus
958 1761 1030 1805 cnm
1044 1740 1103 1816 bis,
1121 1759 1197 1821 quos
1212 1740 1261 1804 rel
1276 1759 1346 1804 eru-

136 1834 215 1899 ditio
229 1836 281 1900 vel
298 1837 466 1918 integritas
480 1857 599 1902 morum
613 1839 794 1903 reddiderat
807 1839 954 1920 insignes,
968 1846 1002 1903 et
1026 1838 1223 1918 undiquaque
1237 1839 1346 1902 nonni-

133 1931 177 1996 bil
191 1935 377 2016 decerpens,
383 1937 466 2016 quod
481 1938 520 2000 ad
532 1936 743 2000 Christianum
757 1937 935 2001 institutum
949 1939 1050 2001 facere
1065 1937 1236 2012 ridebatur,
1249 1936 1345 1999 Anno

135 2033 179 2095 45
198 2036 309 2098 tendit
325 2035 358 2096 in
376 2033 507 2098 Galliam
522 2057 590 2116 qnae
616 2055 738 2116 semper
763 2036 894 2100 eminuit
908 2033 1091 2098 claritudine
1106 2035 1345 2114 Praeceptorum,

134 2139 167 2193 nt
183 2140 385 2214 agnoverunt
400 2133 502 2214 Impp.
528 2133 590 2216 ipsi
617 2135 745 2210 Valere,
762 2134 941 2196 Gratianus
965 2140 998 2196 et
1018 2132 1273 2207 Valentinianae,
1289 2151 1345 2196 nec

134 2251 270 2312 uuquam
285 2231 466 2297 fortissimis
483 2232 558 2296 viris
576 2239 610 2297 et
625 2231 883 2312 eloquentissimis
900 2231 1009 2306 caruit,
1029 2236 1216 2294 attestatur
1232 2229 1344 2294 Hiero

135 2349 255 2410 nymns,
274 2331 333 2413 qni
347 2331 520 2396 Galliarum
541 2332 645 2396 studia
669 2330 886 2395 florentissima
901 2331 1042 2394 vocabat.
1093 2329 1230 2392 Primum
1248 2328 1344 2392 Luta

136 2429 210 2493 tiam
237 2429 374 2512 appulit,
404 2431 539 2511 Europa
558 2431 644 2511 qnasi
669 2429 873 2510 metropolim,
890 2448 981 2508 quarn
998 2428 1182 2492 Franciscus
1208 2427 1235 2490 1.
1261 2428 1344 2492 inter

134 2525 320 2594 Provincias
338 2527 449 2593 Galliae
464 2531 657 2609 numerabat,
672 2535 705 2592 et
721 2549 813 2609 quam
830 2527 1070 2591 Academiarum
1087 2534 1218 2590 matrem
1233 2547 1344 2592 vocare

133 2626 255 2691 solebat
269 2628 411 2708 Lipsius.
464 2627 502 2690 In
513 2628 571 2691 hac
582 2627 800 2692 florentissima
811 2625 897 2690 Urbe
909 2626 1061 2708 degebant
1072 2625 1143 2689 Viri
1158 2626 1240 2688 omni
1253 2626 1343 2689 lande

133 2727 283 2808 majores,
299 2728 346 2790 rei
360 2725 508 2790 literaria
521 2726 687 2802 antistites,
697 2725 811 2808 ingenii
825 2725 982 2802 miracula,
993 2724 1174 2788 eruditionis
1186 2731 1341 2805 portenta,

135 2823 283 2890 Michael
295 2826 479 2900 Falcartne,
494 2825 660 2889 Jonaana
685 2825 906 2901 Meetrezatas,
933 2823 1071 2888 Garolraa
1094 2823 1342 2898 Dratinaarte'ns,

132 2924 304 2988 Jolmnnes
320 2923 481 2998 Dallaens,
498 2923 690 2988 Eumenem
710 2923 909 2999 Albaniana,
926 2923 1036 2987 David
1051 2921 1252 2998 Blendellae,
1269 2941 1339 3001 quo·

132 3041 199 3086 rum
213 3023 360 3106 ingentia
372 3017 489 3086 merita

739 3212 808 3269 Non
820 3219 938 3268 oenmra
951 3209 1067 3268 alebam

396 3295 512 3370 Lustra,
527 3313 577 3354 rrae
590 3293 687 3370 ignota
699 3286 793 3369 rapiet
806 3291 855 3349 aab
869 3291 1079 3351 carcerata.

134 3477 395 3544 Commorabatur
408 3485 515 3544 noster
529 3479 732 3544 Turraniana
747 3477 780 3538 in
796 3475 913 3540 aedibus
928 3474 1034 3558 Magni
1045 3475 1176 3552 Dalbni,
1193 3476 1275 3556 quod
1286 3497 1340 3540 no-

136 3597 203 3642 rnen
220 3577 346 3660 quoties
363 3579 494 3660 protero,
510 3597 635 3642 cernere
651 3577 728 3640 milri
746 3574 850 3640 videor
875 3581 1083 3657 assurgentem
1108 3581 1208 3638 totam
1224 3574 1340 3639 Docto

137 3695 201 3740 rnrn
218 3683 388 3742 catervam.
439 3676 527 3740 lllius
544 3675 654 3741 summi
672 3674 744 3738 Viri
761 3695 904 3750 amorem,
922 3681 959 3737 nt
975 3681 1008 3738 ct
1024 3674 1164 3750 aliorum,
1183 3673 1242 3738 sibi
1258 3693 1339 3736 corn-

138 3775 269 3854 p'aravit
320 3775 518 3838 Mirabantur
534 3795 641 3838 omues
658 3774 690 3837 in
707 3775 765 3838 hoc
776 3773 884 3853 juveni
898 3772 978 3837 Viro
992 3793 1059 3837 eam
1075 3772 1170 3836 animi
1186 3771 1339 3853 magnitu-

139 3873 250 3951 dinem,
267 3894 322 3938 eos
338 3872 490 3949 stimulos,
507 3879 541 3937 et
553 3873 664 3953 judicii
674 3871 889 3952 memoriaque
900 3871 1100 3947 foelicitatem,
1113 3871 1233 3949 aliaque
1245 3868 1339 3931 animi

139 3971 219 4036 bona
234 3994 306 4038 curn
323 3971 491 4035 sanctitate
507 3991 625 4036 morum
642 3977 676 4036 et
693 3977 820 4055 εὐκρασίᾳ
835 3971 1010 4049 conjuncta.
1074 3967 1107 4030 N
1108 3986 1147 4030 on
1164 3973 1285 4028 tantum
1306 3966 1338 4030 in

141 4069 195 4134 lrac
221 4076 415 4153 angustast
439 4070 561 4151 potanti
579 4069 666 4134 Urbe
681 4068 855 4148 Theologiaa
871 4069 1009 4140 vacabat,
1028 4064 1082 4128 sed
1106 4075 1140 4127 et
1169 4064 1226 4126 sub
1251 4063 1338 4129 Petri

143 4167 297 4234 (lassandi
314 4167 467 4248 auspiciis,
484 4169 619 4249 Sphaerae
635 4172 668 4232 et
684 4163 932 4247 cosmographia
949 4182 1073 4226 cursum
1088 4161 1231 4244 absolvit,
1247 4182 1283 4227 aa
1298 4183 1337 4230 ex

141 4269 225 4332 tanto
240 4265 430 4348 Philosopho
444 4266 609 4344 intellexit,

362 4457 455 4524 Quam
468 4456 557 4516 carice
570 4456 669 4516 mundi
674 4462 783 4533 paras,
798 4471 855 4531 quo
868 4449 974 4510 semina
986 4473 1083 4514 rerum

359 4537 477 4595 Foederc
490 4537 654 4596 conveniant
666 4534 817 4608 drbrnrdin,
833 4532 902 4590 lacis
915 4541 943 4590 et
954 4535 1059 4593 anatra

362 4617 500 4693 Tempora
514 4618 575 4694 qais
589 4625 678 4675 matra
691 4624 781 4692 regat,
797 4613 1013 4691 oestnmfiiqore
1026 4621 1118 4688 mutel,

280 4717 284 4724 ’
361 4697 494 4758 onena
505 4699 579 4760 sola
592 4699 698 4758 aalma
710 4697 855 4773 Lunaque
869 4695 993 4754 remora
