3158 5180
108 375 236 426 eumer.
252 355 297 439 v.]
614 377 654 417 nr
668 377 848 418 cnsersoss.
1276 366 1333 422 597

106 517 189 576 timo
204 517 363 596 quievisse,
378 525 413 576 ut
425 536 460 576 eo
482 519 616 596 exemplo
636 519 761 596 populus
782 517 821 576 ed
833 519 960 596 quietem
981 519 1104 597 septimo
1125 519 1171 580 die
1192 521 1335 599 egendum

106 607 295 674 moveretur,
305 617 371 674 quse
386 597 460 656 rstio
473 599 581 658 nullius
595 607 672 658 esset
685 599 833 674 momenti,
849 599 873 657 si
885 599 966 658 Deus
980 599 1077 658 omnio
1090 601 1176 660 unico
1189 611 1336 662 momento

107 687 257 738 creasset.
298 681 328 736 4.
340 677 420 754 quod
433 679 514 737 nulle
526 679 600 738 retio
614 687 712 757 posset
725 677 809 738 reddi
822 677 932 738 ordinis
946 697 1032 756 quem
1046 689 1163 740 secutus
1177 689 1222 740 est
1236 681 1336 740 Moses

108 758 144 816 in
160 757 331 817 narratione
346 777 408 833 sne,
424 757 447 816 si
463 759 627 818 successive
641 778 700 817 uon
713 758 790 818 facte
804 766 872 818 sunt
886 758 990 817 onmis.

157 838 225 897 111.
248 837 345 912 Quum
368 837 530 914 Syracides,
554 858 578 897 c.
594 838 676 898 xviii.
694 841 719 913 1,
737 839 833 898 Deum
853 838 950 896 omnia
970 857 1082 897 creasse
1102 843 1170 906 καιιῖ
1182 839 1261 915 dicit,
1277 860 1336 898 nou

108 917 151 976 de
168 915 321 976 simultate
335 918 474 994 temporIs
487 918 624 996 loquitur,
639 920 722 996 quasi
745 919 842 978 omnis
862 919 946 976 amal
965 918 1077 994 crearit,
1093 905 1172 997 quod
1185 939 1335 997 perperam

109 997 272 1074 Vulgatus
286 997 328 1056 ite
342 997 485 1074 exposuit,
496 997 547 1056 sed
561 998 597 1057 de
608 997 778 1057 collectione
787 998 915 1058 omnium
925 1006 1119 1057 creeturarum
1127 998 1336 1077 intelligendus

109 1087 173 1152 est,
192 1097 258 1154 qus
272 1077 381 1155 pariter
394 1086 424 1136 et
444 1077 634 1138 communiter
655 1099 673 1136 e
687 1077 751 1136 Deo
772 1077 896 1138 condita
917 1087 1004 1154 suut,
1026 1087 1059 1138 ut
1079 1078 1153 1136 nihil
1173 1079 1212 1139 sit
1225 1079 1337 1156 quode

110 1157 189 1218 Deo
204 1166 334 1216 creatum
347 1177 407 1216 non
421 1157 467 1216 sit.

157 1237 220 1296 IV.
244 1237 385 1311 Quemvis
398 1245 495 1296 sutem
507 1237 587 1298 Deus
600 1237 743 1315 potuisset
756 1238 852 1298 omnis
862 1246 1007 1298 momento
1018 1259 1124 1314 creare,
1131 1239 1225 1298 voluit
1239 1247 1335 1299 temen

112 1317 243 1395 aliquod
256 1317 288 1373 in
302 1316 438 1394 operibus
452 1318 513 1376 suis
526 1317 709 1394 perficiendis
730 1319 856 1395 spatium
875 1319 1066 1396 interponere,
1084 1322 1110 1378 1.
1125 1327 1158 1378 ut
1170 1319 1335 1378 libertatem

111 1417 205 1456 susm
220 1405 384 1456 testeretru.
425 1401 454 1456 2.
468 1406 501 1456 ut
515 1397 693 1474 sapientiem,
708 1399 876 1475 potentiam,
892 1406 921 1456 et
941 1398 1099 1458 bonitatem
1114 1419 1195 1458 suem
1209 1399 1240 1458 in
1253 1418 1334 1476 mag-

111 1477 211 1534 nifico
224 1477 281 1534 hoc
295 1495 381 1553 opere
396 1497 447 1554 per
480 1486 557 1536 artes
579 1477 744 1537 distinctius
766 1478 932 1554 explicaret,
948 1486 978 1537 et
998 1498 1094 1538 rerum
1116 1479 1334 1554 connexionem,

113 1555 356 1634 dependentiem,
372 1567 402 1615 et
416 1577 433 1616 o
471 1557 477 1570 '
500 1577 546 1616 em
560 1557 636 1616 iuter
650 1576 681 1616 se
695 1557 801 1616 clarius
815 1557 964 1617 indiceret.
1007 1561 1034 1616 3.
1050 1567 1083 1617 ut
1096 1577 1150 1618 uos
1164 1557 1201 1616 ad
1216 1558 1335 1618 distinc-

113 1646 185 1696 tam
199 1635 472 1712 contemplationem
486 1657 604 1715 operum
619 1637 783 1696 divinorum
797 1637 946 1696 excitaret.
989 1641 1017 1696 4.
1031 1647 1065 1697 ut
1077 1637 1223 1697 homiuem
1238 1657 1336 1697 exem·

115 1717 176 1794 plo
189 1733 242 1774 suo
257 1715 383 1790 doceret,
399 1737 451 1776 sex
466 1716 568 1776 diebus
582 1717 625 1774 illi
646 1717 837 1777 laborandum
850 1737 923 1792 esse,
939 1724 969 1775 et
982 1718 1105 1796 septimo
1119 1717 1335 1795 quiescendum,

117 1805 153 1855 et
170 1795 263 1855 crdtui
277 1794 378 1854 divino
392 1796 554 1856 vscendum
568 1797 599 1855 in
614 1797 775 1856 creationis
788 1797 965 1856 memoriam.

429 1877 468 1935 V.
491 1877 574 1937 Licet
590 1895 660 1935 vero
682 1877 780 1954 plures
804 1875 867 1934 dies
888 1876 1033 1935 insumere
1055 1877 1180 1936 voluerit
1199 1878 1230 1936 iu
1251 1897 1338 1954 opere

122 1953 372 2057 θνυιῑᾶᾞξῑθὶ
393 1955 562 2032 Creaticnis,
585 1957 652 2015 Non
672 1956 740 2015 inde
760 1964 858 2016 umen
877 1963 974 2032 potest
994 1955 1100 2030 inferri,
1121 1957 1200 2033 quod
1220 1957 1338 2033 quidem

174 2025 264 2114 ἔξω
331 2026 368 2057 ⁸⁰¹
389 2036 507 2111 vellent,
521 2037 552 2094 in
574 2056 592 2095 ο
629 2036 709 2096 ribus
733 2035 914 2113 singulorum
937 2033 1058 2111 dierum,
1075 2035 1169 2094 Deum
1193 2035 1338 2112 integrum

391 2115 468 2175 diam
489 2117 586 2194 impeu
609 2116 673 2190 sse,
699 2123 786 2192 etque
810 2114 883 2174 adeo
907 2134 942 2173 ea
965 2114 1129 2174 successive
1156 2114 1337 2192 produxisse.

122 2195 204 2270 Quin
220 2194 368 2273 Scriptura
381 2203 504 2255 testetur
523 2196 561 2255 ed
576 2196 632 2254 Dei
645 2203 745 2254 nutum
762 2203 792 2254 et
805 2194 957 2271 imperium
971 2213 1017 2254 res
1031 2194 1109 2253 illico
1124 2194 1263 2269 extitisse,
1285 2214 1338 2253 uec
1425 2219 1429 2226 ·

121 2274 218 2334 ullam
232 2295 342 2333 moram
356 2275 494 2353 temporis
515 2275 712 2334 intercessisse
725 2275 801 2334 iuter
814 2273 982 2333 mandatum
997 2283 1026 2333 et
1040 2275 1248 2348 executionem,
1270 2273 1339 2350 quie

120 2354 202 2412 nrlul
215 2355 259 2412 1111
273 2353 406 2414 resistere
420 2355 522 2432 potuit,
540 2356 677 2433 Deusque
691 2374 749 2413 nou
763 2355 857 2431 megis
871 2353 998 2431 indiguit
1017 2363 1146 2431 tempore
1160 2353 1197 2412 ed
1211 2373 1258 2412 res
1272 2375 1336 2431 pro-

121 2433 286 2508 ducendas,
301 2453 389 2510 quem
403 2434 440 2493 sd
464 2434 689 2512 prsecipiendum
702 2435 761 2493 illis
774 2441 808 2494 nt
821 2433 997 2508 existerent3
1019 2434 1106 2492 Dixit
1118 2443 1145 2492 et
1159 2437 1244 2508 sacta
1265 2444 1336 2508 sunt,

121 2513 238 2572 Psalm.
253 2514 358 2574 xxxiii.
374 2517 402 2574 9.
446 2514 532 2574 Unde
555 2515 694 2574 Ambrosi.
718 2514 892 2588 hexaemeri,
907 2513 958 2572 lib.
973 2513 992 2571 i.
1016 2533 1041 2572 c.
1058 2517 1104 2590 12,
1125 2513 1163 2572 ad
1185 2513 1236 2572 ille
1249 2513 1339 2572 verba

121 2593 197 2652 Fiat
212 2593 287 2668 Lux,
300 2594 390 2652 “Non
405 2594 470 2653 ideo
484 2594 560 2653 dixit
573 2603 606 2653 ut
620 2603 789 2671 sequeretur
802 2593 940 2671 operatio,
957 2593 1008 2652 sed
1022 2593 1100 2653 dicto
1114 2593 1241 2652 absolvit
1249 2613 1338 2670 nego·

120 2673 212 2812 tilum,
228 2672 305 2810 upsde
319 2674 439 2751 pulchre
454 2673 629 2734 Davidicum
644 2673 725 2750 illud,
749 2673 833 2732 Dixit
853 2681 883 2733 et
896 2673 973 2732 lecta
987 2682 1062 2749 sunt,
1078 2673 1147 2750 quie
1160 2673 1270 2732 dictum
1284 2673 1337 2731 im·

161 2753 252 2811 erite
275 2755 385 2812 ectus''

120 2775 145 2832 P
171 2833 227 2892 VI.
249 2837 278 2891 2.
305 2833 337 2892 Si
362 2833 546 2894 Resurrectio
566 2834 599 2893 fit
620 2841 774 2909 momento,
800 2835 821 2892 is
842 2838 933 2910 ἇτὸμρ,
960 2834 979 2891 b
1004 2837 1063 2913 ῥιπῇ
1083 2838 1222 2908 helmstat,
1240 2835 1256 2890 1
1273 2832 1338 2892 Cor.

121 2933 181 2971 xv.
197 2915 244 2988 52,
260 2911 362 2990 quidni
376 2922 406 2972 et
420 2914 558 2974 Creetio?
600 2915 632 2973 Si
648 2915 737 2973 Satan
750 2914 845 2991 potuit
863 2914 960 2971 omnia
973 2913 1074 2972 mundi
1096 2933 1186 2989 regne
1207 2914 1342 2992 ἰιπιγμῇ·

124 2992 227 3072 mirae,
243 2993 314 3051 Luc.
329 2993 369 3051 iv.
385 2996 412 3068 5,
426 2994 540 3053 Christo
554 2993 714 3068 ostendere,
727 2993 828 3070 quidni
842 3001 872 3051 et
885 2992 936 3049 illa
951 2993 1031 3051 Deus
1045 2994 1166 3050 creare?
1208 2992 1239 3052 si
1254 2992 1338 3049 mira·

124 3073 197 3132 cula
210 3072 291 3130 veris
304 3082 450 3132 momento
464 3073 540 3132 facte
561 3082 637 3148 suut,
659 3092 710 3132 cur
730 3091 789 3130 non
809 3082 839 3130 et
853 3071 991 3130 Orestio?
1033 3071 1072 3129 Et
1085 3078 1144 3129 tem
1159 3069 1242 3129 facile
1259 3071 1339 3130 Deus

124 3152 225 3230 potuit
238 3161 385 3212 momento
399 3173 496 3212 creare
511 3153 627 3227 Lucem,
653 3152 758 3226 Solem,
783 3150 893 3224 Sidera,
918 3159 948 3209 et
960 3150 1082 3228 plantes,
1107 3169 1141 3208 sc
1163 3149 1296 3226 Angelos
1310 3159 1340 3210 et

126 3232 255 3291 enimam
270 3231 387 3307 AdsmI,
412 3233 473 3292 solo
487 3253 589 3310 nempe
605 3252 657 3291 suo
676 3232 761 3309 jussu
775 3238 805 3290 et
825 3229 945 3307 imperio
957 3253 964 3304 ;
986 3230 1048 3288 Nec
1062 3229 1146 3288 aliter
1159 3229 1222 3288 fieri
1235 3229 1338 3306 potuit,

126 3312 199 3389 quis
213 3331 247 3370 eo
261 3321 408 3372 momento
422 3333 480 3390 quo
493 3313 567 3370 nihil
581 3310 675 3387 desiit,
691 3309 802 3388 aliquid
814 3308 916 3387 incipit
930 3329 1001 3386 esse,
1024 3318 1054 3368 et
1067 3329 1125 3386 quo
1141 3309 1208 3368 Lux
1231 3309 1338 3385 extitit,

131 3391 260 3451 tenebra
274 3404 464 3452 evanuerunt,

434 3473 508 3532 VII.
530 3471 624 3532 Aliud
647 3479 692 3531 est
714 3470 809 3531 dicere
831 3479 945 3548 tempus
967 3469 997 3528 in
1011 3490 1069 3547 quo
1082 3489 1129 3528 res
1142 3470 1340 3548 producuntur

394 3573 458 3612 esse
472 3553 677 3627 successivum,
703 3549 796 3610 Aliud
810 3550 902 3627 ipsam
915 3549 1133 3628 productionem
1147 3571 1210 3610 esse
1225 3570 1338 3610 succes·

395 3633 507 3708 sivsm;
528 3631 725 3711 productionis
739 3629 842 3690 modus
860 3631 955 3709 potnit
969 3650 1032 3690 esse
1045 3639 1271 3706 momentaneus,
1288 3629 1340 3696 sed

128 3733 189 3774 nou
203 3713 308 3772 modus
322 3713 484 3773 existentis
498 3712 529 3769 iu
542 3719 680 3788 tempore.

170 3793 264 3852 VIII.
287 3793 370 3852 Licet
393 3792 516 3870 singulis
540 3790 642 3850 diebus
664 3811 748 3850 suum
761 3809 834 3868 opus
848 3789 1016 3849 distinctum
1030 3788 1201 3865 assignetur,
1222 3807 1280 3846 non
1295 3806 1337 3846 se-

128 3873 230 3952 quitur
242 3881 334 3932 totum
348 3872 424 3931 diem
433 3873 537 3948 cuique
547 3871 627 3948 operi
638 3869 811 3947 expoliendo
824 3868 913 3928 fuisse
924 3867 1163 3946 impendendum
1179 3875 1230 3925 aut
1244 3867 1339 3925 Deum

129 3973 166 4012 eo
180 3953 318 4030 temporis
332 3952 485 4011 intervallo
508 3950 669 4027 indiguisse
690 3949 727 4006 ed
747 3949 802 4006 hoc
822 3946 1036 4024 peragendum3
1059 3945 1111 4004 sed
1124 3945 1203 4022 quod
1217 3945 1340 4038 singulis

129 4033 190 4091 illis
212 4032 316 4091 diebus
338 4031 482 4091 distinctis
496 4030 568 4088 nihil
583 4039 722 4106 prseterea
737 4027 817 4086 Deus
831 4025 1016 4103 produxerit;
1039 4025 1120 4099 elias,
1136 4024 1161 4082 si
1174 4033 1267 4084 totum
1281 4045 1339 4102 pn-

129 4131 210 4170 mum
220 4111 298 4170 diem
309 4111 497 4188 impendisset
507 4109 645 4169 creationi
658 4107 740 4182 lucis,
753 4105 927 4165 absolvisset
937 4104 1053 4163 demum
1063 4103 1143 4161 illam
1157 4103 1212 4162 sub
1225 4103 1340 4162 initium

130 4191 225 4250 noctis
240 4191 396 4269 sequentis,
412 4190 491 4268 quod
505 4197 550 4248 est
563 4186 729 4247 absurdum.
1194 4265 1195 4268 Ἴ

172 4270 232 4328 ΙΧ.
255 4271 351 4346 Quum
366 4271 447 4330 Deus
468 4269 581 4328 dicetur
600 4267 722 4345 septimo
736 4264 783 4323 die
798 4263 930 4323 sbsoluta
948 4261 1092 4321 creatione
1106 4261 1260 4339 quievisse,
1272 4262 1341 4338 quie

131 4349 257 4410 cessavit
271 4369 289 4408 e
302 4350 426 4408 creanda
440 4349 519 4409 omni
538 4368 616 4408 nove
636 4346 740 4424 specie,
762 4364 821 4403 non
834 4343 929 4420 potuit
952 4341 1011 4401 dici
1024 4343 1080 4401 boc
1094 4362 1181 4401 sensu
1195 4341 1340 4419 quievisse

129 4429 192 4489 ulle
205 4429 253 4488 die
267 4429 443 4504 hexaemeri,
466 4449 532 4488 cum
555 4447 653 4486 cerum
677 4425 807 4503 quelibet
830 4422 941 4500 aliquid
955 4431 1090 4499 operatus
1113 4423 1151 4480 sit
1175 4430 1204 4482 et
1228 4423 1340 4497 crearit,

129 4509 209 4587 quod
222 4509 387 4586 pertinebat
400 4509 438 4568 ed
452 4508 692 4585 complementum
708 4503 854 4566 Universi

172 4588 216 4647 X.
239 4588 324 4647 Licet
345 4589 426 4647 veris
448 4607 535 4666 opere
559 4595 649 4646 sextee
674 4585 733 4646 diei
756 4589 1022 4656 commemorentur,
1038 4601 1102 4660 quae
1116 4600 1175 4639 nou
1189 4588 1344 4658 potuerunt

129 4669 219 4730 simul
240 4667 322 4745 fieri3
343 4687 401 4730 non
426 4668 523 4728 obstet
544 4666 698 4745 quominus
721 4662 945 4744 unumquodque
969 4671 1115 4724 momento
1129 4661 1215 4722 fuerit
1227 4661 1343 4722 absolu·

165 3537 257 3584 Fontes
269 3538 337 3584 Solu-

199 3595 301 3640 tionum.
