3152 5178
736 368 827 411 rocos
840 367 974 410 surmus.
1279 345 1402 426 [osmer.
1418 365 1468 406 rx.

722 667 916 744 QUAESTIO
937 667 997 727 IX.

691 845 731 886 DE
744 843 950 888 mmmm
963 843 1024 885 nst.

273 986 321 1046 An
334 987 414 1046 Deus
427 986 465 1045 eit
475 986 631 1064 tamem,
646 995 674 1046 et
685 987 885 1127 wsepffliprmx
895 988 1047 1126 rpcmpmm
1059 985 1231 1046 mersam
1250 983 1336 1045 Affir.
1349 993 1458 1046 eontra

792 1085 830 1126 .e
886 1085 904 1126 o
957 1085 1016 1126 um.

302 1223 327 1284 I.
350 1225 422 1285 Post
434 1223 605 1286 infinitatem
620 1223 677 1284 Dei
690 1233 823 1304 respectu
836 1225 977 1302 essentis,
988 1223 1144 1303 spectanda
1156 1231 1202 1283 est
1215 1223 1317 1283 erdem
1330 1233 1473 1302 respectu

259 1304 317 1364 looi
339 1313 369 1364 et
389 1306 536 1384 temporis,
558 1324 718 1384 perquem
739 1306 899 1384 oonoipitur
918 1306 999 1364 Deus
1019 1306 1214 1386 ὶπιςὴςιπος,
1236 1304 1287 1382 qui
1305 1305 1397 1363 nullis
1419 1305 1474 1364 vel

262 1385 400 1462 temporis
423 1384 473 1444 vol
493 1385 551 1445 loci
571 1385 712 1445 limitibus
734 1385 996 1446 oiroumseribitur:
1023 1386 1101 1462 prior
1122 1395 1244 1444 vooetur
1263 1385 1448 1444 immensitas
1458 1409 1474 1457 ,-

260 1464 402 1542 posterior
415 1467 582 1543 AEternitae,
599 1465 756 1544 dequibus
771 1463 907 1526 distinete
924 1465 1086 1542 dicendum,
1102 1472 1132 1525 et
1147 1465 1240 1543 primo
1258 1464 1296 1524 de
1310 1465 1473 1524 Immensi·

542 1625 585 1684 II.
601 1625 668 1684 Nou
681 1624 819 1702 quaritur
828 1623 865 1684 de
875 1625 1032 1684 Praemia
1042 1625 1152 1684 umus
1164 1630 1194 1684 et
1207 1622 1385 1702 operationis
1399 1643 1472 1701 qum

292 1688 472 1793 seattppssues·
502 1707 634 1786 tremui
647 1704 761 1779 dieitur,
772 1705 917 1783 quomodo
933 1704 984 1764 Sol
997 1704 1081 1763 nobis
1094 1723 1222 1781 pressere
1235 1703 1343 1764 dieitur
1356 1703 1473 1763 virtute

416 1782 423 1795 '
500 1787 654 1861 radiorum,
669 1784 738 1844 lieet
751 1804 870 1863 eorpore
884 1784 1054 1862 longissime
1071 1783 1109 1843 sit
1122 1783 1262 1842 dissitus:
1284 1784 1373 1842 Hune
1387 1783 1471 1842 enim

261 1885 321 1927 non
331 1866 489 1927 diffitentur
499 1864 669 1926 Adversarii
679 1887 686 1941 ;
702 1865 754 1926 sed
767 1864 803 1924 de
812 1865 966 1942 presentia
978 1873 1097 1941 mtaeroe,
1105 1883 1169 1941 quae
1180 1860 1291 1928 ωἠΩκ
1302 1881 1354 1924 seu
1366 1883 1471 1923 essen·

262 1948 341 2008 tielie
355 1947 469 2024 dieitur,
484 1965 571 2024 quem
584 1945 735 2005 admittere
748 1943 860 2005 nolunt
873 1981 882 1996 ·

302 2027 364 2086 111.
385 2027 451 2089 Non
465 2025 602 2104 quaeritur
616 2024 652 2084 de
665 2025 754 2084 seriis
773 2024 934 2102 praesentire
954 2021 1061 2082 divine
1080 2021 1214 2100 epeeiolis
1235 2021 1341 2098 modis,
1362 2041 1471 2082 seeun-

261 2107 331 2166 dum
345 2127 418 2185 quoe
432 2106 537 2166 dieitur
557 2125 629 2180 esse,
644 2107 681 2164 In
697 2105 808 2164 obiso
827 2125 879 2182 per
898 2103 1033 2164 unionem
1052 2102 1264 2180 hypoststioem
1285 2111 1316 2161 et
1337 2102 1474 2162 Deitatis

260 2187 479 2264 plenitudinem,
495 2185 557 2244 Col.
568 2185 598 2242 ii.
614 2186 642 2243 9.
656 2187 694 2242 In
709 2185 785 2243 Goelo
800 2203 853 2262 per
872 2181 1003 2262 gloriam,
1021 2186 1036 2241 1
1053 2182 1126 2259 Reg.
1141 2182 1202 2241 viii.
1217 2186 1266 2241 27.
1279 2183 1320 2240 In
1332 2183 1472 2242 Ecclesia

260 2283 313 2342 per
334 2265 466 2342 gratim,
482 2265 568 2322 lisso.
589 2263 683 2322 xlviii.
706 2267 764 2338 353
783 2281 847 2340 quie
869 2283 977 2338 rursus,
992 2263 1041 2322 vel
1062 2271 1107 2320 est
1124 2262 1280 2336 proesmtrb
1302 2263 1471 2338 mmbolt'ca,

260 2343 377 2421 quondo
391 2343 445 2402 sub
459 2343 556 2419 eliquo
570 2341 680 2401 visibili
694 2342 826 2419 symbolo
841 2361 872 2402 se
882 2342 1017 2402 fidelibus
1030 2340 1174 2420 petefnoit,
1183 2350 1217 2400 ut
1225 2341 1304 2400 Mosi
1318 2342 1349 2398 in
1365 2341 1469 2419 Rubo,

259 2421 367 2500 populo
387 2423 418 2480 in
432 2420 687 2497 Columnn‘nubis,
703 2421 839 2481 Patribus
860 2422 914 2480 sub
934 2421 1027 2481 forme
1041 2421 1221 2498 Angelorum
1241 2429 1271 2479 et
1290 2420 1469 2498 hominum,

260 2503 308 2561 vel
312 2502 466 2578 prasentia
474 2499 686 2559 massennes
696 2509 726 2559 et
738 2502 871 2578 mystice,
881 2519 971 2578 quum
982 2501 1037 2561 sub
1049 2500 1147 2577 Signis
1161 2508 1191 2559 et
1199 2498 1350 2558 elementis
1364 2509 1469 2560 exter·

259 2580 556 2737 titularet
565 2579 1020 2736 rettulisset
1029 2579 1353 2720 lilffibtb
1325 2581 1473 2720 Ἦ

259 2739 421 2817 presentiae
435 2739 493 2798 Dei
513 2739 623 2817 speeies
636 2740 824 2818 particulares
845 2759 909 2800 esee
927 2749 957 2799 et
977 2741 1063 2800 sertis
1076 2739 1148 2798 loeis
1167 2739 1297 2816 propriae
1310 2757 1399 2800 nemo
1414 2760 1470 2800 ne-

259 2826 320 2897 gat.
363 2819 422 2880 Sed
436 2819 532 2896 egitur
545 2820 581 2879 de
594 2821 748 2896 proesentis
762 2819 819 2880 Dei
840 2820 968 2898 generali
987 2840 1040 2899 per
1052 2819 1225 2896 Essentiam,
1239 2837 1305 2896 quse
1319 2817 1472 2880 abstrahit

259 2899 296 2958 sb
310 2899 374 2959 istis
388 2899 482 2959 modis
500 2899 634 2959 omnibns
652 2899 856 2978 singularibus.

300 2980 357 3039 1v.
380 2980 460 3039 Deus
474 2987 570 3058 potest
583 2979 641 3040 diei
654 2980 756 3040 edesse
769 2979 856 3039 rebus
869 2977 1003 3039 omnibns
1016 2977 1108 3038 tribus
1126 2975 1229 3054 modis,
1245 2979 1271 3036 1.
1292 2995 1346 3054 per
1359 2977 1469 3038 Petea-

260 3060 329 3118 tiam
343 3061 589 3137 cooperationes,
604 3063 633 3119 2.
647 3079 699 3138 per
711 3061 909 3137 Coptitiomm,
924 3062 952 3121 3.
966 3079 1019 3137 per
1031 3057 1212 3132 Emmtiom3
1232 3057 1311 3136 quod
1326 3057 1468 3118 Scholas-

259 3140 311 3200 tiei
325 3139 419 3200 solent
431 3140 593 3218 exprimere
606 3140 661 3200 hoe
675 3139 828 3216 versiculo,

500 3299 600 3375 Enter,
611 3309 768 3375 presentet
781 3301 862 3358 Deus
874 3307 921 3374 eet,
937 3306 964 3358 ot
975 3297 1073 3374 stipo
1081 3305 1219 3374 potenter.

260 3454 476 3530 Perpetentiam
485 3455 591 3515 dieitur
598 3475 662 3515 esee
670 3455 786 3535 ubique,
795 3457 865 3536 quie
878 3454 973 3516 omnis
980 3455 1113 3534 producit
1121 3464 1151 3515 et
1160 3453 1311 3532 gubernet,
1320 3461 1352 3514 et
1362 3473 1465 3534 opere·

259 3540 307 3592 tur
320 3534 417 3592 omnis
429 3533 460 3592 in
474 3535 616 3610 omnibus,
632 3555 690 3612 quo
704 3557 791 3598 sensu
806 3537 915 3597 Peulue
929 3535 977 3611 sit,
993 3534 1061 3594 Aet
1075 3535 1147 3594 xvii.
1163 3537 1225 3594 Noe
1241 3535 1270 3593 in
1284 3535 1346 3610 ipso
1359 3535 1466 3610 oium,
1571 3551 1572 3560 ¹

258 3615 366 3672 moveri
380 3623 407 3672 et
422 3633 487 3672 esse.
510 3615 567 3672 Per
582 3615 712 3674 nostiam
729 3616 812 3676 edest
826 3615 958 3677 omnibus
971 3615 1040 3692 quie
1052 3615 1149 3673 omnia
1162 3635 1227 3692 quse
1241 3623 1310 3673 sunt
1323 3615 1374 3673 vel
1388 3615 1468 3673 fiunt

258 3693 366 3770 ubique
379 3692 517 3768 lotorum,
532 3701 670 3771 torquem
689 3695 745 3755 sibi
766 3696 989 3774 praesentissime
1007 3702 1037 3753 et
1056 3713 1151 3753 eorem
1171 3715 1202 3753 se
1220 3693 1316 3771 posita
1328 3693 1412 3752 videt
1432 3705 1466 3752 et

258 3772 395 3849 intuetur,
409 3772 487 3832 unde
502 3772 579 3832 Heb.
593 3773 633 3833 iv.
651 3777 698 3834 13.
715 3777 819 3837 Omnia
831 3778 909 3836 nuda
922 3783 949 3834 et
967 3783 1069 3850 aperto
1083 3773 1218 3833 dieuutnr
1231 3793 1288 3832 erae
1306 3773 1405 3832 eoram
1418 3793 1465 3848 eo,

258 3863 286 3912 et
298 3856 378 3913 nudo
390 3862 526 3912 erwturo
539 3854 701 3914 abseosdita
709 3865 803 3932 potest
815 3873 871 3915 eree
884 3857 914 3914 in
927 3856 984 3930 ejus
997 3862 1149 3930 eonepeebt
1180 3853 1237 3912 Per
1249 3853 1396 3912 mentitos
1409 3851 1463 3911 de-

258 3933 355 4012 nique,
365 3933 434 4012 quie
447 3932 511 4026 ejus
525 3933 651 3993 essentis
664 3936 761 3994 omnis
774 3943 912 4012 penetrat,
923 3943 952 3994 et
966 3933 1099 3993 omnibus
1113 3953 1146 3992 se
1160 3931 1283 4010 singulis
1296 3931 1385 3991 rebus
1398 3939 1465 3992 tota

257 4011 658 4170 iibiliifflibii
665 4011 1466 4172 tbhtltttttlttttttttttlt

256 4173 399 4249 notitiam,
416 4182 450 4234 ut
459 4173 523 4251 jem
536 4171 656 4236 dietum.

297 4252 336 4311 V.
358 4254 430 4313 Tres
450 4254 541 4330 vulgo
563 4261 729 4314 statuuntur
748 4251 827 4312 modi
849 4251 964 4312 essendi
985 4251 1016 4310 in
1037 4251 1111 4310 loeo.
1154 4254 1181 4310 1.
1204 4248 1463 4326 Oirmomoriptioe,

256 4330 308 4404 qui
321 4332 488 4408 corporibus
508 4331 653 4408 tribuitur,
675 4333 744 4410 quis
763 4333 793 4391 in
814 4331 879 4391 loeo
893 4339 922 4391 et
943 4330 1035 4410 spetio
1057 4339 1132 4406 sunt,
1148 4339 1180 4390 ut
1194 4336 1465 4388 eommonsurentur

255 4408 385 4499 partibus
400 4412 494 4488 spatii.
536 4413 737 4491 toefiniuve,
753 4411 853 4490 quide
875 4410 1022 4488 spiritibus
1043 4419 1072 4469 et
1092 4409 1260 4470 substantiis
1280 4407 1462 4486 incorporeis

256 4494 360 4544 orestis
373 4487 487 4566 dieitur,
502 4491 553 4568 qui
567 4493 653 4551 oertis
665 4491 738 4552 loeis
752 4489 934 4567 definiuntur,
950 4498 979 4550 et
992 4490 1033 4550 itu
1046 4490 1093 4549 hie
1104 4498 1178 4564 eunt,
1193 4497 1227 4548 ut
1240 4508 1297 4546 non
1308 4488 1367 4546 sint
1377 4486 1461 4548 alibi.

256 4563 285 4618 3·
307 4564 457 4643 Replstiee,
479 4571 530 4647 qui
552 4570 615 4630 Deo
636 4571 818 4648 adscribitur,
840 4571 910 4648 quia
930 4570 1055 4630 essentie
1075 4569 1139 4649 ejus
1160 4569 1300 4628 immense
1323 4567 1462 4626 omnibus

256 4639 346 4719 adest,
362 4652 392 4703 et
405 4647 496 4707 veluti
510 4649 606 4709 omnis
619 4650 683 4710 loos
696 4651 796 4730 replet
835 4649 977 4726 (bremis
990 4669 1060 4709 vero
1073 4649 1135 4709 haeo
1148 4647 1294 4708 dietiuetio
1314 4666 1383 4707 enas
1396 4647 1462 4724 poti
