3174 5174
217 317 277 374 492
695 335 786 376 cocus
801 329 953 376 surrruus.
1251 311 1382 393 [onam.
1400 332 1432 372 v.

261 474 318 535 IV.
339 474 382 535 Ut
395 475 476 535 nulla
490 484 534 536 est
547 475 578 534 in
593 469 718 550 Angelis
732 473 860 556 cognitio
878 473 1035 548 sensitiva3
1058 471 1099 532 ita
1119 469 1172 531 neo
1194 471 1343 551 appetitus
1363 493 1429 532 sen·

219 554 332 631 sitinus,
355 575 408 615 neo
429 553 548 615 affectus
563 575 613 616 seu
629 557 704 633 saltn,
719 556 833 636 proprie
846 555 918 633 ipsis
932 563 1108 632 competunt.
1150 553 1234 612 Licet
1247 573 1320 632 ergo
1332 553 1431 631 Serip-

218 643 285 694 tura
306 635 365 694 illis
386 635 548 712 aliquando·
563 637 614 712 eoi
630 637 748 712 tribuet,
769 645 803 696 nt
820 631 910 714 quum
931 633 1068 694 dicuntm
1087 651 1184 692 amare
1204 633 1311 708 Deunn
1333 632 1432 693 odisse

219 716 335 792 malam,
352 715 477 792 gaudere
491 715 528 774 de
542 725 641 776 nostre
656 716 854 794 resipiscentia
872 723 902 774 et
915 713 1017 789 salute,
1040 721 1141 772 contre
1153 732 1224 771 vero
1236 713 1349 772 tristari
1362 731 1431 774 nos·

219 795 272 854 tris
293 795 425 872 peccetis,
450 804 481 855 et
500 795 598 854 dolere
615 796 793 855 calamitates
809 803 940 872 nostras3
963 794 1051 853 Tales
1074 791 1195 852 affectus
1207 794 1332 870 proprie
1352 793 1431 868 dieti,

219 873 324 951 quibus
338 894 391 933 nos
405 875 436 932 in
449 875 504 934 hac
518 877 693 936 munditate
707 875 828 935 obnoxii
841 894 949 949 sumus,
959 873 991 932 in
1001 873 1127 952 Angelis
1135 872 1266 950 fingendi
1277 893 1337 932 non
1352 883 1429 949 sunt,

218 953 269 1032 qui
283 953 380 1013 sedem
393 954 520 1014 habeant
532 955 563 1012 in
578 956 708 1033 subjecto
728 955 854 1032 quodam
873 957 984 1031 θυμιᾷ,
1007 954 1056 1013 vel
1076 953 1257 1030 ἰπιινμκιιᾷς
1282 953 1343 1013 Sed
1356 973 1431 1012 αιια-

219 1035 304 1110 lopice
318 1041 439 1110 tantum,
452 1035 521 1112 quia
534 1044 645 1095 semoto
664 1035 914 1114 perturbationum
927 1043 1010 1110 estu,
1031 1034 1063 1092 iu
1083 1033 1208 1111 simplici
1221 1042 1310 1092 rectae
1325 1033 1430 1093 volun·

218 1114 287 1174 tatis
300 1122 367 1174 actu
380 1114 468 1192 positi
482 1123 558 1191 sunt,
574 1115 624 1192 qui
637 1122 749 1175 naturae
762 1115 890 1193 ipsorum
904 1114 1047 1193 spirituali
1061 1112 1206 1188 convenit,
1226 1131 1286 1190 quo
1300 1113 1352 1172 vel
1365 1113 1430 1172 dili·

218 1202 292 1271 gunt
312 1193 362 1252 vel
382 1202 554 1253 aversantur
573 1195 682 1253 bonum
702 1193 751 1253 vel
775 1195 891 1273 malurn,
914 1202 944 1253 et
967 1193 1004 1253 de
1026 1213 1061 1252 eo
1077 1193 1215 1252 lactantur
1234 1192 1285 1252 vel
1306 1194 1431 1252 contris·

218 1281 335 1349 tantm
356 1271 459 1332 eodem
486 1274 547 1332 fere
570 1273 665 1350 modo,
691 1293 749 1351 quo
773 1273 860 1334 iidem
884 1272 1005 1334 affectus
1027 1273 1091 1332 Deo
1115 1273 1211 1333 solent
1233 1277 1433 1354 dogmat&

218 1353 315 1429 tribui,
330 1353 381 1432 qui
394 1361 491 1414 temen
503 1355 645 1434 θυσςιπὸς
659 1353 766 1414 debent
778 1353 913 1433 intelligi

674 1673 677 1678 1
694 1595 888 1671 QUAESTIO
912 1596 951 1655 V.

552 1755 692 1822 Quartam
704 1757 741 1815 ait
752 1756 883 1816 Potentia
896 1755 1094 1842 Anqelorum!

279 1913 304 1972 I.
328 1913 399 1972 Post
413 1915 589 1991 explicatum
604 1915 785 1994 Angelorum
801 1901 907 1994 a'gendi
923 1914 1097 1992 principiam
1111 1913 1284 1990 direcdounr,
1296 1923 1328 1973 et
1342 1914 1431 1992 inopie·

217 1995 349 2070 sativum,
366 1994 496 2072 sequitur
510 1997 689 2072 cassatim
705 1995 784 2074 qnod
797 1995 834 2054 ad
849 1996 1006 2072 potentiam
1020 1994 1161 2069 refertum
1183 1993 1276 2068 Quam
1290 2013 1429 2071 magnam

218 2093 282 2134 esse
302 2075 334 2132 in
354 2073 434 2152 ipsis,
450 2095 509 2133 non
525 2077 674 2154 Scriptura
694 2076 788 2135 solum
802 2083 934 2151 testatur,
946 2093 1036 2152 quum
1050 2093 1100 2132 eos
1112 2075 1314 2133 wknaieiaos
1327 2077 1432 2134 robore

218 2163 312 2232 vocat,
330 2154 407 2213 Pssl.
423 2154 480 2214 eiii.
496 2159 543 2232 20,
566 2165 596 2215 et
610 2155 845 2215 contradistIncte
866 2175 985 2214 acarna
999 2162 1028 2213 et
1040 2153 1184 2231 sanquine,
1206 2163 1293 2231 prout
1306 2153 1429 2234 infirmi<

217 2241 307 2294 tatem
328 2242 417 2311 notat,
433 2236 560 2310 Imperia
581 2243 610 2295 et
619 2244 778 2312 potestates,
795 2235 870 2312 Eph.
885 2235 925 2293 vi.
942 2237 988 2309 ln,
1003 2233 1060 2292 ime
1075 2242 1104 2293 et
1117 2231 1237 2309 δυνέμυς,
1260 2243 1291 2293 et
1304 2235 1430 2312 Anpelos

212 2322 348 2389 potentes,
363 2311 384 2369 2
398 2313 499 2374 Thess.
514 2315 533 2374 i.
550 2319 566 2374 7
578 2337 585 2392 ;
608 2315 704 2374 sedet
724 2314 827 2374 effecta
844 2315 917 2373 mira
931 2322 961 2374 et
981 2313 1124 2392 stupenda
1136 2333 1201 2392 quse
1215 2313 1252 2373 ab
1266 2314 1340 2392 ipsis
1359 2334 1426 2392 pro·

218 2393 371 2467 ducuntur,
388 2392 458 2451 satis
472 2394 618 2454 evincunt.

323 2537 329 2548 ,
434 2536 440 2550 ‚
539 2473 582 2532 II.
604 2473 832 2551 Qusntaennque
845 2493 916 2532 vero
937 2474 1045 2534 sitista
1064 2473 1201 2552 potentia
1217 2473 1347 2532 maxima
1365 2493 1427 2534 orn·

217 2536 457 2654 Qufflfffifffl
477 2553 557 2612 nium
584 2561 788 2629 creaturarum,
811 2553 894 2613 finita
920 2563 1018 2613 tamen
1045 2563 1097 2630 cst,
1120 2563 1150 2613 et
1173 2554 1259 2612 certis
1283 2553 1429 2614 limitibus

479 2633 702 2710 circumscripta,
724 2643 758 2693 ut
776 2635 847 2694 licet
863 2634 955 2694 multa
976 2634 1095 2711 possint,
1117 2653 1176 2693 non
1195 2633 1310 2712 possint
1328 2641 1428 2694 tamen

217 2714 330 2790 omnia;
351 2713 414 2772 haee
429 2713 536 2792 quippe
556 2709 738 2790 πιπιδῦιιμις
760 2713 815 2773 soli
837 2713 901 2774 Deo
922 2715 1112 2792 omnipotenti
1133 2714 1287 2792 competit,
1311 2713 1372 2774 Sed
1392 2735 1428 2774 es

216 2803 329 2854 tautum
343 2814 408 2871 quae
423 2813 482 2853 non
504 2803 641 2872 superant
654 2803 765 2854 naturae
779 2803 882 2853 creatae
897 2794 1026 2853 ordinem
1040 2803 1070 2853 et
1083 2793 1168 2853 vires.
1213 2793 1342 2853 Possunt
1356 2813 1427 2872 ergo

218 2874 328 2953 Angeli
342 2894 428 2951 agere
444 2894 530 2952 supra
544 2874 675 2933 ordinem
689 2883 799 2934 naturae
818 2873 1017 2952 particularis3
1042 2873 1100 2934 Sed
1120 2893 1178 2932 non
1192 2893 1279 2951 supra
1293 2873 1427 2934 ordinem

217 2965 328 3015 naturae
348 2955 531 3014 universalis.
574 2955 701 3014 Possunt
721 2975 786 3033 ques
808 2962 945 3031 superent
975 2961 1091 3032 captum
1120 2954 1287 3028 humanum,
1310 2962 1427 3032 atquae

217 3036 302 3095 nobis
316 3035 459 3094 mirabilia
473 3034 626 3112 videntur;
651 3034 710 3095 Sed
729 3055 787 3094 non
800 3035 939 3093 miracula
959 3033 1074 3112 proprie
1095 3033 1181 3108 dicta,
1203 3053 1268 3112 quae
1287 3045 1428 3112 superant

217 3117 278 3174 vim
292 3116 381 3176 totius
398 3125 508 3176 natrnae
530 3123 641 3190 creata,
662 3115 742 3175 solus
762 3115 839 3173 enim
861 3115 941 3174 Deus
962 3123 1007 3173 eet
1019 3113 1221 3172 miraculorum
1242 3111 1356 3189 author,
1375 3113 1427 3192 qui

217 3196 286 3256 facit
300 3196 443 3255 mirabilia
456 3215 563 3272 magna
576 3195 663 3271 solus,
681 3195 729 3253 Ps.
743 3194 817 3254 lxxi.
834 3196 880 3269 19,
889 3193 958 3271 quia
971 3194 1064 3253 virtus
1078 3193 1190 3251 infinita
1203 3191 1241 3252 ad
1255 3213 1290 3252 ea
1303 3194 1425 3272 requiri-

217 3283 284 3334 tur:
306 3275 345 3334 Et
360 3274 515 3352 siquando
537 3276 618 3334 Deus
632 3295 701 3334 usus
721 3275 830 3352 legitur
849 3273 1031 3352 Angelorum
1052 3293 1139 3350 opere
1159 3271 1197 3331 ad
1217 3293 1253 3332 ea
1271 3273 1422 3350 patranda,

217 3355 332 3414 fuerunt
346 3362 458 3412 tautum
479 3355 670 3414 instrumenta
683 3355 811 3429 moralia,
833 3354 871 3412 ad
889 3373 1011 3431 quorum
1025 3351 1207 3432 praesentiam
1229 3353 1308 3412 Deus
1320 3373 1422 3430 opem-

216 3435 390 3568 betur,npon
404 3451 474 3491 vero
488 3452 583 3491 causae
603 3434 717 3511 proprie
731 3432 825 3511 diota,
847 3454 912 3512 quse
926 3434 963 3493 ad
982 3453 1017 3492 ea
1036 3442 1239 3493 concurrerent
1258 3432 1378 3512 physico
1391 3442 1423 3494 et

217 3511 309 3573 reali‘
354 3530 422 3570 uxu.
599 3527 600 3532 ’

276 3657 282 3668 ,
366 3654 373 3668 ,
413 3655 420 3670 .
539 3591 599 3650 III.
622 3591 724 3667 Quoad
744 3614 868 3670 corpora
884 3615 943 3654 non
963 3594 1083 3654 dubium
1101 3602 1154 3670 est,
1176 3594 1247 3671 quin
1266 3591 1425 3671 plurimum

235 3657 439 3774 umpopppptm
476 3671 590 3749 possint
604 3671 634 3730 in
648 3692 768 3750 corpora
782 3673 967 3734 elementaria
987 3681 1017 3734 et
1030 3673 1197 3734 sublunaria
1217 3673 1363 3751 quaelibet,
1385 3673 1426 3733 ad

477 3773 512 3811 ee
532 3752 663 3812 localiter
682 3753 834 3829 movenda,
857 3763 886 3814 et
903 3754 1040 3832 agitanda
1060 3753 1264 3813 diversimode.
1306 3753 1425 3813 Certum

217 3837 304 3898 etiam
317 3853 403 3914 posse
417 3854 467 3894 eos
481 3852 566 3910 agere
580 3833 611 3891 in
623 3854 719 3892 nouae
732 3843 863 3893 externos
876 3844 905 3894 et
919 3837 1048 3910 internos,
1064 3834 1102 3892 ad
1114 3853 1165 3894 eos
1179 3833 1359 3910 excitandos,
1374 3833 1425 3894 vel

345 3968 351 3982 ,
478 3912 630 3991 ligandos,
653 3914 705 3973 sed
726 3914 822 3991 quoad
849 3915 974 3974 amotam
999 3915 1176 3989 retioraalem,
1199 3913 1274 3972 nihil
1340 3923 1425 3974 esunt

272 3965 411 4014 ¹¹¹⁸¹²¹¹¹¹⁸⁸'
481 3993 638 4052 imowdiate
651 3993 682 4052 in
695 3993 795 4072 ipsam,
812 3995 881 4072 qnia
894 3994 931 4052 ad
953 3995 1048 4053 Deum
1063 3995 1156 4054 solum
1173 3994 1224 4071 qui
1238 4013 1273 4052 co
1340 3995 1425 4054 novit

216 4085 246 4136 et
260 4082 404 4136 serutatur
417 4082 447 4132 et
460 4073 511 4150 qui
524 4093 560 4133 ea
572 4073 603 4132 in
616 4093 704 4132 mann
717 4093 771 4132 sua
782 4073 879 4150 habet,
900 4074 1025 4152 pertinet
1039 4075 1125 4134 etiam
1140 4094 1176 4134 ea
1188 4073 1303 4134 flectere
1318 4083 1348 4133 et
1361 4093 1425 4133 mo·

215 4176 284 4216 vere
298 4173 471 4232 quocunque
484 4153 617 4230 voluerit,
640 4152 692 4214 sed
705 4155 824 4213 mediate
837 4163 950 4214 tantum
969 4173 1023 4232 per
1035 4155 1245 4231 phantasmata,
1260 4154 1309 4213 vel
1329 4173 1383 4232 per
1395 4160 1424 4212 τὸ

213 4241 321 4314 θυμιῶν
335 4245 364 4293 ct
377 4239 405 4292 τὸ
420 4233 595 4310 ίπιθυμπιιιι,
611 4253 670 4292 ιιοιι
684 4235 805 4307 ffctioc
812 4241 842 4293 et
849 4235 973 4312 physice,
989 4233 1099 4311 aliquid
1113 4235 1147 4292 in
1157 4253 1221 4293 eam
1232 4233 1422 4310 infirndendo,

215 4317 264 4377 vel
278 4314 432 4374 efficaciter
445 4313 599 4391 operando,
615 4313 667 4372 sed
680 4315 807 4389 objectatis
820 4321 850 4373 et
862 4314 1017 4390 moraliter,
1032 4314 1235 4392 phantasmata
1246 4313 1421 4391 objiciendo,

213 4405 244 4457 et
257 4394 377 4454 affectus
397 4393 552 4454 excitando
573 4401 603 4452 et
623 4393 841 4468 commovendo,
863 4395 969 4470 quibus
988 4395 1125 4454 voluntas
1145 4393 1259 4454 adhoc
1277 4395 1327 4454 vel
1348 4393 1422 4453 illud

212 4473 408 4552 praestandum
421 4471 587 4550 impellitur,
603 4473 629 4532 si
642 4493 699 4532 non
713 4493 765 4552 per
778 4473 958 4534 infallibilem
972 4475 1197 4553 persuasionem,
1209 4483 1240 4533 at
1252 4495 1305 4552 per
1317 4482 1420 4551 poten-

211 4562 271 4612 tem
280 4551 523 4627 suasionemque
534 4561 567 4611 ut
579 4553 734 4628 plurimum
745 4553 879 4614 effectum
890 4573 974 4615 suum
986 4553 1105 4615 sortitur
1115 4555 1145 4613 in
1156 4554 1322 4614 hominibus
1332 4573 1420 4632 prop·

210 4639 255 4688 ter
268 4645 366 4684 eorum
380 4631 601 4704 corruptionem.
