3174 5174
310 365 368 422 514
781 382 872 424 iocus
886 381 1029 424 ocrsvus.
1340 359 1452 444 [ouasr.
1463 385 1480 425 r.

312 520 460 580 adscreto
475 521 539 597 Dei,
554 522 603 581 vel
616 523 653 581 ab
667 521 822 582 existentia
842 521 892 598 rei,
914 541 980 580 cum
1000 521 1133 580 libertate
1155 521 1309 598 conspirat.
1348 523 1482 582 tvm

312 601 348 658 ab
362 601 517 675 intrinseco,
533 621 597 678 quae
612 603 702 661 oritur
715 622 752 662 cx
767 601 994 660 determinatione
1007 601 1125 677 physica
1139 609 1170 658 et
1190 601 1276 659 bruta
1295 600 1331 658 ad
1349 621 1434 676 uuum,
1452 603 1481 660 li·

312 679 453 738 bertatem
466 681 558 756 tollit;
580 683 738 740 Necessitas
751 683 787 740 ab
801 683 956 756 intrimeco,
980 699 1046 758 ques
1064 679 1128 738 fluit
1152 700 1192 738 cx
1215 681 1429 740 &umbratione
1442 703 1483 740 rc·

312 759 412 818 donati
423 761 580 819 voluntatis
594 761 630 820 ab
645 761 803 836 intellectu,
817 780 877 819 non
889 759 976 819 modo
990 779 1049 818 nou
1057 759 1181 818 destruit
1194 758 1362 836 libertatem,
1377 760 1422 819 sed
1432 781 1484 819 eam

314 847 466 898 conservat
480 848 508 898 et
521 839 610 900 fovet.

321 969 434 1018 ,m
444 970 542 1017 suu.
620 919 677 980 vr
707 919 838 980 nemas
859 919 968 978 sums
986 938 1045 978 non
1068 916 1123 978 sut
1147 919 1263 978 uuus
1285 918 1484 995 sesama

572 1000 656 1076 quasi
669 999 754 1059 fuerit
767 997 930 1074 tremum«,
946 1006 975 1057 et
998 998 1129 1056 absolute
1155 998 1202 1058 sui
1221 997 1304 1076 juris,
1319 999 1383 1076 quia
1394 1017 1487 1074 semper

312 1084 344 1134 ut
358 1077 496 1136 Creatura
510 1079 639 1138 Creatori
653 1099 713 1155 suo,
730 1088 759 1138 et
772 1088 805 1138 ut
815 1099 903 1138 cause
916 1077 1043 1136 secunda
1056 1078 1166 1154 primae,
1182 1077 1284 1136 debuit
1297 1077 1402 1154 subjici,
1415 1085 1440 1135 ct
1456 1075 1486 1134 ab

311 1155 375 1231 ejus
387 1165 461 1215 nutu
474 1157 619 1234 pendere:
641 1159 707 1216 Non
720 1158 775 1217 fuit
789 1160 901 1217 libertus
920 1156 1188 1215 insistet-minutionis
1201 1157 1357 1216 voluntatis
1369 1157 1402 1215 ab
1418 1157 1486 1214 intel·

310 1235 388 1294 lectu
401 1236 546 1313 practioo;
569 1237 642 1296 Haee
656 1238 733 1296 enim
747 1238 928 1296 voluntatem
943 1237 975 1294 in
988 1235 1148 1314 appeb'tum
1162 1235 1355 1295 irrationalem
1367 1245 1485 1294 usnemu·

311 1321 409 1389 tasset,
425 1323 459 1374 ut
471 1325 618 1393 appeteret
640 1317 749 1376 malum
764 1319 818 1376 sub
831 1317 943 1376 ratione
960 1315 1037 1391 mali,
1063 1324 1092 1374 st
1113 1335 1174 1373 non
1195 1323 1256 1374 tam
1276 1315 1395 1390 libertas,
1415 1335 1485 1392 quam

312 1392 436 1454 effraenis
450 1394 551 1456 luisset
563 1397 688 1471 boantis,
704 1417 769 1474 quse
783 1415 848 1456 eum
862 1396 987 1472 imagine
1003 1395 1059 1453 Dei
1072 1394 1177 1454 firmset
1190 1394 1338 1460 ὶσὺπιτκ.
1378 1393 1428 1452 Sed
1446 1395 1486 1451 tri·

401 1527 447 1572 Fui
574 1476 643 1555 plex
657 1477 714 1534 alia
732 1475 786 1535 fuit
808 1475 915 1552 inipso
929 1476 1049 1550 lebetes,
1067 1476 1094 1532 1.
1108 1493 1126 1531 a
1141 1476 1303 1547 masticem
1323 1473 1484 1533 assema-

313 1583 335 1630 1,
345 1532 511 1632 gwmigm„
575 1565 631 1615 tute
646 1557 788 1632 physica5
815 1559 843 1614 3.
866 1555 1042 1628 acerbitate,
1065 1561 1127 1612 tum
1152 1554 1274 1630 pcccati,
1297 1562 1355 1613 tum
1374 1552 1485 1610 miseria.

313 1642 335 1688 t.
346 1644 371 1688 A
381 1645 525 1714 amentum
575 1636 648 1694 Duae
662 1636 772 1712 priores
780 1634 994 1694 constituebant
1007 1633 1162 1692 meacm
1177 1634 1242 1710 ejus
1256 1633 1420 1706 mutuent
1433 1649 1485 1707 que

312 1757 334 1802 a
344 1701 497 1806 Al'fflffl
573 1715 684 1774 homini
697 1715 727 1771 in
741 1733 912 1792 quocunque
927 1721 1004 1773 statu
1018 1713 1057 1772 sit
1070 1714 1247 1773 constitutus
1266 1712 1432 1784 conveniunt,
1445 1729 1483 1768 cu-

498 1792 506 1805 ’
571 1795 622 1872 jus
636 1793 694 1852 duo
708 1802 776 1852 sunt
794 1791 973 1852 characteres
993 1797 1021 1850 τὶ
1042 1797 1220 1874 ugusgnmls,
1245 1801 1275 1852 et
1297 1793 1324 1850 ct
1345 1790 1440 1862 babeas,
1460 1796 1485 1846 ut

312 1872 391 1949 quod
404 1872 438 1932 fit
451 1873 503 1932 fiat
516 1874 625 1950 praevio
638 1874 757 1932 rationis
768 1873 888 1949 judicio,
903 1882 933 1931 et
948 1881 1059 1950 sponte.
1103 1872 1165 1931 Sed
1178 1873 1317 1950 posterior
1334 1868 1483 1929 ueduata

303 1953 372 2027 Μ,
388 1953 457 2030 quia
471 1947 637 2046 supervenit
649 1949 777 2012 libertati
790 1951 945 2026 essentiali,
960 1961 990 2010 et
1002 1953 1041 2010 ab
1054 1951 1106 2010 illa
1123 1954 1255 2030 separari
1273 1957 1380 2029 potest;
1399 1947 1485 2024 quippe

312 2032 398 2091 datm
411 2053 481 2092 vera
493 2034 621 2108 libertas,
635 2033 686 2092 ubi
699 2033 767 2092 talis
780 2053 838 2093 non
852 2032 937 2091 datter
950 2031 1117 2092 immunitas
1131 2053 1152 2091 a
1166 2034 1311 2107 servitute,
1332 2037 1363 2088 ut
1380 2029 1406 2086 in
1423 2035 1483 2085 statu

311 2119 432 2250 mcpppt.
449 2192 532 2278 Licet
545 2213 614 2252 vero
628 2192 702 2252 liber
722 2191 809 2251 fuerit
827 2211 844 2250 a
865 2191 1003 2252 servibite
1024 2191 1146 2268 peccati,
1169 2191 1239 2269 quia
1255 2189 1348 2268 justus
1366 2195 1393 2245 et
1407 2192 1483 2274 metus

311 2279 425 2332 oreatus
439 2271 495 2346 est,
506 2291 566 2330 non
585 2269 640 2330 suit
659 2277 757 2330 tamen
771 2273 840 2330 liber
859 2291 878 2330 a
896 2268 1086 2346 mutabilitate,
1108 2271 1182 2348 quia
1223 2269 1397 2343 ualiscunque
1415 2263 1483 2322 luent

311 2351 376 2428 ejus
390 2351 527 2410 saumitas
541 2360 571 2410 et
583 2350 706 2427 justitia,
722 2351 870 2410 mutabilis
883 2349 945 2426 luit,
961 2369 1050 2427 aqua
1062 2350 1186 2427 proinde
1200 2291 1318 2409 deficere
1330 2344 1420 2424 potuit
1454 2340 1482 2397 111

311 2447 345 2486 eo
359 2429 466 2505 quippe
480 2437 558 2490 autu
610 2429 682 2488 situs
697 2429 954 2504 latescentem
974 2438 1073 2507 posset
1086 2437 1166 2489 stare
1180 2438 1210 2490 et
1223 2428 1329 2502 cadere,
1348 2439 1447 2503 peceare
1458 2427 1481 2476 ti

310 2525 368 2565 non
392 2527 520 2584 peceare.
571 2449 656 2581 &uod
679 2508 813 2585 quamvis
836 2509 976 2568 minorem
1000 2509 1208 2586 perlectionem
1230 2515 1328 2585 arguat
1348 2523 1401 2581 pra
1420 2505 1482 2558 altit

310 2586 419 2663 gratiae,
445 2587 496 2662 qui
522 2587 710 2646 immutabilis
732 2595 785 2663 est,
813 2585 926 2646 nullum
950 2598 1049 2647 nmen
1070 2589 1177 2649 vitium
1200 2589 1249 2647 vel
1271 2581 1480 2663 imperfectiorem

310 2673 399 2740 notet,
422 2664 565 2743 siquidem
585 2666 804 2726 immutabilitas
824 2686 883 2725 uon
903 2675 948 2726 est
967 2668 1074 2727 donum
1093 2678 1216 2745 nature,
1238 2667 1289 2726 ssd
1303 2662 1408 2744 gratim
1423 2657 1481 2750 'Nor

310 2753 407 2822 potest
420 2754 516 2804 tamen
529 2745 708 2805 mutabilitas
729 2745 781 2805 illa
799 2747 941 2822 pertinere
963 2746 1002 2806 ad
1021 2747 1188 2808 libertatem
1202 2747 1315 2820 Adam,
1329 2753 1481 2827 queunte>

309 2825 426 2884 nomine
440 2845 646 2904 nonnunquam
659 2825 766 2902 veniat,
782 2825 851 2903 quia
863 2835 923 2885 tam
937 2826 1043 2887 illustri
1057 2829 1153 2886 ornari
1167 2848 1226 2888 non
1239 2824 1336 2885 mabit
1348 2818 1429 2895 elogio
1440 2813 1479 2872 ¹11³

311 2904 447 2981 conditio,
463 2925 527 2982 quas
541 2914 603 2965 tum
616 2905 753 2982 libertati,
768 2913 830 2965 tum
843 2905 1016 2965 beatitudini
1036 2907 1163 2966 bominis
1181 2907 1297 2967 modum
1311 2898 1426 2982 ponebat,
1439 2891 1480 2986 ⁵⁴3³

311 2984 366 3044 fuit
378 2993 492 3046 tantum
511 2986 654 3046 libertatis
668 2985 819 3045 Adamieoe
832 2985 986 3064 appendix,
1008 3005 1074 3063 quas
1094 2985 1137 3046 ita
1158 2987 1275 3066 propris
1294 2983 1334 3042 illi
1352 2978 1405 3052 fuit,
1418 2982 1479 3032 utm

311 3065 392 3125 nullo
406 3065 522 3125 homine
536 3065 621 3125 fuerit
635 3065 767 3144 amplius,
782 3066 831 3124 vel
844 3085 908 3125 esse
921 3065 1022 3144 possit.
1470 3125 1476 3139 ,

351 3144 444 3204 VIII.
466 3145 513 3206 Ex
533 3147 589 3205 hec
603 3165 672 3205 vero
692 3145 885 3206 mutabilitate
905 3145 1094 3221 indifferentia
1113 3146 1215 3223 oritur,
1236 3163 1299 3224 qua
1310 3129 1477 3226 vulgetubtl

311 3223 385 3284 solet
399 3222 523 3299 Adamo,
546 3224 584 3284 de
603 3245 661 3302 qua
680 3227 825 3302 queritur,
841 3224 892 3283 An
911 3225 1030 3283 libertas
1050 3224 1113 3301 ejus
1131 3225 1163 3283 in
1185 3247 1220 3285 ea
1240 3223 1329 3302 posita
1340 3217 1420 3276 ment
1437 3203 1476 3265 Ad

311 3321 397 3378 quam
411 3303 618 3378 respondemus
631 3305 777 3381 negative,
793 3308 820 3363 1.
835 3304 903 3381 quie
915 3303 983 3363 telis
996 3306 1128 3382 bettona,
1143 3324 1197 3365 sen
1213 3300 1325 3382 mqudis
1341 3295 1375 3356 ed
1391 3293 1477 3376 ΜΨ

309 3388 339 3438 et
353 3380 460 3438 malum
474 3383 636 3458 propensio,
652 3403 718 3441 oum
732 3383 891 3442 voluntatis
907 3391 1009 3443 natura
1027 3391 1148 3460 pugnat,
1164 3404 1230 3462 quse
1242 3375 1388 3440 necesstn'o
1400 3383 1474 3444 sequt-

309 3465 357 3516 tur
376 3457 520 3516 dictamen
540 3460 718 3536 intellectus,
741 3466 769 3520 2.
791 3481 857 3522 cum
876 3469 952 3521 statu
971 3462 1131 3538 creationis,
1147 3463 1179 3522 in
1199 3481 1255 3541 quo
1268 3458 1389 3518 voluntas
1400 3451 1476 3538 “im

309 3534 364 3594 fuit
377 3535 464 3594 valde
477 3537 562 3611 bona,
577 3546 677 3614 utpote
691 3538 729 3598 ad
742 3541 898 3618 imaginem
913 3541 969 3601 Dei
990 3541 1022 3600 in
1040 3542 1155 3620 justitia
1169 3551 1199 3602 et
1212 3539 1353 3602 sanctitate
1365 3525 1473 3594 corbet

308 3613 395 3673 valde
408 3615 485 3674 bona
498 3625 595 3676 autem
608 3637 667 3676 non
684 3627 768 3693 esset,
791 3619 817 3676 si
836 3619 874 3677 ad
887 3620 1000 3695 vitium,
1015 3641 1097 3698 seque
1111 3641 1146 3680 ac
1159 3621 1198 3680 ad
1210 3621 1346 3685 virtutffls
1359 3615 1473 3696 llll?¹1⁵⁸

309 3703 398 3770 assst3
421 3697 449 3754 3.
465 3715 530 3754 eum
552 3695 632 3774 Lege
652 3696 761 3755 homini
783 3697 851 3772 lata,
873 3717 938 3775 quas
953 3701 1049 3760 Deum
1069 3708 1132 3760 tota
1149 3709 1245 3760 mente
1265 3704 1293 3757 et
1308 3691 1369 3753 totis
1383 3681 1472 3773 wnbus

310 3793 406 3834 amare
424 3775 564 3852 jubabst3
586 3796 604 3833 a
617 3796 675 3853 qua
687 3777 788 3854 utique
805 3778 867 3854 jam
888 3780 1063 3857 recessisset,
1078 3779 1104 3838 si
1124 3780 1154 3838 iu
1168 3780 1220 3840 tali
1233 3768 1378 3854 equilibris
1386 3761 1470 3856 baetti

310 3855 493 3914 constitutus.
537 3855 569 3914 Si
582 3875 652 3933 ergo
667 3857 799 3933 quaedam
820 3853 955 3938 ὓιιφιςίι
974 3859 1019 3917 illi
1034 3859 1187 3918 tribuenda
1200 3863 1251 3932 est,
1265 3873 1319 3913 nou
1331 3835 1469 3936 estmitffl·

310 3933 406 4010 ganda
419 3934 449 3992 iu
463 3943 528 3994 acte
540 3939 668 4010 amado,
684 3944 713 3996 et
727 3936 824 4013 quoad
839 3939 995 4014 potentum
1007 3940 1162 4014 aarum,
1181 3937 1262 4016 quasi
1279 3931 1390 4010 potumi
1402 3909 1469 3977 ΜΠ]
1532 3949 1534 4014 fi

309 4020 339 4070 et
353 4015 443 4073 semel
456 4033 575 4074 mansus
589 4015 619 4073 in
633 4015 684 4074 illo
698 4024 776 4075 statu
789 4025 856 4076 cetur
874 4016 942 4076 ferri
962 4017 1000 4076 ad
1020 4018 1128 4078 bonum
1141 4028 1170 4078 et
1183 4017 1221 4076 ad
1237 4013 1346 4082 matun,
1359 3995 1423 4081 (ΨΜ
1434 3995 1468 4082 est
1532 4019 1533 4061 t

308 4090 455 4168 himmas,
470 4093 539 4171 quis
552 4093 594 4152 sio
607 4094 694 4154 homo
708 4105 917 4174 supponeretur
929 4116 993 4156 esse
1006 4097 1093 4158 simul
1105 4098 1217 4176 integer
1229 4103 1258 4154 et
1269 4092 1375 4167 lapsus:
1392 4073 1468 4158 wll}
1531 4103 1532 4160 t

307 4179 373 4230 actu
381 4174 486 4248 primo,
502 4181 532 4232 et
545 4173 641 4250 quoad
652 4175 820 4234 rebmttetern
827 4178 967 4253 pooenboe,
983 4177 1051 4253 quia
1064 4178 1193 4254 potentia
1202 4195 1251 4234 seu
1263 4167 1371 4230 facultas
1379 4153 1464 4216 ΑΜ
1530 4183 1531 4259 q

306 4248 349 4308 ita
372 4259 434 4310 erat
455 4251 595 4328 disposita
617 4273 670 4330 per
693 4254 886 4315 conditionem
909 4255 1077 4316 mutabilem
1100 4256 1131 4314 in
1153 4276 1209 4333 que
1231 4247 1353 4312 conditus
1372 4231 1465 4329 eftbll
1529 4277 1530 4357 q

306 4338 405 4406 posset
418 4329 456 4389 ad
469 4331 577 4390 malum
591 4331 783 4410 determinari,
798 4353 857 4392 non
870 4334 966 4395 minus
979 4355 1013 4394 ac
1027 4335 1065 4394 ad
1084 4335 1200 4410 bonum,
1217 4331 1267 4392 sed
1286 4331 1422 4405 sueoemyt
1441 4309 1464 4396 ,θ’
1528 4383 1529 4388 ,

305 4407 337 4499 in
351 4427 438 4544 sensdu
451 4409 555 4547 diptiso,
570 4430 629 4469 non
642 4412 728 4472 simul
749 4421 779 4472 et
791 4413 823 4471 in
836 4433 923 4474 sensu
936 4416 1112 4494 composito;
1133 4413 1213 4494 quod
1223 4407 1310 4470 tristis
1321 4393 1464 4476 eslimnm

304 4503 391 4542 nimis
425 4507 511 4546 ocur.

345 4561 405 4620 IX·
427 4565 567 4637 Quamvis
586 4567 705 4630 libertas
725 4577 835 4630 naturae
853 4573 1008 4634 conveniat
1028 4573 1058 4632 iu
1071 4569 1277 4634 essentialibus
1289 4577 1345 4620 cum
1362 4545 1465 4610 liberate
1526 4575 1527 4655 q

303 4635 428 4697 hominis
441 4642 471 4699 in
485 4645 550 4704 aliis
564 4645 687 4707 statibus
700 4651 873 4727 constitutas,
895 4652 981 4731 longe
996 4661 1093 4714 umen
1107 4653 1204 4715 differi
1230 4621 1464 4706 immanium
1524 4667 1526 4755 i
