3250 5176
279 327 339 386 600
751 347 842 388 nouus
856 346 995 388 aramue.
1146 330 1152 344 '
1301 319 1433 407 [oneum
1448 346 1491 386 11.

280 487 349 546 Etb.
363 488 383 548 1.
398 487 439 550 iii.
454 510 479 550 c.
496 493 523 550 5.
566 491 645 550 Hinc
667 489 708 566 fit,
734 497 766 548 ut
786 489 921 549 voluntas
942 490 972 548 iu
993 508 1024 548 se
1037 487 1130 548 libera
1150 489 1191 548 ita
1204 487 1416 549 determinetur
1430 490 1488 550 rel

279 566 317 626 ad
331 568 439 628 bonum
453 572 501 630 vel
525 571 563 631 ad
588 571 703 645 melum,
724 580 756 630 ut
779 589 838 628 non
859 569 952 648 possit
973 589 1031 628 non
1052 570 1100 628 vel
1117 569 1191 629 bene
1213 570 1261 628 vel
1281 570 1357 628 mele
1378 591 1486 649 agere.

281 645 367 708 Unde
381 649 445 710 fluit
457 650 574 712 sevies
594 651 713 730 peccati,
729 649 777 709 vel
795 650 926 728 justitiae.
970 651 1068 725 Sexto,
1084 651 1229 710 necantes
1249 652 1405 710 masmae
1426 653 1485 728 rei,

279 746 331 788 seu
345 740 462 809 amaa,
477 752 628 811 perquam
642 731 683 806 fit,
698 739 731 791 ut
744 730 860 808 qnando
873 751 920 790 res
934 741 987 806 est,
1002 751 1060 790 non
1074 731 1167 808 possit
1179 751 1239 789 non
1253 751 1326 791 esse.

278 852 418 902 Nmmu
453 873 519 904 eoac-
580 813 619 872 V.
642 811 685 872 Ut
698 810 756 870 duo
777 819 845 870 sunt
866 811 1003 890 praecipui
1026 812 1204 870 characteres
1227 811 1326 870 Liberi
1341 810 1485 886 arbitrii,

308 913 382 960 nonu
391 920 416 961 et
423 916 522 975 physica
543 892 573 950 in
584 892 690 970 quibus
700 892 763 968 ejus
774 892 847 950 ratio
858 891 987 951 formalis
993 891 1133 966 consistit,
1143 892 1188 954 Li
1199 893 1345 973 rgm'gms,
1355 899 1389 950 ut
1398 891 1483 969 quod

308 979 426 1043 Nepam
450 975 522 1022 uber-
542 973 584 1050 fit,
600 972 708 1050 praevio
733 981 852 1032 rationis
870 973 982 1050 Judrcro
996 972 1055 1048 liat,
1078 976 1106 1032 2.
1120 977 1148 1030 el
1160 971 1272 1048 ἐκείνων,
1289 983 1321 1031 ut
1337 973 1420 1050 quod
1434 973 1480 1046 tit,
1593 983 1594 1036 Ῑ

307 1033 363 1075 ω
539 1062 641 1131 sponte
655 1062 686 1112 et
699 1053 761 1112 sine
775 1053 923 1112 coactione
937 1053 1004 1130 fiat;
1026 1053 1104 1130 prior
1117 1051 1357 1128 adintellectum,
1379 1063 1482 1131 poste·

277 1127 336 1188 rior
349 1130 387 1190 ad
401 1132 579 1193 voluntatem
595 1133 738 1212 pertinet:
760 1134 834 1191 Duas
849 1133 934 1192 etiam
949 1131 1130 1192 necessitatis
1144 1133 1255 1210 species
1269 1153 1336 1192 cum
1353 1153 1388 1191 ea
1401 1154 1480 1211 pug-

275 1217 355 1271 nant.
388 1211 485 1271 Prime
499 1222 544 1272 est
557 1214 702 1274 aecesatas
711 1214 830 1290 physica
843 1222 872 1273 et
893 1215 985 1288 bato,
1012 1213 1115 1272 Altera
1135 1215 1281 1272 moecatus
1301 1215 1482 1288 coactionis,-

274 1289 326 1348 illa
340 1293 474 1374 προαίρειν
487 1294 572 1371 tollit,
594 1295 650 1354 ista
664 1315 732 1353 vero
752 1293 863 1352 asinoe
906 1293 981 1351 Nam
995 1313 1061 1371 quae
1075 1292 1148 1352 fiunt
1162 1314 1199 1352 ex
1213 1295 1388 1354 necessitate
1401 1295 1481 1372 phy-

277 1369 338 1430 sica
350 1373 387 1430 ab
401 1374 555 1451 agentibus
569 1375 748 1435 neutralibus
762 1374 800 1433 ed
813 1393 902 1432 unum
916 1383 1019 1433 natue
1039 1383 1069 1433 et
1090 1373 1152 1432 eine
1176 1374 1286 1432 ratione
1300 1374 1479 1434 determina-

275 1449 322 1526 tis,
337 1472 396 1511 non
410 1464 533 1531 possunt
546 1455 657 1516 censeri
680 1455 743 1515 fieri
765 1455 864 1530 libere,
879 1453 919 1512 id.
933 1453 1042 1531 praevio
1064 1453 1185 1512 rationis
1204 1455 1334 1531 lumine;
1356 1455 1398 1514 Et
1412 1475 1481 1534 quea

275 1529 350 1590 fiunt
363 1553 415 1611 per
428 1535 488 1594 vim
503 1545 532 1595 et
546 1545 652 1613 coacte,
668 1555 727 1594 non
740 1543 862 1614 possunt
875 1534 933 1593 dici
947 1543 1048 1612 sponte
1062 1532 1133 1592 fieri.
1176 1535 1215 1593 Et
1226 1533 1262 1593 de
1277 1535 1322 1594 bis
1336 1534 1422 1594 nulla
1435 1537 1480 1594 in·

276 1623 320 1669 ter
334 1613 396 1672 Nos
410 1623 439 1673 et
453 1616 647 1676 Adversarios
660 1625 706 1676 est
718 1615 921 1676 controversia.
963 1612 1031 1673 Hoc
1045 1621 1157 1672 tantum
1176 1614 1270 1674 obiter
1289 1615 1479 1692 monendum,

277 1690 454 1772 Bellarmin,
470 1696 522 1755 lib.
533 1696 572 1754 iii.
589 1697 624 1755 dc
639 1717 700 1774 gra.
715 1706 746 1756 et
757 1697 808 1755 lib.
824 1695 884 1754 arb.
899 1715 961 1772 cap.
968 1698 996 1770 4,
1006 1702 1036 1753 et
1046 1693 1118 1752 elios
1132 1713 1171 1753 ex
1181 1695 1342 1754 Pontificiis
1351 1697 1480 1756 Nostros

275 1771 451 1850 calumniari,
468 1775 537 1834 dum
552 1777 610 1836 illis
624 1779 783 1855 imponunt,
806 1775 884 1853 quod
898 1775 1022 1834 sentiant
1042 1774 1206 1834 libertatem
1220 1795 1239 1833 a
1252 1776 1403 1836 coactione
1418 1777 1477 1836 suf-

274 1849 360 1911 ficere
374 1855 412 1913 ed
426 1857 660 1918 constitutionem
673 1857 758 1917 liberi
771 1855 900 1930 arbitrii,
923 1855 997 1930 Quia
1011 1863 1115 1932 praeter
1127 1855 1208 1914 illam
1223 1855 1374 1933 requirunt
1388 1858 1478 1916 etiem

278 1930 488 1998 immunitatem
503 1959 520 1998 a
533 1939 705 1999 necessitate
718 1937 858 2016 physica;
882 1936 922 1996 Et
942 1935 967 1994 si
988 1934 1103 2013 quando
1118 1935 1219 1996 dicunt
1233 1936 1381 1995 hominem
1396 1959 1414 1995 a
1429 1959 1477 1996 co-

272 2012 396 2094 actione,
412 2038 471 2077 non
485 2041 503 2078 a
516 2019 687 2079 necessitate
709 2019 832 2077 liberum
853 2036 925 2092 esee,
947 2016 1114 2074 necessitates
1134 2035 1207 2076 voce
1227 2037 1287 2075 nou
1306 2017 1479 2095 intelligunt

277 2113 342 2158 eam
361 2121 426 2178 quse
440 2102 545 2160 dicitur
552 2100 680 2177 physica,
695 2098 732 2158 de
746 2118 804 2176 que
817 2098 897 2157 nulla
909 2103 972 2156 erat
985 2096 1189 2172 counoversia,
1211 2105 1241 2156 et
1260 2117 1326 2174 qma
1340 2098 1413 2156 satis
1428 2117 1480 2176 per

275 2195 306 2234 se
321 2181 494 2258 excluditur,
520 2190 581 2240 tum
597 2179 759 2240 conditione
774 2179 905 2257 subjecti,
921 2176 999 2254 qnod
1013 2186 1058 2235 est
1071 2177 1219 2252 rationale,
1235 2187 1296 2236 tum
1310 2198 1348 2236 ex
1361 2178 1480 2238 actibus

270 2253 422 2332 judicandi
443 2269 473 2321 et
486 2260 613 2337 volendi,
639 2261 689 2338 qui
703 2280 768 2320 cnm
783 2279 818 2318 ea
831 2268 898 2319 suut
911 2257 1065 2334 debeam
1088 2257 1139 2316 sed
1152 2258 1353 2318 necessitatem
1368 2259 1478 2338 depen-

274 2338 388 2418 dentia,
404 2341 561 2418 servitutis,
578 2349 607 2399 et
620 2341 798 2400 rationalem.

273 2457 320 2502 sed
335 2461 513 2505 convenirem
576 2421 632 2479 VI.
656 2421 715 2480 Sed
729 2421 754 2478 si
768 2420 833 2479 due
847 2419 910 2479 istae
932 2418 1114 2478 necessitatis
1131 2417 1242 2495 species
1255 2439 1273 2476 a
1287 2418 1372 2478 nobis
1394 2439 1473 2478 com·

303 2531 339 2570 aa,
350 2515 372 2562 1.
381 2518 513 2563 nemesim
533 2510 706 2574 memoratae,
723 2521 788 2559 cum
802 2500 893 2558 libero
914 2499 1032 2558 arbitrio
1053 2507 1201 2576 pugnant3
1223 2519 1282 2558 nou
1302 2499 1406 2558 θιιάιιιιι
1427 2511 1473 2559 cst

301 2574 469 2676 &aasentias
498 2590 514 2620 ⁸
533 2579 608 2638 retio
622 2580 750 2654 aliarum,
767 2599 831 2655 quse
846 2599 911 2638 cum
922 2599 957 2638 eo
981 2579 1138 2638 subsistere
1160 2587 1289 2656 possunt,
1313 2589 1343 2639 et
1363 2580 1473 2657 quibus

325 2647 361 2678 ⁰⁰·
534 2679 591 2718 non
613 2667 672 2717 tam
693 2658 858 2732 destruitur,
874 2677 960 2736 quam
975 2669 1165 2718 conservatur
1178 2668 1207 2717 et
1220 2659 1375 2737 perficitur,
1392 2660 1472 2738 quod

271 2737 421 2815 sigillatim
435 2737 531 2816 quoad
545 2748 669 2816 quatuor
681 2737 862 2798 necessitatis
884 2738 994 2815 species
1015 2747 1082 2798 ante
1102 2747 1216 2798 notatas
1230 2739 1345 2798 ostendi
1364 2750 1472 2818 potest.

272 2818 379 2896 Primo,
387 2817 483 2896 quoad
496 2819 682 2878 mcaasitatern
696 2819 884 2895 dependentia
897 2840 918 2877 a
930 2821 1003 2895 Deo,
1019 2819 1156 2879 Liberum
1171 2819 1320 2879 arbitrium
1334 2840 1401 2879 eam
1414 2841 1473 2880 non

271 2899 409 2974 excludit,
425 2899 477 2959 sed
492 2898 636 2978 supponit,
652 2900 714 2959 sive
738 2898 918 2977 intelligatur
936 2901 1121 2977 dependentia
1142 2901 1231 2959 ethica
1246 2901 1335 2976 juria,
1358 2901 1471 2961 ratione

271 2979 361 3058 Legis
375 2981 491 3056 divinae,
514 3001 533 3039 a
545 3001 603 3058 qua
624 2990 754 3040 creatura
767 2981 917 3039 rationalis
940 3001 1086 3059 nunquam
1110 2980 1199 3039 eximi
1217 2991 1321 3057 potest,
1344 2981 1408 3040 sive
1423 2985 1470 3042 de·

264 3063 421 3136 pendentia
430 3063 549 3138 physica
556 3063 638 3137 facti,
664 3060 760 3139 quoad
784 3080 955 3120 concursum
977 3060 1181 3136 Providentiae,
1203 3081 1255 3138 per
1276 3081 1362 3138 quam
1383 3081 1432 3120 res
1453 3084 1471 3120 e

270 3141 335 3199 Deo
349 3151 382 3202 ut
395 3163 508 3202 summo
520 3142 644 3202 Rectore
654 3151 778 3202 etcause
791 3141 884 3218 prima
894 3141 935 3200 ite
942 3140 1076 3218 pendent,
1092 3140 1204 3215 inesse,
1219 3141 1290 3216 fieri,
1306 3149 1335 3200 et
1344 3143 1467 3218 operari,

267 3228 301 3278 ut
314 3241 368 3281 nec
382 3243 445 3282 esse
459 3243 513 3282 nec
537 3223 691 3300 quicquam
714 3242 800 3298 agere
823 3221 880 3279 nisi
903 3220 1099 3298 dependenter
1119 3221 1239 3298 abipso
1263 3221 1384 3298 possint,
1406 3223 1469 3282 sive

268 3301 452 3376 dependentia
456 3303 644 3379 fiatoitioars,
660 3301 756 3379 quoad
769 3301 978 3379 praescientiam
992 3309 1021 3360 et
1034 3300 1182 3360 deorsum
1202 3321 1240 3360 ex
1254 3302 1360 3378 quibus
1374 3304 1469 3362 nasci

267 3387 315 3437 tur
327 3382 474 3440 neomutus
487 3382 692 3456 infallibilitate
705 3391 735 3441 et
749 3381 995 3441 immutabilitatis:
1016 3381 1244 3458 Quantacunque
1253 3382 1330 3440 euim
1339 3382 1378 3441 sit
1387 3403 1468 3442 crea·

267 3465 339 3516 turae
353 3459 473 3518 libertas
495 3462 526 3518 in
548 3461 763 3537 operationibus
778 3462 846 3535 suis,
873 3461 1042 3520 necessariae
1063 3469 1159 3520 tamen
1180 3469 1248 3520 sunt
1268 3463 1324 3521 hoc
1343 3472 1468 3541 utroque

267 3546 408 3616 respectu,
424 3539 496 3599 alias
510 3540 692 3618 praescientia
706 3541 761 3599 Dei
776 3549 875 3618 posset
888 3541 959 3615 felli,
974 3551 1004 3600 et
1018 3541 1165 3600 decretum
1179 3543 1243 3618 ejus
1256 3543 1371 3601 mutari.

324 3673 335 3696 τ
403 3675 409 3686 ,
569 3619 642 3679 VII.
667 3619 809 3695 Secundo,
825 3619 921 3697 quoad
939 3623 1126 3680 necoeamtem
1140 3623 1308 3681 rationalem
1330 3622 1466 3683 determi-

265 3675 288 3722 2
310 3672 449 3779 iffi?
471 3689 509 3720 '⁸'
528 3700 654 3760 nationis
669 3699 707 3759 ad
720 3721 810 3760 unum
824 3701 861 3759 ab
875 3699 1025 3760 intellectu
1047 3701 1184 3779 practico.
1227 3703 1299 3762 Cum
1321 3703 1398 3762 enirn
1413 3724 1465 3764 ro·

528 3781 625 3841 luntas
640 3782 678 3842 sit
691 3781 835 3858 appetitus
850 3780 1006 3856 rationalis,
1029 3801 1064 3840 ee
1084 3790 1128 3840 est
1142 3785 1206 3859 ejus
1219 3792 1330 3859 nature,
1353 3793 1386 3844 ut
1407 3805 1465 3843 nou

265 3861 358 3939 possit
371 3880 429 3920 non
444 3862 526 3940 sequi
541 3862 673 3922 ultimum
687 3861 851 3922 intellectus
864 3861 984 3939 practici
995 3860 1138 3939 judicium
1150 3883 1157 3938 ;
1180 3863 1252 3922 alias
1265 3872 1364 3940 posset
1378 3885 1465 3943 appe·

265 3949 325 4001 tere
339 3941 448 4000 malurn
463 3943 517 4000 sub
531 3943 641 4002 ratione
655 3943 733 4018 mali,
758 3952 787 4002 et
810 3941 938 4001 eversari
951 3942 1060 4000 bonum
1083 3942 1137 4001 sub
1158 3943 1269 4002 ratione
1283 3943 1360 4018 boni,
1388 3945 1467 4022 quod

264 4028 309 4080 est
322 4020 471 4082 ἰώπων.
514 4022 588 4081 Nam
611 4023 636 4082 si
654 4023 787 4083 ultimum
799 4022 941 4100 judicium
956 4023 1120 4082 intellectus
1134 4023 1253 4099 practici
1267 4043 1302 4083 eo
1316 4023 1415 4100 fertur,
1434 4035 1467 4086 nt

260 4101 374 4180 judicet
387 4102 442 4160 hoc
467 4101 621 4179 objectum,
636 4103 684 4163 hic
706 4111 831 4179 etnunc,
846 4103 983 4180 expensis
1001 4102 1135 4162 omnibus
1149 4103 1381 4179 circumstantiis,
1402 4125 1466 4166 esse

264 4181 413 4259 optimum,
432 4189 462 4240 et
477 4183 612 4242 voluntas
626 4182 693 4242 huic
710 4183 823 4260 judicio
847 4182 1048 4260 refragaretur,
1071 4191 1133 4242 tum
1153 4193 1335 4244 aversaretur
1355 4185 1465 4245 bouum

264 4261 320 4320 sub
333 4261 444 4321 ratione
458 4261 536 4320 boni.
573 4263 634 4323 Nec
656 4265 763 4341 opponi
785 4262 872 4322 debet
893 4263 1074 4323 voluntatem
1093 4283 1152 4323 non
1176 4283 1241 4324 raro
1255 4265 1362 4324 malurn
1377 4285 1464 4344 appe·

262 4349 341 4417 tere,
368 4339 442 4416 Quia
456 4361 514 4399 non
529 4343 637 4419 appetit
651 4342 725 4403 illud
738 4343 793 4404 sub
811 4343 923 4403 ratione
936 4343 1014 4420 mali,
1041 4343 1093 4403 sed
1107 4343 1161 4404 sub
1178 4344 1273 4422 specie
1294 4345 1363 4404 boni
1377 4366 1463 4425 appa-

262 4421 362 4497 rentis,
377 4419 425 4480 vel
439 4421 528 4497 utilis,
543 4423 591 4480 vel
601 4423 733 4499 jucundi.

569 4502 659 4562 VIII.
687 4503 794 4580 Tertio,
817 4503 913 4581 quoad
933 4505 1119 4564 maeatae
1140 4507 1284 4580 morabut,
1310 4525 1376 4583 quse
1407 4507 1462 4566 ori-

260 4561 283 4606 a
299 4561 436 4667 Nmfflff'
447 4580 507 4612 ¹¹¹⁰*
528 4589 576 4640 tur
588 4601 626 4640 ex
641 4583 796 4643 habitibus.
827 4583 902 4642 Nam
915 4591 949 4642 ut
970 4585 1105 4644 voluntas
1128 4585 1216 4644 libera
1229 4593 1325 4662 potest
1346 4585 1413 4662 dici,
1439 4587 1463 4647 si

525 4669 570 4720 est
583 4661 684 4722 babitu
698 4683 800 4723 vacua.
833 4664 879 4724 Ita
891 4683 975 4724 seura
988 4673 1065 4725 recte
1082 4663 1195 4741 dicitur,
1214 4665 1238 4726 si
1260 4685 1312 4744 per
1331 4665 1462 4726 habiturn
