3158 5180
116 375 232 426 oussr.
247 355 352 439 auru]
565 373 604 415 na
619 373 911 418 rmnasrrrnrronr.
1269 360 1328 416 3711

109 517 196 578 fidem
208 519 239 578 in
249 517 447 578 conditionem
456 515 564 594 salutis,
575 517 671 578 medis
680 537 795 596 quoque
804 518 842 576 ad
851 517 939 578 fidem
950 518 1083 578 omnibus
1093 517 1251 595 etsingulis
1261 537 1327 597 peo-

108 599 257 658 catoribus
272 598 523 658 indiscriminatim
537 598 691 658 ordinavit.
712 600 888 658 Postremum
902 607 947 658 est
954 601 1144 674 particulare,
1157 617 1215 675 quo
1226 598 1327 658 statuit

107 679 144 737 de
156 680 342 758 singulorum
356 679 448 738 salute
463 678 512 737 vel
525 678 624 754 exitis,
647 687 734 756 prout
757 699 807 738 eos
832 679 1000 754 creditrnos,
1024 679 1073 737 vel
1093 698 1152 736 uon
1166 678 1325 738 credituros

107 761 263 836 praevidit,
285 769 373 836 atque
396 759 437 817 ita
457 777 551 816 nexus
573 759 636 836 ejus
658 779 724 818 cum
747 759 891 836 prioribus
915 779 973 818 non
995 766 1040 818 est
1061 757 1249 834 necessarius,
1273 759 1324 818 scd

107 839 284 916 matingens
298 849 328 899 et
342 839 512 913 eventium,
528 847 670 915 quatenus
683 838 746 897 fieri
766 839 869 916 potuit,
892 847 932 914 ut,
955 837 1023 898 dato
1038 838 1152 897 Christo
1167 839 1197 895 in
1212 837 1323 898 Media·

109 929 213 994 torem,
229 927 259 979 et
272 919 368 998 posita
381 919 447 995 lege
461 917 529 976 fidei
538 917 679 978 etmediis
696 919 733 977 ad
744 939 807 978 eam
816 919 1032 994 administratis,
1042 919 1141 977 nullus
1154 918 1285 978 crederet
1295 927 1325 977 et

105 1007 284 1074 servaretur,
300 998 353 1058 sed
366 999 570 1056 damnarentur
583 999 712 1057 universi
724 1020 731 1075 ;
753 999 821 1076 quia
841 1000 936 1076 gratia
949 1019 1015 1076 qua
1028 998 1088 1056 illis
1102 997 1255 1073 confertur,
1277 1017 1322 1058 re·

103 1079 243 1138 sistibilis
257 1098 372 1157 semper
386 1078 564 1155 supponitur,
587 1077 628 1138 id.
652 1098 738 1156 quam
759 1080 845 1137 homo
859 1099 911 1155 pro
925 1078 1010 1138 libitu
1024 1077 1182 1155 potestve]
1196 1078 1322 1154 recipere

106 1159 156 1217 vel
170 1159 302 1236 rejicere.
346 1159 394 1218 Sic
415 1161 645 1218 Remmehcntes
667 1167 817 1236 exponunt
845 1159 1024 1218 Sententiam
1048 1177 1130 1220 suam
1155 1157 1192 1216 da
1214 1157 1321 1218 Ordine

109 1238 303 1298 Decretorum
317 1237 349 1297 in
363 1239 440 1296 Ache
452 1239 559 1314 Synod.
594 1283 602 1298 .
619 1240 665 1313 18,
683 1241 729 1298 19.

146 1319 225 1377 VII.
248 1318 308 1378 Sed
322 1318 401 1378 Ordo
413 1319 468 1377 iste
483 1318 544 1376 mul
558 1319 564 1332 “
579 1318 668 1378 ariam
689 1319 823 1397 impingit
837 1318 867 1377 in
881 1319 1042 1395 veritum,
1058 1327 1087 1378 et
1105 1338 1241 1378 sanorum
1262 1337 1320 1378 aar·

106 1417 230 1458 monum
244 1398 375 1473 formam,
391 1407 420 1457 et
434 1399 622 1476 gravmsimos
636 1418 746 1458 errores
759 1407 826 1476 post
839 1419 870 1458 se
883 1399 981 1459 trahit.
1024 1403 1050 1458 1.
1073 1400 1110 1457 In
1123 1419 1229 1477 genere
1243 1400 1321 1477 capi·

104 1479 165 1537 talc
179 1487 234 1554 est,
249 1479 329 1556 quod
343 1477 374 1536 in
387 1497 421 1538 eo
437 1477 701 1537 Ihaedestinationia
715 1479 849 1556 gratuita
864 1479 995 1538 doctrina
1014 1480 1215 1557 cormmpitur,
1237 1488 1267 1538 et
1281 1479 1319 1538 ad

108 1557 334 1636 Pelagianorum
346 1567 474 1616 mentem
488 1557 619 1633 traditur,
645 1557 714 1618 dum
739 1559 776 1618 ab
795 1559 912 1618 homins
927 1567 956 1619 et
969 1559 1081 1618 viribus
1094 1559 1180 1619 liberi
1193 1559 1318 1618 Arbitrii

105 1637 464 1778 ffllu‘aii‘lffil
478 1637 906 1796 tthfittttffittt
921 1639 1320 1796 thttttttttttt

102 1797 237 1874 justitia,
252 1798 303 1875 qui
316 1797 445 1875 pendent
458 1817 477 1855 a
490 1797 554 1856 Deo
568 1805 600 1856 ut
613 1797 729 1874 Judiee,
745 1799 795 1876 qui
809 1799 916 1876 eligere
931 1798 1036 1858 dicitur
1050 1799 1208 1874 credentes,
1223 1809 1253 1859 et
1273 1819 1318 1858 re·

107 1877 231 1954 probare
243 1877 417 1954 incredulos,
432 1877 483 1936 ubi
496 1877 617 1955 proinde
630 1878 728 1938 nullus
749 1878 834 1937 daher
854 1879 978 1956 amplius
998 1878 1080 1938 locus
1094 1879 1315 1956 objectionibus,

109 1977 179 2034 quae
192 1977 210 2014 a
223 1957 311 2017 Paulo
325 1965 486 2033 moventur,
504 1957 589 2017 Rom.
599 1957 648 2034 ix,
665 1977 716 2016 our
729 1959 806 2017 hunc
819 1977 878 2017 nou
891 1959 973 2017 illum
987 1958 1109 2035 elegerit
1119 1967 1169 2016 aut
1183 1959 1317 2034 reproba·

107 2037 170 2096 rit:
190 2037 261 2096 Cium
273 2045 371 2097 tamen
388 2037 536 2115 Scriptura
559 2045 725 2096 constanter
738 2045 856 2112 asmrat,
880 2057 929 2097 saa
951 2057 969 2096 a
993 2039 1055 2096 sola
1070 2038 1126 2096 Dei
1140 2035 1237 2116 albuin
1245 2057 1315 2115 pen·

107 2116 186 2192 dcre,
209 2126 239 2176 ct
263 2137 326 2177 esse
348 2125 431 2176 actus
454 2117 526 2176 meri
548 2117 721 2196 beneplaciti
744 2117 809 2193 Dei,
825 2126 962 2195 tanquam
977 2117 1104 2195 supremi
1119 2118 1245 2192 Domini,
1267 2118 1318 2194 qui

105 2206 203 2274 potest
216 2197 253 2257 de
267 2217 319 2256 sue
334 2197 427 2256 lacere
441 2198 520 2275 quod
533 2197 615 2256 libet.
656 2199 684 2258 3.
707 2198 755 2256 Ex
768 2197 826 2257 ista
839 2197 982 2258 sententia
996 2198 1077 2258 Deus
1091 2197 1232 2275 praevidet
1252 2206 1316 2256 tan·

105 2285 169 2335 turn
183 2277 279 2352 fidem,
295 2277 347 2337 sed
361 2297 420 2336 non
433 2277 511 2354 facit,
537 2276 679 2355 siquidem
694 2277 788 2354 gratia
810 2277 955 2337 sufficiens
978 2297 1044 2355 quae
1064 2278 1187 2337 conferri
1201 2276 1315 2353 dicitur,

104 2376 174 2415 cum
187 2357 227 2417 sit
240 2358 401 2416 communis
414 2357 556 2433 omnibus,
582 2376 641 2415 uon
660 2366 756 2435 potest
776 2358 907 2417 homines
928 2357 1001 2416 alios
1014 2358 1051 2417 ab
1065 2357 1130 2417 aliia
1144 2357 1314 2433 diaeemere,

104 2437 475 2595 hillidii-“hili
488 2437 631 2595 {tlt
644 2445 818 2596 hiliis?
828 2437 925 2578 tit
939 2438 1317 2596 tltthtttttat

351 2562 359 2593 i

101 2607 199 2672 vocat,
225 2607 255 2657 et
277 2617 393 2657 causam
415 2597 596 2658 discretionis
617 2598 776 2673 hominum,
801 2618 860 2658 non
883 2599 1057 2675 hominibus,
1080 2597 1131 2657 sed
1146 2598 1201 2657 soli
1214 2599 1315 2675 gratiae

102 2687 255 2756 acceptam
268 2677 343 2737 serre
357 2678 439 2753 solet,
463 2681 479 2736 1
496 2677 552 2736 Gor
565 2678 605 2738 iv.
621 2681 656 2753 ⁷3
679 2677 755 2754 Eph.
770 2678 800 2737 ii.
815 2681 844 2739 8.
884 2682 913 2738 4.
936 2679 984 2737 Ex
997 2680 1054 2737 ista
1067 2679 1222 2755 hypothesi
1235 2678 1316 2737 nulla

105 2757 193 2817 datur
207 2758 322 2817 Electio
336 2757 373 2816 ad
385 2758 481 2834 fidem,
498 2755 550 2817 sed
563 2765 676 2816 tantum
687 2756 725 2815 ad
734 2759 864 2834 salutem,
875 2779 941 2818 cum
950 2767 1047 2818 tamen
1057 2758 1138 2816 Deus
1151 2777 1209 2817 non
1223 2759 1316 2835 possit

103 2838 214 2914 eligere
227 2838 266 2896 ad
280 2837 410 2913 salutem,
426 2845 460 2897 ut
472 2837 568 2913 finam,
584 2838 654 2915 quia
668 2838 764 2914 elegat
774 2839 861 2897 etiarn
874 2838 912 2897 ad
925 2839 1013 2898 fidem
1026 2847 1164 2915 tauquam
1177 2837 1313 2914 medium,

104 2917 156 2976 Ps.
170 2918 233 2976 lxv.
249 2922 267 2976 4
280 2941 287 2995 ;
311 2917 379 2977 Act.
394 2917 456 2978 xiii.
471 2921 509 2976 48
522 2940 529 2994 ;
553 2919 638 2978 Rom.
662 2917 724 2976 viii.
748 2917 795 2977 30.
838 2921 866 2977 5.
888 2919 956 2977 Non
976 2926 1036 2976 tarn
1061 2917 1265 2976 salvandorum
1286 2927 1315 2978 et

102 2997 333 3056 damnandorum
344 2997 478 3056 discretm
493 2999 616 3074 penitam,
638 3017 726 3074 quam
746 3017 825 3056 mera
845 2996 1027 3072 conditionis,
1043 2997 1097 3056 sub
1111 3017 1169 3073 qua
1182 2997 1314 3056 homines

102 3076 269 3154 manandi,
285 3077 335 3137 vel
347 3077 481 3136 salvandi
495 3087 570 3152 sunt,
591 3077 775 3156 praestitutio.
817 3079 844 3136 6.
861 3075 893 3136 Si
907 3077 1033 3154 penitius
1046 3075 1112 3134 finis
1126 3077 1215 3136 totius
1229 3076 1314 3134 istius

103 3156 244 3216 dochinae
258 3157 425 3233 attenditur,
440 3177 499 3216 nen
510 3157 585 3217 alius
595 3177 659 3216 esse
670 3155 904 3234 deprehendihu,
916 3175 1003 3234 quam
1018 3154 1274 3232 Pelagianiamum,
1284 3165 1314 3215 et

104 3236 274 3314 Papismum
282 3255 361 3296 novo
368 3237 489 3297 tectorio
498 3238 689 3296 incrustatum
698 3237 866 3310 instaurare,
876 3235 961 3294 liberi
970 3235 1081 3294 arbitrii
1091 3234 1200 3295 idolum
1210 3235 1239 3293 in
1249 3255 1313 3295 aree

102 3335 252 3394 reponere,
263 3325 292 3376 ct
301 3317 423 3394 gratiam
429 3317 545 3393 Christi,
553 3317 826 3394 subtilioraquidem
834 3317 954 3389 ratione,
964 3315 1102 3375 sedtanto
1111 3315 1314 3392 periculosiore

101 3415 191 3474 qnam
206 3407 299 3472 antea,
315 3407 480 3472 extenuare,
496 3417 561 3474 quae
575 3417 612 3456 ex
628 3397 808 3474 singulorum
822 3397 955 3455 examine
969 3395 1053 3455 facile
1067 3395 1167 3473 colligi
1181 3405 1312 3472 possunt

143 3477 236 3538 VIII.
259 3477 333 3536 Nam
356 3478 413 3536 hoc
434 3477 531 3536 omrria
551 3477 614 3536 haee
637 3477 763 3536 Decreta
785 3477 858 3536 vitio
881 3477 1022 3552 laborant,
1046 3475 1125 3553 quod
1153 3475 1312 3536 Electionis

99 3575 202 3614 vcmm
216 3565 349 3616 naturam
362 3576 399 3615 ne
413 3557 503 3616 verbe
524 3557 642 3633 quidem
666 3557 820 3634 attingant.
863 3556 1012 3635 Scriptura
1033 3557 1109 3615 enim
1128 3556 1214 3616 decet
1228 3557 1312 3616 Ele'c·

98 3635 191 3695 tionis
205 3636 352 3696 decretum
366 3655 430 3696 esse
445 3643 592 3712 aternum,
607 3637 795 3710 immutabile,
817 3636 990 3714 absolutum,
1012 3635 1142 3714 adeoque
1156 3636 1314 3713 practicum

99 3725 131 3774 et
146 3715 250 3774 efficax
264 3736 314 3774 sen
330 3718 482 3798 messis,
499 3717 583 3776 Matt.
599 3717 641 3776 xi.
655 3719 703 3791 25,
717 3725 748 3776 et
756 3717 818 3776 xiii.
835 3719 893 3791 113
910 3717 978 3776 Act.
990 3716 1052 3775 xiii.
1070 3719 1128 3791 483
1151 3715 1236 3774 Rom.
1251 3715 1313 3774 viii.

98 3797 150 3870 28,
166 3797 217 3855 29.
260 3795 345 3855 Unde
370 3797 484 3874 quotics
504 3795 563 3854 lere
577 3796 705 3873 loquitur
718 3822 773 3877 πιςι
786 3803 827 3862 τῖς
841 3793 949 3860 εὐδοκίας
962 3797 993 3854 in
1007 3797 1062 3854 hoc
1075 3794 1223 3871 mysterio,
1245 3812 1313 3852 con·

97 3874 184 3934 tinuo
197 3881 241 3941 εἰς
255 3875 369 3957 inmitte
382 3877 558 3936 mentionem
571 3876 698 3952 adhibet,
714 3897 772 3952 qua
783 3878 864 3935 Deus
872 3876 970 3934 omnia
980 3876 1010 3932 iu
1021 3875 1155 3933 omnibus
1169 3881 1312 3950 operatur,

102 3955 181 4031 Eph.
196 3955 216 4014 i.
233 3960 280 4030 ll,
303 3957 379 4014 Phil.
394 3956 425 4016 ii.
442 3959 488 4030 13,
510 3965 543 4016 ut
557 3975 615 4014 uon
639 3974 703 4015 esse
718 3955 775 4014 Dei
788 3954 1058 4032 contemplationem
1073 3953 1164 4011 otiose
1179 3971 1313 4030 prospec-

99 4035 199 4110 tantis,
214 4035 344 4095 sedasse
360 4036 417 4095 Dei
431 4055 574 4095 summum
597 4044 627 4095 et
650 4033 877 4094 efficacissimum
901 4052 1027 4092 amorem
1041 4031 1232 4091 infallibiliter
1246 4050 1313 4108 ope·

99 4115 201 4190 rantis,
228 4114 354 4176 deceret.
398 4115 457 4174 Sed
475 4116 523 4175 hic
542 4115 639 4174 omnia
666 4114 755 4189 varia,
775 4113 958 4186 revocabilis,
988 4110 1192 4187 conditionata,
1220 4119 1250 4169 et
1277 4111 1314 4170 ab

100 4195 253 4253 hominum
266 4195 324 4255 fide
347 4215 495 4272 suspensa,
523 4195 597 4254 nihil
625 4195 681 4254 nisi
705 4213 783 4252 mere
811 4191 1021 4270 speculativum
1042 4198 1071 4250 et
1092 4209 1197 4267 anceps
1218 4191 1315 4267 quoad
1365 4215 1368 4220 ·

99 4283 240 4334 eventum
255 4276 320 4334 Dec
330 4275 478 4350 tribuitur,
505 4275 665 4334 Electionis
687 4273 814 4332 efficacis
832 4279 862 4331 et
875 4270 1073 4330 irrevocabilis
1086 4271 1194 4328 mentio
1214 4270 1313 4331 nulla:

101 4354 178 4412 Nam
192 4354 252 4413 duo
267 4355 318 4413 illa
331 4354 456 4430 decreta,
471 4375 536 4431 quae
549 4354 693 4431 praecipue
707 4352 823 4411 nomine
835 4349 1102 4410 Pradeatinatienis
1111 4349 1169 4408 illis
1181 4349 1313 4426 veniunt,

99 4433 263 4494 seeundum
278 4434 388 4495 scilicet
401 4443 431 4493 et
444 4443 588 4512 quartum,
603 4455 663 4493 non
675 4441 797 4512 possunt
820 4430 963 4509 pertinere
987 4429 1025 4488 ad
1050 4429 1238 4504 Electionem,
1261 4450 1314 4490 nec

99 4521 169 4572 mint
182 4514 301 4592 proprie
315 4513 443 4572 actiones
458 4515 522 4590 Dei,
543 4532 596 4573 nec
611 4511 769 4573 seeundum
784 4511 835 4572 illa
848 4510 1003 4589 quicquam
1017 4518 1159 4588 operatur.
1202 4509 1314 4588 Quippe

100 4594 240 4668 secunde,
261 4611 319 4670 quo
344 4594 446 4654 statuit
468 4593 619 4654 credentes
642 4613 767 4669 servme,
789 4601 820 4652 et
841 4589 1005 4650 incredulos
1029 4589 1174 4664 damnare,
1198 4589 1315 4666 eligitur

98 4681 214 4734 tantum
230 4671 304 4730 fides
317 4673 348 4730 in
362 4673 556 4732 conditionem
577 4673 686 4749 salutis,
712 4693 771 4731 non
793 4691 863 4731 vero
878 4669 1041 4730 mortalium
1055 4669 1152 4730 ullus:
1174 4669 1314 4745 Quartum
