<?xml version="1.0" encoding="UTF-8"?>
<!DOCTYPE html PUBLIC "-//W3C//DTD XHTML 1.0 Transitional//EN"
    "http://www.w3.org/TR/xhtml1/DTD/xhtml1-transitional.dtd">
<html xmlns="http://www.w3.org/1999/xhtml" xml:lang="en" lang="en">
 <head>
  <title>
</title>
<meta http-equiv="Content-Type" content="text/html;charset=utf-8" />
  <meta name='ocr-system' content='tesseract 3.04.00' />
  <meta name='ocr-capabilities' content='ocr_page ocr_carea ocr_par ocr_line ocrx_word'/>
</head>
<body>
  <div class='ocr_page' id='page_1' title='image "./francisciturret01pictgoog_0579.png"; bbox 0 0 3174 5174; ppageno 0'>
   <div class='ocr_carea' id='block_1_1' title="bbox 217 301 1429 418">
    <p class='ocr_par' dir='ltr' id='par_1_1' title="bbox 217 301 1429 418">
     <span class='ocr_line' id='line_1_1' title="bbox 217 301 1429 418; baseline -0.013 -8"><span class='ocrx_word' id='word_1_1' title='bbox 217 353 277 410; x_wconf 79' lang='lat'>524</span> <span class='ocrx_word' id='word_1_2' title='bbox 700 357 791 399; x_wconf 79' lang='lat' dir='ltr'>rocus</span> <span class='ocrx_word' id='word_1_3' title='bbox 805 301 950 398; x_wconf 68' lang='lat' dir='ltr'>ocrim.</span> <span class='ocrx_word' id='word_1_4' title='bbox 1249 335 1380 418; x_wconf 76' lang='lat' dir='ltr'>[aomar.</span> <span class='ocrx_word' id='word_1_5' title='bbox 1397 355 1429 395; x_wconf 81' lang='lat' dir='ltr'>r.</span> 
     </span>
    </p>
   </div>
   <div class='ocr_carea' id='block_1_2' title="bbox 215 495 1431 4720">
    <p class='ocr_par' dir='ltr' id='par_1_2' title="bbox 215 495 1431 4720">
     <span class='ocr_line' id='line_1_2' title="bbox 215 495 1425 576; baseline -0.01 -10"><span class='ocrx_word' id='word_1_6' title='bbox 215 509 246 567; x_wconf 89' lang='lat' dir='ltr'>in</span> <span class='ocrx_word' id='word_1_7' title='bbox 261 507 342 569; x_wconf 86' lang='lat' dir='ltr'>coelis</span> <span class='ocrx_word' id='word_1_8' title='bbox 355 503 470 566; x_wconf 83' lang='lat' dir='ltr'>tandem</span> <span class='ocrx_word' id='word_1_9' title='bbox 486 499 649 576; x_wconf 81' lang='lat' dir='ltr'>obtinenda,</span> <span class='ocrx_word' id='word_1_10' title='bbox 672 498 820 576; x_wconf 76' lang='lat' dir='ltr'>qnaeritae</span> <span class='ocrx_word' id='word_1_11' title='bbox 844 507 959 557; x_wconf 73' lang='lat' dir='ltr'>reterns</span> <span class='ocrx_word' id='word_1_12' title='bbox 977 498 1093 555; x_wconf 84' lang='lat' dir='ltr'>nomine</span> <span class='ocrx_word' id='word_1_13' title='bbox 1118 495 1147 554; x_wconf 91' lang='lat' dir='ltr'>in</span> <span class='ocrx_word' id='word_1_14' title='bbox 1172 495 1320 574; x_wconf 75' lang='lat' dir='ltr'><strong>Scriptum</strong></span> <span class='ocrx_word' id='word_1_15' title='bbox 1332 497 1425 572; x_wconf 85' lang='lat' dir='ltr'>venit,</span> 
     </span>
     <span class='ocr_line' id='line_1_3' title="bbox 216 577 1426 667; baseline -0.012 -19"><span class='ocrx_word' id='word_1_16' title='bbox 216 606 360 667; x_wconf 91' lang='lat' dir='ltr'>quamque</span> <span class='ocrx_word' id='word_1_17' title='bbox 374 585 447 644; x_wconf 94' lang='lat' dir='ltr'>nulli</span> <span class='ocrx_word' id='word_1_18' title='bbox 460 582 517 642; x_wconf 93' lang='lat' dir='ltr'>cibi</span> <span class='ocrx_word' id='word_1_19' title='bbox 530 580 630 658; x_wconf 86' lang='lat' dir='ltr'>largiri</span> <span class='ocrx_word' id='word_1_20' title='bbox 643 588 773 657; x_wconf 86' lang='lat' dir='ltr'>possunt,</span> <span class='ocrx_word' id='word_1_21' title='bbox 800 577 852 637; x_wconf 89' lang='lat' dir='ltr'>sed</span> <span class='ocrx_word' id='word_1_22' title='bbox 871 597 938 636; x_wconf 90' lang='lat' dir='ltr'>cum</span> <span class='ocrx_word' id='word_1_23' title='bbox 952 596 1011 654; x_wconf 89' lang='lat' dir='ltr'>qua</span> <span class='ocrx_word' id='word_1_24' title='bbox 1024 577 1083 635; x_wconf 92' lang='lat' dir='ltr'>cibi</span> <span class='ocrx_word' id='word_1_25' title='bbox 1096 585 1125 635; x_wconf 88' lang='lat' dir='ltr'>ct</span> <span class='ocrx_word' id='word_1_26' title='bbox 1138 584 1226 654; x_wconf 89' lang='lat' dir='ltr'>potus</span> <span class='ocrx_word' id='word_1_27' title='bbox 1244 596 1314 635; x_wconf 90' lang='lat' dir='ltr'>usus</span> <span class='ocrx_word' id='word_1_28' title='bbox 1327 578 1426 653; x_wconf 90' lang='lat' dir='ltr'>potius</span> 
     </span>
     <span class='ocr_line' id='line_1_4' title="bbox 216 655 1429 746; baseline -0.01 -20"><span class='ocrx_word' id='word_1_29' title='bbox 216 676 349 746; x_wconf 79' lang='lat' dir='ltr'>pugnat:</span> <span class='ocrx_word' id='word_1_30' title='bbox 371 665 456 726; x_wconf 90' lang='lat' dir='ltr'>Unde</span> <span class='ocrx_word' id='word_1_31' title='bbox 472 663 552 722; x_wconf 89' lang='lat' dir='ltr'>Deus</span> <span class='ocrx_word' id='word_1_32' title='bbox 566 670 595 721; x_wconf 88' lang='lat' dir='ltr'>et</span> <span class='ocrx_word' id='word_1_33' title='bbox 608 670 740 718; x_wconf 88' lang='lat' dir='ltr'>ventrem</span> <span class='ocrx_word' id='word_1_34' title='bbox 761 665 791 717; x_wconf 86' lang='lat' dir='ltr'>et</span> <span class='ocrx_word' id='word_1_35' title='bbox 805 657 886 716; x_wconf 90' lang='lat' dir='ltr'>cibos</span> <span class='ocrx_word' id='word_1_36' title='bbox 899 656 1007 716; x_wconf 91' lang='lat' dir='ltr'>dicitur</span> <span class='ocrx_word' id='word_1_37' title='bbox 1020 657 1191 731; x_wconf 77' lang='lat' dir='ltr'>aboliturus,</span> <span class='ocrx_word' id='word_1_38' title='bbox 1204 663 1239 715; x_wconf 88' lang='lat' dir='ltr'>ut</span> <span class='ocrx_word' id='word_1_39' title='bbox 1260 655 1347 714; x_wconf 90' lang='lat' dir='ltr'>homo</span> <span class='ocrx_word' id='word_1_40' title='bbox 1366 675 1429 714; x_wconf 90' lang='lat' dir='ltr'>non</span> 
     </span>
     <span class='ocr_line' id='line_1_5' title="bbox 217 735 1429 880; baseline -0.01 -73"><span class='ocrx_word' id='word_1_41' title='bbox 217 749 248 806; x_wconf 92' lang='lat' dir='ltr'>in</span> <span class='ocrx_word' id='word_1_42' title='bbox 262 766 380 824; x_wconf 88' lang='lat' dir='ltr'>corpore</span> <span class='ocrx_word' id='word_1_43' title='bbox 393 741 588 880; x_wconf 55' lang='lat' dir='ltr'>hocbarpimali,</span> <span class='ocrx_word' id='word_1_44' title='bbox 603 739 655 799; x_wconf 90' lang='lat' dir='ltr'>sed</span> <span class='ocrx_word' id='word_1_45' title='bbox 666 737 810 817; x_wconf 76' lang='lat' dir='ltr'>spirituali</span> <span class='ocrx_word' id='word_1_46' title='bbox 824 738 919 796; x_wconf 88' lang='lat' dir='ltr'>Deum</span> <span class='ocrx_word' id='word_1_47' title='bbox 933 735 1041 796; x_wconf 85' lang='lat' dir='ltr'>videat.</span> <span class='ocrx_word' id='word_1_48' title='bbox 1072 736 1159 812; x_wconf 85' lang='lat' dir='ltr'>Quod</span> <span class='ocrx_word' id='word_1_49' title='bbox 1171 744 1274 814; x_wconf 90' lang='lat' dir='ltr'>postea</span> <span class='ocrx_word' id='word_1_50' title='bbox 1286 735 1429 814; x_wconf 82' lang='lat' dir='ltr'>peculiari</span> 
     </span>
     <span class='ocr_line' id='line_1_6' title="bbox 265 822 571 886; baseline -0.026 0"><span class='ocrx_word' id='word_1_51' title='bbox 265 828 382 886; x_wconf 85' lang='lat' dir='ltr'>aestione</span> <span class='ocrx_word' id='word_1_52' title='bbox 414 843 447 880; x_wconf 91' lang='lat' dir='ltr'>ro</span> <span class='ocrx_word' id='word_1_53' title='bbox 467 841 485 880; x_wconf 92' lang='lat' dir='ltr'>a</span> <span class='ocrx_word' id='word_1_54' title='bbox 505 822 571 880; x_wconf 89' lang='lat' dir='ltr'>itur.</span> 
     </span>
     <span class='ocr_line' id='line_1_7' title="bbox 218 828 1428 980; baseline -0.01 -16"><span class='ocrx_word' id='word_1_55' title='bbox 218 828 295 964; x_wconf 39' lang='lat' dir='ltr'>Qssv·</span> <span class='ocrx_word' id='word_1_56' title='bbox 318 843 415 980; x_wconf 81' lang='lat' dir='ltr'>Quurii</span> <span class='ocrx_word' id='word_1_57' title='bbox 427 903 516 977; x_wconf 89' lang='lat' dir='ltr'>Deus,</span> <span class='ocrx_word' id='word_1_58' title='bbox 533 901 608 960; x_wconf 88' lang='lat' dir='ltr'>Gen.</span> <span class='ocrx_word' id='word_1_59' title='bbox 622 898 663 957; x_wconf 86' lang='lat' dir='ltr'>iii.</span> <span class='ocrx_word' id='word_1_60' title='bbox 673 901 721 973; x_wconf 79' lang='lat'>22,</span> <span class='ocrx_word' id='word_1_61' title='bbox 736 896 857 975; x_wconf 81' lang='lat' dir='ltr'>expellit</span> <span class='ocrx_word' id='word_1_62' title='bbox 870 895 1017 954; x_wconf 90' lang='lat' dir='ltr'>hominem</span> <span class='ocrx_word' id='word_1_63' title='bbox 1031 916 1070 954; x_wconf 88' lang='lat' dir='ltr'>ex</span> <span class='ocrx_word' id='word_1_64' title='bbox 1082 895 1227 973; x_wconf 86' lang='lat' dir='ltr'>paradiso,</span> <span class='ocrx_word' id='word_1_65' title='bbox 1251 897 1269 928; x_wconf 89' lang='lat'>“</span> <span class='ocrx_word' id='word_1_66' title='bbox 1280 895 1325 954; x_wconf 83' lang='lat' dir='ltr'>Ne</span> <span class='ocrx_word' id='word_1_67' title='bbox 1338 894 1428 954; x_wconf 89' lang='lat' dir='ltr'>homo</span> 
     </span>
     <span class='ocr_line' id='line_1_8' title="bbox 216 975 1427 1055; baseline -0.011 -10"><span class='ocrx_word' id='word_1_68' title='bbox 216 985 376 1046; x_wconf 81' lang='lat' dir='ltr'>extendens</span> <span class='ocrx_word' id='word_1_69' title='bbox 397 1000 515 1040; x_wconf 89' lang='lat' dir='ltr'>manum</span> <span class='ocrx_word' id='word_1_70' title='bbox 539 999 621 1038; x_wconf 92' lang='lat' dir='ltr'>suam</span> <span class='ocrx_word' id='word_1_71' title='bbox 644 978 787 1055; x_wconf 87' lang='lat' dir='ltr'>acciperet</span> <span class='ocrx_word' id='word_1_72' title='bbox 810 975 846 1035; x_wconf 92' lang='lat' dir='ltr'>de</span> <span class='ocrx_word' id='word_1_73' title='bbox 870 976 966 1035; x_wconf 86' lang='lat' dir='ltr'>fructu</span> <span class='ocrx_word' id='word_1_74' title='bbox 986 976 1099 1036; x_wconf 87' lang='lat' dir='ltr'>arboris</span> <span class='ocrx_word' id='word_1_75' title='bbox 1122 975 1200 1051; x_wconf 79' lang='lat' dir='ltr'>vitae,</span> <span class='ocrx_word' id='word_1_76' title='bbox 1225 983 1256 1034; x_wconf 91' lang='lat' dir='ltr'>et</span> <span class='ocrx_word' id='word_1_77' title='bbox 1269 975 1381 1034; x_wconf 77' lang='lat' dir='ltr'>viveret</span> <span class='ocrx_word' id='word_1_78' title='bbox 1393 975 1427 1032; x_wconf 88' lang='lat' dir='ltr'>in</span> 
     </span>
     <span class='ocr_line' id='line_1_9' title="bbox 217 1054 1425 1136; baseline -0.012 -11"><span class='ocrx_word' id='word_1_79' title='bbox 217 1064 384 1136; x_wconf 79' lang='lat' dir='ltr'>aetemum,”</span> <span class='ocrx_word' id='word_1_80' title='bbox 406 1081 464 1120; x_wconf 92' lang='lat' dir='ltr'>non</span> <span class='ocrx_word' id='word_1_81' title='bbox 486 1059 554 1118; x_wconf 89' lang='lat' dir='ltr'>inde</span> <span class='ocrx_word' id='word_1_82' title='bbox 567 1066 644 1118; x_wconf 89' lang='lat' dir='ltr'>recte</span> <span class='ocrx_word' id='word_1_83' title='bbox 658 1065 754 1135; x_wconf 85' lang='lat' dir='ltr'>potest</span> <span class='ocrx_word' id='word_1_84' title='bbox 772 1055 879 1132; x_wconf 78' lang='lat' dir='ltr'>inferri,</span> <span class='ocrx_word' id='word_1_85' title='bbox 894 1055 983 1115; x_wconf 81' lang='lat' dir='ltr'>briaae</span> <span class='ocrx_word' id='word_1_86' title='bbox 997 1056 1059 1114; x_wconf 88' lang='lat' dir='ltr'>vim</span> <span class='ocrx_word' id='word_1_87' title='bbox 1076 1054 1229 1133; x_wconf 77' lang='lat' dir='ltr'>physicam</span> <span class='ocrx_word' id='word_1_88' title='bbox 1252 1055 1283 1112; x_wconf 91' lang='lat' dir='ltr'>in</span> <span class='ocrx_word' id='word_1_89' title='bbox 1305 1055 1359 1112; x_wconf 86' lang='lat' dir='ltr'>hac</span> <span class='ocrx_word' id='word_1_90' title='bbox 1378 1073 1425 1112; x_wconf 86' lang='lat' dir='ltr'>ar·</span> 
     </span>
     <span class='ocr_line' id='line_1_10' title="bbox 216 1134 1427 1216; baseline -0.011 -12"><span class='ocrx_word' id='word_1_91' title='bbox 216 1146 286 1204; x_wconf 91' lang='lat' dir='ltr'>bore</span> <span class='ocrx_word' id='word_1_92' title='bbox 308 1151 397 1202; x_wconf 85' lang='lat' dir='ltr'>tantae</span> <span class='ocrx_word' id='word_1_93' title='bbox 410 1140 553 1214; x_wconf 72' lang='lat' dir='ltr'>efficacia,</span> <span class='ocrx_word' id='word_1_94' title='bbox 569 1159 635 1216; x_wconf 80' lang='lat' dir='ltr'>quae</span> <span class='ocrx_word' id='word_1_95' title='bbox 648 1137 774 1215; x_wconf 89' lang='lat' dir='ltr'>potuerit</span> <span class='ocrx_word' id='word_1_96' title='bbox 797 1156 850 1195; x_wconf 93' lang='lat' dir='ltr'>suo</span> <span class='ocrx_word' id='word_1_97' title='bbox 864 1135 959 1194; x_wconf 80' lang='lat' dir='ltr'>fluctu</span> <span class='ocrx_word' id='word_1_98' title='bbox 981 1136 1071 1196; x_wconf 88' lang='lat' dir='ltr'>semel</span> <span class='ocrx_word' id='word_1_99' title='bbox 1092 1135 1246 1212; x_wconf 89' lang='lat' dir='ltr'>degustato</span> <span class='ocrx_word' id='word_1_100' title='bbox 1267 1136 1354 1193; x_wconf 88' lang='lat' dir='ltr'>etiam</span> <span class='ocrx_word' id='word_1_101' title='bbox 1373 1134 1427 1192; x_wconf 93' lang='lat' dir='ltr'>ho-</span> 
     </span>
     <span class='ocr_line' id='line_1_11' title="bbox 217 1213 1426 1301; baseline -0.01 -18"><span class='ocrx_word' id='word_1_102' title='bbox 217 1225 322 1283; x_wconf 90' lang='lat' dir='ltr'>minem</span> <span class='ocrx_word' id='word_1_103' title='bbox 337 1229 516 1301; x_wconf 90' lang='lat' dir='ltr'>peccatorem</span> <span class='ocrx_word' id='word_1_104' title='bbox 538 1217 706 1277; x_wconf 73' lang='lat' dir='ltr'>mortalitati</span> <span class='ocrx_word' id='word_1_105' title='bbox 729 1216 874 1276; x_wconf 77' lang='lat' dir='ltr'>eximere:</span> <span class='ocrx_word' id='word_1_106' title='bbox 896 1215 971 1291; x_wconf 88' lang='lat' dir='ltr'>Quia</span> <span class='ocrx_word' id='word_1_107' title='bbox 991 1236 1050 1274; x_wconf 90' lang='lat' dir='ltr'>uon</span> <span class='ocrx_word' id='word_1_108' title='bbox 1064 1215 1122 1274; x_wconf 87' lang='lat' dir='ltr'>alio</span> <span class='ocrx_word' id='word_1_109' title='bbox 1135 1214 1226 1274; x_wconf 85' lang='lat' dir='ltr'>verba</span> <span class='ocrx_word' id='word_1_110' title='bbox 1239 1214 1296 1272; x_wconf 89' lang='lat' dir='ltr'>ista</span> <span class='ocrx_word' id='word_1_111' title='bbox 1308 1213 1426 1290; x_wconf 87' lang='lat' dir='ltr'>respici·</span> 
     </span>
     <span class='ocr_line' id='line_1_12' title="bbox 217 1295 1427 1380; baseline -0.012 -16"><span class='ocrx_word' id='word_1_112' title='bbox 217 1313 278 1380; x_wconf 90' lang='lat' dir='ltr'>unt,</span> <span class='ocrx_word' id='word_1_113' title='bbox 292 1323 380 1380; x_wconf 88' lang='lat' dir='ltr'>quam</span> <span class='ocrx_word' id='word_1_114' title='bbox 393 1311 426 1361; x_wconf 90' lang='lat' dir='ltr'>ut</span> <span class='ocrx_word' id='word_1_115' title='bbox 436 1301 524 1379; x_wconf 74' lang='lat' dir='ltr'>justae</span> <span class='ocrx_word' id='word_1_116' title='bbox 538 1298 688 1376; x_wconf 82' lang='lat' dir='ltr'>ejectionis</span> <span class='ocrx_word' id='word_1_117' title='bbox 701 1296 766 1374; x_wconf 91' lang='lat' dir='ltr'>ejus</span> <span class='ocrx_word' id='word_1_118' title='bbox 786 1315 825 1355; x_wconf 85' lang='lat' dir='ltr'>cx</span> <span class='ocrx_word' id='word_1_119' title='bbox 844 1295 979 1375; x_wconf 85' lang='lat' dir='ltr'>paradiso</span> <span class='ocrx_word' id='word_1_120' title='bbox 999 1315 1088 1354; x_wconf 88' lang='lat' dir='ltr'>causa</span> <span class='ocrx_word' id='word_1_121' title='bbox 1101 1301 1217 1354; x_wconf 87' lang='lat' dir='ltr'>notetur</span> <span class='ocrx_word' id='word_1_122' title='bbox 1229 1301 1347 1371; x_wconf 89' lang='lat' dir='ltr'>propter</span> <span class='ocrx_word' id='word_1_123' title='bbox 1358 1313 1427 1371; x_wconf 88' lang='lat' dir='ltr'>pec·</span> 
     </span>
     <span class='ocr_line' id='line_1_13' title="bbox 217 1373 1428 1458; baseline -0.012 -14"><span class='ocrx_word' id='word_1_124' title='bbox 217 1393 314 1444; x_wconf 91' lang='lat' dir='ltr'>catum</span> <span class='ocrx_word' id='word_1_125' title='bbox 335 1401 429 1456; x_wconf 91' lang='lat' dir='ltr'>suum,</span> <span class='ocrx_word' id='word_1_126' title='bbox 453 1400 505 1458; x_wconf 89' lang='lat' dir='ltr'>per</span> <span class='ocrx_word' id='word_1_127' title='bbox 518 1377 597 1456; x_wconf 90' lang='lat' dir='ltr'>quod</span> <span class='ocrx_word' id='word_1_128' title='bbox 610 1385 642 1436; x_wconf 92' lang='lat' dir='ltr'>ut</span> <span class='ocrx_word' id='word_1_129' title='bbox 654 1376 717 1436; x_wconf 86' lang='lat' dir='ltr'>vita</span> <span class='ocrx_word' id='word_1_130' title='bbox 730 1376 802 1453; x_wconf 88' lang='lat' dir='ltr'>ipsa,</span> <span class='ocrx_word' id='word_1_131' title='bbox 817 1395 883 1453; x_wconf 77' lang='lat' dir='ltr'>qua</span> <span class='ocrx_word' id='word_1_132' title='bbox 896 1375 951 1435; x_wconf 84' lang='lat' dir='ltr'>fuit</span> <span class='ocrx_word' id='word_1_133' title='bbox 964 1394 1011 1434; x_wconf 91' lang='lat' dir='ltr'>res</span> <span class='ocrx_word' id='word_1_134' title='bbox 1025 1375 1196 1452; x_wconf 86' lang='lat' dir='ltr'>significata,</span> <span class='ocrx_word' id='word_1_135' title='bbox 1211 1373 1359 1432; x_wconf 83' lang='lat' dir='ltr'>exciderat</span> <span class='ocrx_word' id='word_1_136' title='bbox 1372 1391 1428 1431; x_wconf 83' lang='lat' dir='ltr'>sua</span> 
     </span>
     <span class='ocr_line' id='line_1_14' title="bbox 219 1452 1427 1540; baseline -0.011 -17"><span class='ocrx_word' id='word_1_137' title='bbox 219 1463 317 1540; x_wconf 89' lang='lat' dir='ltr'>culpa;</span> <span class='ocrx_word' id='word_1_138' title='bbox 339 1463 389 1520; x_wconf 91' lang='lat' dir='ltr'>Ita</span> <span class='ocrx_word' id='word_1_139' title='bbox 408 1461 520 1519; x_wconf 92' lang='lat' dir='ltr'>nullum</span> <span class='ocrx_word' id='word_1_140' title='bbox 545 1457 669 1535; x_wconf 90' lang='lat' dir='ltr'>amplius</span> <span class='ocrx_word' id='word_1_141' title='bbox 686 1457 736 1534; x_wconf 89' lang='lat' dir='ltr'>jus</span> <span class='ocrx_word' id='word_1_142' title='bbox 759 1456 866 1514; x_wconf 89' lang='lat' dir='ltr'>babere</span> <span class='ocrx_word' id='word_1_143' title='bbox 880 1454 981 1514; x_wconf 88' lang='lat' dir='ltr'>debuit</span> <span class='ocrx_word' id='word_1_144' title='bbox 994 1454 1033 1512; x_wconf 90' lang='lat' dir='ltr'>ad</span> <span class='ocrx_word' id='word_1_145' title='bbox 1045 1456 1111 1532; x_wconf 86' lang='lat' dir='ltr'>ejus</span> <span class='ocrx_word' id='word_1_146' title='bbox 1127 1453 1362 1512; x_wconf 89' lang='lat' dir='ltr'>Sacramentum:</span> <span class='ocrx_word' id='word_1_147' title='bbox 1383 1452 1427 1510; x_wconf 84' lang='lat' dir='ltr'>Et</span> 
     </span>
     <span class='ocr_line' id='line_1_15' title="bbox 221 1531 1424 1618; baseline -0.011 -16"><span class='ocrx_word' id='word_1_148' title='bbox 221 1544 302 1602; x_wconf 90' lang='lat' dir='ltr'>Deus</span> <span class='ocrx_word' id='word_1_149' title='bbox 317 1541 358 1602; x_wconf 86' lang='lat' dir='ltr'>sic</span> <span class='ocrx_word' id='word_1_150' title='bbox 370 1540 500 1618; x_wconf 90' lang='lat' dir='ltr'>loquitur</span> <span class='ocrx_word' id='word_1_151' title='bbox 511 1557 571 1597; x_wconf 92' lang='lat' dir='ltr'>non</span> <span class='ocrx_word' id='word_1_152' title='bbox 585 1535 622 1594; x_wconf 89' lang='lat' dir='ltr'>ad</span> <span class='ocrx_word' id='word_1_153' title='bbox 635 1555 696 1596; x_wconf 91' lang='lat' dir='ltr'>rem</span> <span class='ocrx_word' id='word_1_154' title='bbox 709 1535 811 1613; x_wconf 90' lang='lat' dir='ltr'>ipsam,</span> <span class='ocrx_word' id='word_1_155' title='bbox 833 1535 882 1594; x_wconf 87' lang='lat' dir='ltr'>vel</span> <span class='ocrx_word' id='word_1_156' title='bbox 902 1534 967 1612; x_wconf 88' lang='lat' dir='ltr'>ejus</span> <span class='ocrx_word' id='word_1_157' title='bbox 987 1541 1124 1593; x_wconf 89' lang='lat' dir='ltr'>eventum</span> <span class='ocrx_word' id='word_1_158' title='bbox 1137 1531 1322 1611; x_wconf 86' lang='lat' dir='ltr'>respiciendo,</span> <span class='ocrx_word' id='word_1_159' title='bbox 1337 1532 1424 1608; x_wconf 88' lang='lat' dir='ltr'>quasi</span> 
     </span>
     <span class='ocr_line' id='line_1_16' title="bbox 219 1609 1423 1690; baseline -0.012 -7"><span class='ocrx_word' id='word_1_160' title='bbox 219 1633 286 1683; x_wconf 88' lang='lat' dir='ltr'>actu</span> <span class='ocrx_word' id='word_1_161' title='bbox 310 1621 458 1680; x_wconf 76' lang='lat' dir='ltr'>debuisset</span> <span class='ocrx_word' id='word_1_162' title='bbox 479 1618 565 1677; x_wconf 90' lang='lat' dir='ltr'>arbor</span> <span class='ocrx_word' id='word_1_163' title='bbox 577 1617 628 1674; x_wconf 89' lang='lat' dir='ltr'>illa</span> <span class='ocrx_word' id='word_1_164' title='bbox 648 1616 738 1674; x_wconf 87' lang='lat' dir='ltr'>vitam</span> <span class='ocrx_word' id='word_1_165' title='bbox 752 1615 796 1672; x_wconf 94' lang='lat' dir='ltr'>illi</span> <span class='ocrx_word' id='word_1_166' title='bbox 809 1633 981 1673; x_wconf 87' lang='lat' dir='ltr'>conservare</span> <span class='ocrx_word' id='word_1_167' title='bbox 995 1613 1082 1672; x_wconf 90' lang='lat' dir='ltr'>etiam</span> <span class='ocrx_word' id='word_1_168' title='bbox 1095 1621 1163 1690; x_wconf 88' lang='lat' dir='ltr'>post</span> <span class='ocrx_word' id='word_1_169' title='bbox 1176 1621 1337 1690; x_wconf 78' lang='lat' dir='ltr'>peccatnm3</span> <span class='ocrx_word' id='word_1_170' title='bbox 1360 1609 1423 1669; x_wconf 85' lang='lat' dir='ltr'>Sed</span> 
     </span>
     <span class='ocr_line' id='line_1_17' title="bbox 218 1690 1422 1777; baseline -0.012 -16"><span class='ocrx_word' id='word_1_171' title='bbox 218 1704 307 1761; x_wconf 84' lang='lat' dir='ltr'>relate</span> <span class='ocrx_word' id='word_1_172' title='bbox 322 1699 359 1759; x_wconf 90' lang='lat' dir='ltr'>sd</span> <span class='ocrx_word' id='word_1_173' title='bbox 371 1706 575 1777; x_wconf 81' lang='lat' dir='ltr'>praepostsram</span> <span class='ocrx_word' id='word_1_174' title='bbox 589 1695 752 1772; x_wconf 89' lang='lat' dir='ltr'>opinionem</span> <span class='ocrx_word' id='word_1_175' title='bbox 767 1694 883 1769; x_wconf 85' lang='lat' dir='ltr'>Adami,</span> <span class='ocrx_word' id='word_1_176' title='bbox 898 1693 949 1770; x_wconf 90' lang='lat' dir='ltr'>qui</span> <span class='ocrx_word' id='word_1_177' title='bbox 961 1693 1018 1752; x_wconf 91' lang='lat' dir='ltr'>boc</span> <span class='ocrx_word' id='word_1_178' title='bbox 1031 1693 1126 1770; x_wconf 91' lang='lat' dir='ltr'>potuit</span> <span class='ocrx_word' id='word_1_179' title='bbox 1144 1693 1280 1769; x_wconf 78' lang='lat' dir='ltr'>cogitare,</span> <span class='ocrx_word' id='word_1_180' title='bbox 1300 1710 1356 1748; x_wconf 94' lang='lat' dir='ltr'>non</span> <span class='ocrx_word' id='word_1_181' title='bbox 1375 1690 1422 1747; x_wconf 92' lang='lat' dir='ltr'>in-</span> 
     </span>
     <span class='ocr_line' id='line_1_18' title="bbox 218 1769 1422 1850; baseline -0.011 -9"><span class='ocrx_word' id='word_1_182' title='bbox 218 1783 335 1842; x_wconf 86' lang='lat' dir='ltr'>tellecta</span> <span class='ocrx_word' id='word_1_183' title='bbox 348 1799 417 1838; x_wconf 86' lang='lat' dir='ltr'>vera</span> <span class='ocrx_word' id='word_1_184' title='bbox 430 1776 555 1835; x_wconf 91' lang='lat' dir='ltr'>nominis</span> <span class='ocrx_word' id='word_1_185' title='bbox 569 1776 653 1835; x_wconf 89' lang='lat' dir='ltr'>istius</span> <span class='ocrx_word' id='word_1_186' title='bbox 667 1774 787 1833; x_wconf 84' lang='lat' dir='ltr'>ratione.</span> <span class='ocrx_word' id='word_1_187' title='bbox 828 1773 873 1832; x_wconf 90' lang='lat' dir='ltr'>Ne</span> <span class='ocrx_word' id='word_1_188' title='bbox 888 1792 958 1850; x_wconf 90' lang='lat' dir='ltr'>ergo</span> <span class='ocrx_word' id='word_1_189' title='bbox 972 1781 1133 1848; x_wconf 85' lang='lat' dir='ltr'>conaretur,</span> <span class='ocrx_word' id='word_1_190' title='bbox 1148 1771 1218 1830; x_wconf 92' lang='lat' dir='ltr'>licet</span> <span class='ocrx_word' id='word_1_191' title='bbox 1230 1771 1343 1845; x_wconf 80' lang='lat' dir='ltr'>frustra,</span> <span class='ocrx_word' id='word_1_192' title='bbox 1358 1769 1422 1828; x_wconf 90' lang='lat' dir='ltr'>irri-</span> 
     </span>
     <span class='ocr_line' id='line_1_19' title="bbox 219 1849 1424 1930; baseline -0.011 -10"><span class='ocrx_word' id='word_1_193' title='bbox 219 1870 278 1921; x_wconf 89' lang='lat' dir='ltr'>tam</span> <span class='ocrx_word' id='word_1_194' title='bbox 293 1858 412 1918; x_wconf 87' lang='lat' dir='ltr'>reddere</span> <span class='ocrx_word' id='word_1_195' title='bbox 427 1856 484 1915; x_wconf 88' lang='lat' dir='ltr'>Dei</span> <span class='ocrx_word' id='word_1_196' title='bbox 497 1855 757 1929; x_wconf 88' lang='lat' dir='ltr'>comminationem,</span> <span class='ocrx_word' id='word_1_197' title='bbox 773 1853 928 1930; x_wconf 89' lang='lat' dir='ltr'>expellitur</span> <span class='ocrx_word' id='word_1_198' title='bbox 945 1871 983 1910; x_wconf 88' lang='lat' dir='ltr'>ex</span> <span class='ocrx_word' id='word_1_199' title='bbox 992 1852 1135 1930; x_wconf 91' lang='lat' dir='ltr'>paradiso,</span> <span class='ocrx_word' id='word_1_200' title='bbox 1144 1871 1203 1910; x_wconf 92' lang='lat' dir='ltr'>non</span> <span class='ocrx_word' id='word_1_201' title='bbox 1217 1850 1296 1928; x_wconf 90' lang='lat' dir='ltr'>quod</span> <span class='ocrx_word' id='word_1_202' title='bbox 1309 1849 1424 1908; x_wconf 77' lang='lat' dir='ltr'>imor-</span> 
     </span>
     <span class='ocr_line' id='line_1_20' title="bbox 219 1931 1426 2014; baseline -0.012 -14"><span class='ocrx_word' id='word_1_203' title='bbox 219 1941 369 2014; x_wconf 85' lang='lat' dir='ltr'>talitatem,</span> <span class='ocrx_word' id='word_1_204' title='bbox 379 1948 430 1998; x_wconf 89' lang='lat' dir='ltr'>aut</span> <span class='ocrx_word' id='word_1_205' title='bbox 436 1937 598 2013; x_wconf 87' lang='lat' dir='ltr'>longiorem</span> <span class='ocrx_word' id='word_1_206' title='bbox 606 1934 697 1993; x_wconf 84' lang='lat' dir='ltr'>vitam</span> <span class='ocrx_word' id='word_1_207' title='bbox 704 1933 815 1992; x_wconf 91' lang='lat' dir='ltr'>homini</span> <span class='ocrx_word' id='word_1_208' title='bbox 824 1932 905 1992; x_wconf 87' lang='lat' dir='ltr'>Deus</span> <span class='ocrx_word' id='word_1_209' title='bbox 914 1931 1076 2007; x_wconf 72' lang='lat' dir='ltr'>invideret,</span> <span class='ocrx_word' id='word_1_210' title='bbox 1091 1932 1143 1990; x_wconf 88' lang='lat' dir='ltr'>scd</span> <span class='ocrx_word' id='word_1_211' title='bbox 1156 1931 1225 2008; x_wconf 89' lang='lat' dir='ltr'>quia</span> <span class='ocrx_word' id='word_1_212' title='bbox 1238 1949 1353 2008; x_wconf 85' lang='lat' dir='ltr'>acquum</span> <span class='ocrx_word' id='word_1_213' title='bbox 1367 1947 1426 1988; x_wconf 93' lang='lat' dir='ltr'>non</span> 
     </span>
     <span class='ocr_line' id='line_1_21' title="bbox 220 2009 1426 2097; baseline -0.011 -18"><span class='ocrx_word' id='word_1_214' title='bbox 220 2031 291 2097; x_wconf 87' lang='lat' dir='ltr'>erat,</span> <span class='ocrx_word' id='word_1_215' title='bbox 306 2027 339 2078; x_wconf 93' lang='lat' dir='ltr'>ut</span> <span class='ocrx_word' id='word_1_216' title='bbox 353 2018 437 2096; x_wconf 89' lang='lat' dir='ltr'>signo</span> <span class='ocrx_word' id='word_1_217' title='bbox 451 2015 676 2074; x_wconf 88' lang='lat' dir='ltr'>immortalitatis</span> <span class='ocrx_word' id='word_1_218' title='bbox 699 2033 786 2091; x_wconf 92' lang='lat' dir='ltr'>quam</span> <span class='ocrx_word' id='word_1_219' title='bbox 810 2011 982 2087; x_wconf 82' lang='lat' dir='ltr'>ammiserat,</span> <span class='ocrx_word' id='word_1_220' title='bbox 1003 2011 1125 2071; x_wconf 83' lang='lat' dir='ltr'>ulterius</span> <span class='ocrx_word' id='word_1_221' title='bbox 1138 2011 1289 2070; x_wconf 87' lang='lat' dir='ltr'>frueretur.</span> <span class='ocrx_word' id='word_1_222' title='bbox 1332 2009 1426 2084; x_wconf 84' lang='lat' dir='ltr'>Quem</span> 
     </span>
     <span class='ocr_line' id='line_1_22' title="bbox 220 2091 1427 2168; baseline -0.009 -10"><span class='ocrx_word' id='word_1_223' title='bbox 220 2100 250 2158; x_wconf 96' lang='lat' dir='ltr'>in</span> <span class='ocrx_word' id='word_1_224' title='bbox 264 2100 351 2158; x_wconf 88' lang='lat' dir='ltr'>finem</span> <span class='ocrx_word' id='word_1_225' title='bbox 365 2099 452 2157; x_wconf 90' lang='lat' dir='ltr'>etiam</span> <span class='ocrx_word' id='word_1_226' title='bbox 467 2095 621 2155; x_wconf 86' lang='lat' dir='ltr'>Cherubim</span> <span class='ocrx_word' id='word_1_227' title='bbox 635 2113 702 2153; x_wconf 89' lang='lat' dir='ltr'>cum</span> <span class='ocrx_word' id='word_1_228' title='bbox 722 2092 831 2151; x_wconf 77' lang='lat' dir='ltr'>hames</span> <span class='ocrx_word' id='word_1_229' title='bbox 853 2093 939 2168; x_wconf 87' lang='lat' dir='ltr'>ignea</span> <span class='ocrx_word' id='word_1_230' title='bbox 960 2091 998 2150; x_wconf 89' lang='lat' dir='ltr'>ad</span> <span class='ocrx_word' id='word_1_231' title='bbox 1016 2100 1128 2168; x_wconf 90' lang='lat' dir='ltr'>portam</span> <span class='ocrx_word' id='word_1_232' title='bbox 1141 2091 1268 2168; x_wconf 84' lang='lat' dir='ltr'>peradisi</span> <span class='ocrx_word' id='word_1_233' title='bbox 1282 2109 1427 2167; x_wconf 83' lang='lat' dir='ltr'>apponere</span> 
     </span>
     <span class='ocr_line' id='line_1_23' title="bbox 220 2170 1311 2256; baseline -0.011 -18"><span class='ocrx_word' id='word_1_234' title='bbox 220 2179 322 2255; x_wconf 88' lang='lat' dir='ltr'>voluit,</span> <span class='ocrx_word' id='word_1_235' title='bbox 338 2186 370 2237; x_wconf 91' lang='lat' dir='ltr'>ut</span> <span class='ocrx_word' id='word_1_236' title='bbox 383 2175 469 2256; x_wconf 89' lang='lat' dir='ltr'>primi</span> <span class='ocrx_word' id='word_1_237' title='bbox 482 2183 624 2253; x_wconf 86' lang='lat' dir='ltr'>parentes,</span> <span class='ocrx_word' id='word_1_238' title='bbox 639 2180 699 2232; x_wconf 85' lang='lat' dir='ltr'>tam</span> <span class='ocrx_word' id='word_1_239' title='bbox 713 2172 750 2232; x_wconf 86' lang='lat' dir='ltr'>ab</span> <span class='ocrx_word' id='word_1_240' title='bbox 762 2173 855 2247; x_wconf 86' lang='lat' dir='ltr'>horto,</span> <span class='ocrx_word' id='word_1_241' title='bbox 871 2191 957 2248; x_wconf 89' lang='lat' dir='ltr'>quam</span> <span class='ocrx_word' id='word_1_242' title='bbox 971 2170 1008 2229; x_wconf 88' lang='lat' dir='ltr'>ab</span> <span class='ocrx_word' id='word_1_243' title='bbox 1021 2171 1124 2230; x_wconf 87' lang='lat' dir='ltr'>arbore</span> <span class='ocrx_word' id='word_1_244' title='bbox 1137 2178 1311 2230; x_wconf 77' lang='lat' dir='ltr'>arcerentur.</span> 
     </span>
     <span class='ocr_line' id='line_1_24' title="bbox 222 2249 1426 2396; baseline -0.007 -2"><span class='ocrx_word' id='word_1_245' title='bbox 222 2291 464 2396; x_wconf 62' lang='lat' dir='ltr'>osas</span> <span class='ocrx_word' id='word_1_246' title='bbox 523 2250 1091 2330; x_wconf 63' lang='lat' dir='ltr'>c</span> <span class='ocrx_word' id='word_1_247' title='bbox 1252 2249 1426 2388; x_wconf 74' lang='grc' dir='ltr'>ιιι</span> 
     </span>
     <span class='ocr_line' id='line_1_25' title="bbox 250 2349 1427 2489; baseline -0.001 -22"><span class='ocrx_word' id='word_1_248' title='bbox 250 2367 413 2467; x_wconf 48' lang='lat' dir='ltr'>significavit!</span> <span class='ocrx_word' id='word_1_249' title='bbox 485 2420 556 2487; x_wconf 90' lang='lat' dir='ltr'>tum,</span> <span class='ocrx_word' id='word_1_250' title='bbox 571 2355 601 2472; x_wconf 74' lang='lat' dir='ltr'>el</span> <span class='ocrx_word' id='word_1_251' title='bbox 614 2412 787 2489; x_wconf 89' lang='lat' dir='ltr'>promissum</span> <span class='ocrx_word' id='word_1_252' title='bbox 799 2411 829 2468; x_wconf 90' lang='lat' dir='ltr'>in</span> <span class='ocrx_word' id='word_1_253' title='bbox 845 2418 922 2469; x_wconf 86' lang='lat' dir='ltr'>statu</span> <span class='ocrx_word' id='word_1_254' title='bbox 936 2411 1045 2488; x_wconf 83' lang='lat' dir='ltr'>gratiae,</span> <span class='ocrx_word' id='word_1_255' title='bbox 1065 2411 1174 2488; x_wconf 90' lang='lat' dir='ltr'>inquo</span> <span class='ocrx_word' id='word_1_256' title='bbox 1195 2408 1234 2467; x_wconf 90' lang='lat' dir='ltr'>ad</span> <span class='ocrx_word' id='word_1_257' title='bbox 1255 2349 1427 2468; x_wconf 58' lang='lat' dir='ltr'>Parsdidum</span> 
     </span>
     <span class='ocr_line' id='line_1_26' title="bbox 221 2488 1425 2566; baseline -0.005 -14"><span class='ocrx_word' id='word_1_258' title='bbox 221 2494 376 2566; x_wconf 87' lang='lat' dir='ltr'>coelestem,</span> <span class='ocrx_word' id='word_1_259' title='bbox 392 2499 421 2550; x_wconf 92' lang='lat' dir='ltr'>et</span> <span class='ocrx_word' id='word_1_260' title='bbox 435 2492 473 2550; x_wconf 91' lang='lat' dir='ltr'>ad</span> <span class='ocrx_word' id='word_1_261' title='bbox 487 2492 633 2551; x_wconf 85' lang='lat' dir='ltr'>Christum</span> <span class='ocrx_word' id='word_1_262' title='bbox 647 2511 746 2549; x_wconf 88' lang='lat' dir='ltr'>veram</span> <span class='ocrx_word' id='word_1_263' title='bbox 760 2491 830 2549; x_wconf 85' lang='lat' dir='ltr'>vitae</span> <span class='ocrx_word' id='word_1_264' title='bbox 845 2489 989 2549; x_wconf 86' lang='lat' dir='ltr'>Arborcm</span> <span class='ocrx_word' id='word_1_265' title='bbox 1004 2489 1097 2549; x_wconf 79' lang='lat' dir='ltr'>facilis</span> <span class='ocrx_word' id='word_1_266' title='bbox 1116 2489 1201 2548; x_wconf 88' lang='lat' dir='ltr'>nobis</span> <span class='ocrx_word' id='word_1_267' title='bbox 1221 2488 1307 2548; x_wconf 88' lang='lat' dir='ltr'>datur</span> <span class='ocrx_word' id='word_1_268' title='bbox 1328 2507 1425 2546; x_wconf 88' lang='lat' dir='ltr'>acces·</span> 
     </span>
     <span class='ocr_line' id='line_1_27' title="bbox 222 2567 1426 2647; baseline -0.003 -15"><span class='ocrx_word' id='word_1_269' title='bbox 222 2592 281 2632; x_wconf 89' lang='lat' dir='ltr'>sus.</span> <span class='ocrx_word' id='word_1_270' title='bbox 323 2572 354 2629; x_wconf 87' lang='lat' dir='ltr'>Is</span> <span class='ocrx_word' id='word_1_271' title='bbox 368 2571 479 2630; x_wconf 89' lang='lat' dir='ltr'>scilicet</span> <span class='ocrx_word' id='word_1_272' title='bbox 492 2571 600 2630; x_wconf 89' lang='lat' dir='ltr'>veritas</span> <span class='ocrx_word' id='word_1_273' title='bbox 621 2578 674 2644; x_wconf 90' lang='lat' dir='ltr'>est,</span> <span class='ocrx_word' id='word_1_274' title='bbox 696 2578 726 2628; x_wconf 88' lang='lat' dir='ltr'>et</span> <span class='ocrx_word' id='word_1_275' title='bbox 747 2569 921 2646; x_wconf 89' lang='lat' dir='ltr'>Mysterium</span> <span class='ocrx_word' id='word_1_276' title='bbox 936 2571 1028 2630; x_wconf 89' lang='lat' dir='ltr'>veteri</span> <span class='ocrx_word' id='word_1_277' title='bbox 1047 2570 1104 2628; x_wconf 91' lang='lat' dir='ltr'>hoc</span> <span class='ocrx_word' id='word_1_278' title='bbox 1117 2578 1188 2647; x_wconf 83' lang='lat' dir='ltr'>typo</span> <span class='ocrx_word' id='word_1_279' title='bbox 1201 2567 1426 2644; x_wconf 66' lang='lat' dir='ltr'>adumbratum</span> 
     </span>
     <span class='ocr_line' id='line_1_28' title="bbox 220 2647 1426 2725; baseline -0.005 -15"><span class='ocrx_word' id='word_1_280' title='bbox 220 2653 316 2710; x_wconf 79' lang='lat' dir='ltr'>Arbor</span> <span class='ocrx_word' id='word_1_281' title='bbox 328 2651 399 2722; x_wconf 63' lang='lat' dir='ltr'>aaa,</span> <span class='ocrx_word' id='word_1_282' title='bbox 414 2669 472 2708; x_wconf 89' lang='lat' dir='ltr'>non</span> <span class='ocrx_word' id='word_1_283' title='bbox 486 2658 608 2725; x_wconf 89' lang='lat' dir='ltr'>terrena,</span> <span class='ocrx_word' id='word_1_284' title='bbox 625 2649 677 2708; x_wconf 89' lang='lat' dir='ltr'>sed</span> <span class='ocrx_word' id='word_1_285' title='bbox 690 2649 836 2724; x_wconf 71' lang='lat' dir='ltr'>scelestis,</span> <span class='ocrx_word' id='word_1_286' title='bbox 857 2668 917 2708; x_wconf 92' lang='lat' dir='ltr'>non</span> <span class='ocrx_word' id='word_1_287' title='bbox 931 2649 1088 2709; x_wconf 83' lang='lat' dir='ltr'>materialis</span> <span class='ocrx_word' id='word_1_288' title='bbox 1101 2657 1131 2707; x_wconf 89' lang='lat' dir='ltr'>et</span> <span class='ocrx_word' id='word_1_289' title='bbox 1152 2648 1255 2723; x_wconf 70' lang='grc' dir='ltr'>ἔλιγος,</span> <span class='ocrx_word' id='word_1_290' title='bbox 1271 2647 1325 2706; x_wconf 90' lang='lat' dir='ltr'>sed</span> <span class='ocrx_word' id='word_1_291' title='bbox 1345 2667 1426 2725; x_wconf 81' lang='lat' dir='ltr'>mys-</span> 
     </span>
     <span class='ocr_line' id='line_1_29' title="bbox 221 2727 1429 2806; baseline -0.004 -15"><span class='ocrx_word' id='word_1_292' title='bbox 221 2733 279 2791; x_wconf 89' lang='lat' dir='ltr'>tica</span> <span class='ocrx_word' id='word_1_293' title='bbox 291 2739 321 2788; x_wconf 90' lang='lat' dir='ltr'>et</span> <span class='ocrx_word' id='word_1_294' title='bbox 344 2729 512 2805; x_wconf 78' lang='lat' dir='ltr'>rationalis3</span> <span class='ocrx_word' id='word_1_295' title='bbox 534 2749 593 2788; x_wconf 93' lang='lat' dir='ltr'>non</span> <span class='ocrx_word' id='word_1_296' title='bbox 617 2737 730 2788; x_wconf 86' lang='lat' dir='ltr'>tantum</span> <span class='ocrx_word' id='word_1_297' title='bbox 754 2728 949 2806; x_wconf 85' lang='lat' dir='ltr'>significativa</span> <span class='ocrx_word' id='word_1_298' title='bbox 973 2739 1002 2788; x_wconf 90' lang='lat' dir='ltr'>et</span> <span class='ocrx_word' id='word_1_299' title='bbox 1024 2728 1257 2806; x_wconf 85' lang='lat' dir='ltr'>obsignificativa</span> <span class='ocrx_word' id='word_1_300' title='bbox 1270 2727 1349 2802; x_wconf 74' lang='lat' dir='ltr'>vitae,</span> <span class='ocrx_word' id='word_1_301' title='bbox 1375 2727 1429 2786; x_wconf 90' lang='lat' dir='ltr'>sed</span> 
     </span>
     <span class='ocr_line' id='line_1_30' title="bbox 221 2807 1428 2889; baseline -0.006 -18"><span class='ocrx_word' id='word_1_302' title='bbox 221 2813 285 2889; x_wconf 84' lang='lat' dir='ltr'>ejus</span> <span class='ocrx_word' id='word_1_303' title='bbox 298 2829 366 2868; x_wconf 87' lang='lat' dir='ltr'>vere</span> <span class='ocrx_word' id='word_1_304' title='bbox 381 2809 526 2868; x_wconf 87' lang='lat' dir='ltr'>collativa.</span> <span class='ocrx_word' id='word_1_305' title='bbox 568 2811 605 2868; x_wconf 83' lang='lat' dir='ltr'>In</span> <span class='ocrx_word' id='word_1_306' title='bbox 619 2810 680 2886; x_wconf 83' lang='lat' dir='ltr'>ipso</span> <span class='ocrx_word' id='word_1_307' title='bbox 693 2809 752 2868; x_wconf 82' lang='lat' dir='ltr'>cita</span> <span class='ocrx_word' id='word_1_308' title='bbox 765 2817 836 2884; x_wconf 85' lang='lat' dir='ltr'>erat,</span> <span class='ocrx_word' id='word_1_309' title='bbox 858 2808 930 2868; x_wconf 86' lang='lat' dir='ltr'>Joh.</span> <span class='ocrx_word' id='word_1_310' title='bbox 952 2809 972 2868; x_wconf 91' lang='lat' dir='ltr'>i.</span> <span class='ocrx_word' id='word_1_311' title='bbox 995 2813 1024 2886; x_wconf 86' lang='lat'>4,</span> <span class='ocrx_word' id='word_1_312' title='bbox 1045 2808 1085 2868; x_wconf 91' lang='lat' dir='ltr'>id.</span> <span class='ocrx_word' id='word_1_313' title='bbox 1107 2809 1201 2868; x_wconf 88' lang='lat' dir='ltr'>omnia</span> <span class='ocrx_word' id='word_1_314' title='bbox 1214 2808 1282 2867; x_wconf 78' lang='lat' dir='ltr'>vitae</span> <span class='ocrx_word' id='word_1_315' title='bbox 1305 2807 1372 2865; x_wconf 84' lang='lat' dir='ltr'>fons</span> <span class='ocrx_word' id='word_1_316' title='bbox 1396 2815 1428 2865; x_wconf 88' lang='lat' dir='ltr'>st</span> 
     </span>
     <span class='ocr_line' id='line_1_31' title="bbox 221 2888 1424 2966; baseline -0.006 -16"><span class='ocrx_word' id='word_1_317' title='bbox 221 2910 317 2964; x_wconf 85' lang='lat' dir='ltr'>causa,</span> <span class='ocrx_word' id='word_1_318' title='bbox 332 2897 392 2948; x_wconf 86' lang='lat' dir='ltr'>tarn</span> <span class='ocrx_word' id='word_1_319' title='bbox 406 2889 547 2948; x_wconf 80' lang='lat' dir='ltr'>naturalis</span> <span class='ocrx_word' id='word_1_320' title='bbox 561 2889 592 2948; x_wconf 90' lang='lat' dir='ltr'>iu</span> <span class='ocrx_word' id='word_1_321' title='bbox 605 2888 723 2964; x_wconf 91' lang='lat' dir='ltr'>mundo,</span> <span class='ocrx_word' id='word_1_322' title='bbox 738 2889 807 2966; x_wconf 90' lang='lat' dir='ltr'>quia</span> <span class='ocrx_word' id='word_1_323' title='bbox 820 2888 928 2966; x_wconf 92' lang='lat' dir='ltr'>inipso</span> <span class='ocrx_word' id='word_1_324' title='bbox 943 2908 1051 2964; x_wconf 85' lang='lat' dir='ltr'>sumus,</span> <span class='ocrx_word' id='word_1_325' title='bbox 1066 2888 1203 2964; x_wconf 83' lang='lat' dir='ltr'>vivimus,</span> <span class='ocrx_word' id='word_1_326' title='bbox 1218 2896 1248 2947; x_wconf 90' lang='lat' dir='ltr'>et</span> <span class='ocrx_word' id='word_1_327' title='bbox 1265 2905 1424 2961; x_wconf 83' lang='lat' dir='ltr'>movemur,</span> 
     </span>
     <span class='ocr_line' id='line_1_32' title="bbox 222 2965 1425 3046; baseline -0.006 -16"><span class='ocrx_word' id='word_1_328' title='bbox 222 2971 291 3030; x_wconf 86' lang='lat' dir='ltr'>Act.</span> <span class='ocrx_word' id='word_1_329' title='bbox 305 2968 377 3028; x_wconf 85' lang='lat' dir='ltr'>xvii.</span> <span class='ocrx_word' id='word_1_330' title='bbox 392 2969 441 3044; x_wconf 81' lang='lat'>28,</span> <span class='ocrx_word' id='word_1_331' title='bbox 457 2988 542 3046; x_wconf 89' lang='lat' dir='ltr'>quam</span> <span class='ocrx_word' id='word_1_332' title='bbox 557 2969 713 3046; x_wconf 74' lang='lat' dir='ltr'>spirimalis</span> <span class='ocrx_word' id='word_1_333' title='bbox 727 2968 758 3026; x_wconf 90' lang='lat' dir='ltr'>in</span> <span class='ocrx_word' id='word_1_334' title='bbox 772 2969 905 3028; x_wconf 75' lang='lat' dir='ltr'>Ecclesia</span> <span class='ocrx_word' id='word_1_335' title='bbox 919 2987 971 3046; x_wconf 86' lang='lat' dir='ltr'>per</span> <span class='ocrx_word' id='word_1_336' title='bbox 985 2969 1117 3046; x_wconf 86' lang='lat' dir='ltr'>gretiam,</span> <span class='ocrx_word' id='word_1_337' title='bbox 1132 2969 1202 3046; x_wconf 85' lang='lat' dir='ltr'>quia</span> <span class='ocrx_word' id='word_1_338' title='bbox 1221 2975 1255 3027; x_wconf 89' lang='lat' dir='ltr'>ut</span> <span class='ocrx_word' id='word_1_339' title='bbox 1269 2965 1425 3041; x_wconf 81' lang='lat' dir='ltr'>Mediator,</span> 
     </span>
     <span class='ocr_line' id='line_1_33' title="bbox 222 3045 1428 3127; baseline -0.005 -17"><span class='ocrx_word' id='word_1_340' title='bbox 222 3060 267 3110; x_wconf 88' lang='lat' dir='ltr'>est</span> <span class='ocrx_word' id='word_1_341' title='bbox 280 3051 417 3126; x_wconf 72' lang='lat' dir='ltr'>Princeps</span> <span class='ocrx_word' id='word_1_342' title='bbox 429 3051 501 3125; x_wconf 79' lang='lat' dir='ltr'>vitoe,</span> <span class='ocrx_word' id='word_1_343' title='bbox 517 3049 568 3127; x_wconf 91' lang='lat' dir='ltr'>qui</span> <span class='ocrx_word' id='word_1_344' title='bbox 581 3049 736 3108; x_wconf 78' lang='lat' dir='ltr'>detritam</span> <span class='ocrx_word' id='word_1_345' title='bbox 756 3048 873 3122; x_wconf 89' lang='lat' dir='ltr'>mundo,</span> <span class='ocrx_word' id='word_1_346' title='bbox 896 3056 926 3107; x_wconf 91' lang='lat' dir='ltr'>et</span> <span class='ocrx_word' id='word_1_347' title='bbox 946 3059 1057 3108; x_wconf 74' lang='lat' dir='ltr'>oetemroe</span> <span class='ocrx_word' id='word_1_348' title='bbox 1077 3048 1108 3106; x_wconf 89' lang='lat' dir='ltr'>in</span> <span class='ocrx_word' id='word_1_349' title='bbox 1128 3048 1202 3106; x_wconf 88' lang='lat' dir='ltr'>coelo</span> <span class='ocrx_word' id='word_1_350' title='bbox 1220 3067 1273 3126; x_wconf 91' lang='lat' dir='ltr'>per</span> <span class='ocrx_word' id='word_1_351' title='bbox 1293 3045 1428 3124; x_wconf 83' lang='lat' dir='ltr'>gloriam,</span> 
     </span>
     <span class='ocr_line' id='line_1_34' title="bbox 221 3125 1429 3209; baseline -0.006 -19"><span class='ocrx_word' id='word_1_352' title='bbox 221 3131 291 3209; x_wconf 88' lang='lat' dir='ltr'>quia</span> <span class='ocrx_word' id='word_1_353' title='bbox 304 3138 349 3190; x_wconf 92' lang='lat' dir='ltr'>est</span> <span class='ocrx_word' id='word_1_354' title='bbox 361 3131 529 3190; x_wconf 80' lang='lat' dir='ltr'>resurrectio</span> <span class='ocrx_word' id='word_1_355' title='bbox 540 3139 567 3189; x_wconf 87' lang='lat' dir='ltr'>ct</span> <span class='ocrx_word' id='word_1_356' title='bbox 578 3131 644 3204; x_wconf 82' lang='lat' dir='ltr'>vita,</span> <span class='ocrx_word' id='word_1_357' title='bbox 660 3130 710 3207; x_wconf 91' lang='lat' dir='ltr'>qui</span> <span class='ocrx_word' id='word_1_358' title='bbox 725 3129 785 3189; x_wconf 88' lang='lat' dir='ltr'>suis</span> <span class='ocrx_word' id='word_1_359' title='bbox 798 3129 888 3187; x_wconf 86' lang='lat' dir='ltr'>vitam</span> <span class='ocrx_word' id='word_1_360' title='bbox 903 3136 1039 3186; x_wconf 84' lang='lat' dir='ltr'>aeternam</span> <span class='ocrx_word' id='word_1_361' title='bbox 1059 3128 1217 3186; x_wconf 88' lang='lat' dir='ltr'>certissime</span> <span class='ocrx_word' id='word_1_362' title='bbox 1239 3135 1284 3185; x_wconf 90' lang='lat' dir='ltr'>est</span> <span class='ocrx_word' id='word_1_363' title='bbox 1303 3125 1429 3202; x_wconf 85' lang='lat' dir='ltr'>largitu·</span> 
     </span>
     <span class='ocr_line' id='line_1_35' title="bbox 222 3205 1428 3287; baseline -0.005 -18"><span class='ocrx_word' id='word_1_364' title='bbox 222 3231 281 3269; x_wconf 92' lang='lat' dir='ltr'>rus.</span> <span class='ocrx_word' id='word_1_365' title='bbox 322 3208 421 3268; x_wconf 88' lang='lat' dir='ltr'>Arbor</span> <span class='ocrx_word' id='word_1_366' title='bbox 434 3229 503 3270; x_wconf 84' lang='lat' dir='ltr'>vere</span> <span class='ocrx_word' id='word_1_367' title='bbox 517 3211 609 3286; x_wconf 79' lang='lat' dir='ltr'>unica,</span> <span class='ocrx_word' id='word_1_368' title='bbox 624 3210 694 3287; x_wconf 86' lang='lat' dir='ltr'>qnia</span> <span class='ocrx_word' id='word_1_369' title='bbox 706 3209 804 3268; x_wconf 90' lang='lat' dir='ltr'>nullus</span> <span class='ocrx_word' id='word_1_370' title='bbox 817 3216 921 3286; x_wconf 82' lang='lat' dir='ltr'>praetsr</span> <span class='ocrx_word' id='word_1_371' title='bbox 935 3208 1080 3267; x_wconf 84' lang='lat' dir='ltr'>Christum</span> <span class='ocrx_word' id='word_1_372' title='bbox 1094 3207 1199 3267; x_wconf 87' lang='lat' dir='ltr'>author</span> <span class='ocrx_word' id='word_1_373' title='bbox 1211 3205 1280 3264; x_wconf 75' lang='lat' dir='ltr'>vita</span> <span class='ocrx_word' id='word_1_374' title='bbox 1301 3213 1428 3281; x_wconf 73' lang='lat' dir='ltr'>aeternae,</span> 
     </span>
     <span class='ocr_line' id='line_1_36' title="bbox 221 3285 1428 3367; baseline -0.005 -19"><span class='ocrx_word' id='word_1_375' title='bbox 221 3309 276 3348; x_wconf 88' lang='lat' dir='ltr'>uec</span> <span class='ocrx_word' id='word_1_376' title='bbox 290 3289 375 3347; x_wconf 92' lang='lat' dir='ltr'>estin</span> <span class='ocrx_word' id='word_1_377' title='bbox 389 3288 446 3346; x_wconf 86' lang='lat' dir='ltr'>alio</span> <span class='ocrx_word' id='word_1_378' title='bbox 460 3309 605 3367; x_wconf 87' lang='lat' dir='ltr'>quoquam</span> <span class='ocrx_word' id='word_1_379' title='bbox 621 3289 707 3364; x_wconf 87' lang='lat' dir='ltr'>salus,</span> <span class='ocrx_word' id='word_1_380' title='bbox 724 3289 793 3347; x_wconf 85' lang='lat' dir='ltr'>Act.</span> <span class='ocrx_word' id='word_1_381' title='bbox 806 3289 846 3346; x_wconf 87' lang='lat' dir='ltr'>iv.</span> <span class='ocrx_word' id='word_1_382' title='bbox 864 3290 910 3363; x_wconf 74' lang='lat'>12,</span> <span class='ocrx_word' id='word_1_383' title='bbox 925 3287 955 3346; x_wconf 95' lang='lat' dir='ltr'>in</span> <span class='ocrx_word' id='word_1_384' title='bbox 975 3287 1071 3346; x_wconf 91' lang='lat' dir='ltr'>medio</span> <span class='ocrx_word' id='word_1_385' title='bbox 1086 3286 1225 3361; x_wconf 87' lang='lat' dir='ltr'>Parsdisi,</span> <span class='ocrx_word' id='word_1_386' title='bbox 1242 3285 1338 3362; x_wconf 78' lang='lat' dir='ltr'>Apoc</span> <span class='ocrx_word' id='word_1_387' title='bbox 1353 3285 1384 3344; x_wconf 87' lang='lat' dir='ltr'>ii.</span> <span class='ocrx_word' id='word_1_388' title='bbox 1400 3287 1428 3360; x_wconf 74' lang='lat'>7,</span> 
     </span>
     <span class='ocr_line' id='line_1_37' title="bbox 222 3365 1429 3445; baseline -0.002 -18"><span class='ocrx_word' id='word_1_389' title='bbox 222 3378 252 3427; x_wconf 87' lang='lat' dir='ltr'>ct</span> <span class='ocrx_word' id='word_1_390' title='bbox 261 3369 364 3444; x_wconf 85' lang='lat' dir='ltr'>plateae</span> <span class='ocrx_word' id='word_1_391' title='bbox 374 3367 516 3444; x_wconf 84' lang='lat' dir='ltr'>Civitatis,</span> <span class='ocrx_word' id='word_1_392' title='bbox 527 3389 552 3427; x_wconf 91' lang='lat' dir='ltr'>c.</span> <span class='ocrx_word' id='word_1_393' title='bbox 565 3369 637 3426; x_wconf 85' lang='lat' dir='ltr'>xxii.</span> <span class='ocrx_word' id='word_1_394' title='bbox 648 3373 676 3444; x_wconf 74' lang='lat'>2,</span> <span class='ocrx_word' id='word_1_395' title='bbox 687 3370 755 3445; x_wconf 87' lang='lat' dir='ltr'>quia</span> <span class='ocrx_word' id='word_1_396' title='bbox 766 3368 898 3428; x_wconf 84' lang='lat' dir='ltr'>Christus</span> <span class='ocrx_word' id='word_1_397' title='bbox 912 3375 957 3426; x_wconf 89' lang='lat' dir='ltr'>est</span> <span class='ocrx_word' id='word_1_398' title='bbox 970 3367 1000 3425; x_wconf 92' lang='lat' dir='ltr'>in</span> <span class='ocrx_word' id='word_1_399' title='bbox 1013 3367 1109 3426; x_wconf 86' lang='lat' dir='ltr'>medio</span> <span class='ocrx_word' id='word_1_400' title='bbox 1123 3365 1272 3441; x_wconf 72' lang='lat' dir='ltr'>Ecclesia,</span> <span class='ocrx_word' id='word_1_401' title='bbox 1287 3373 1429 3442; x_wconf 85' lang='lat' dir='ltr'>tanquam</span> 
     </span>
     <span class='ocr_line' id='line_1_38' title="bbox 220 3443 1428 3525; baseline -0.001 -20"><span class='ocrx_word' id='word_1_402' title='bbox 220 3447 252 3505; x_wconf 92' lang='lat' dir='ltr'>in</span> <span class='ocrx_word' id='word_1_403' title='bbox 275 3445 339 3503; x_wconf 93' lang='lat' dir='ltr'>loco</span> <span class='ocrx_word' id='word_1_404' title='bbox 360 3444 539 3504; x_wconf 87' lang='lat' dir='ltr'>honoratiori</span> <span class='ocrx_word' id='word_1_405' title='bbox 562 3455 592 3506; x_wconf 89' lang='lat' dir='ltr'>et</span> <span class='ocrx_word' id='word_1_406' title='bbox 615 3447 811 3523; x_wconf 88' lang='lat' dir='ltr'>commodiori,</span> <span class='ocrx_word' id='word_1_407' title='bbox 831 3455 865 3506; x_wconf 91' lang='lat' dir='ltr'>ut</span> <span class='ocrx_word' id='word_1_408' title='bbox 885 3447 1018 3507; x_wconf 89' lang='lat' dir='ltr'>omuibus</span> <span class='ocrx_word' id='word_1_409' title='bbox 1038 3455 1143 3525; x_wconf 84' lang='lat' dir='ltr'>praesto</span> <span class='ocrx_word' id='word_1_410' title='bbox 1158 3446 1203 3521; x_wconf 79' lang='lat' dir='ltr'>sit,</span> <span class='ocrx_word' id='word_1_411' title='bbox 1219 3454 1249 3504; x_wconf 91' lang='lat' dir='ltr'>at</span> <span class='ocrx_word' id='word_1_412' title='bbox 1268 3443 1331 3502; x_wconf 78' lang='lat' dir='ltr'>vim</span> <span class='ocrx_word' id='word_1_413' title='bbox 1346 3463 1428 3504; x_wconf 81' lang='lat' dir='ltr'>suam</span> 
     </span>
     <span class='ocr_line' id='line_1_39' title="bbox 221 3523 1429 3604; baseline -0.001 -20"><span class='ocrx_word' id='word_1_414' title='bbox 221 3524 367 3584; x_wconf 85' lang='lat' dir='ltr'>vivificam</span> <span class='ocrx_word' id='word_1_415' title='bbox 381 3524 412 3580; x_wconf 94' lang='lat' dir='ltr'>in</span> <span class='ocrx_word' id='word_1_416' title='bbox 426 3542 526 3583; x_wconf 87' lang='lat' dir='ltr'>omnes</span> <span class='ocrx_word' id='word_1_417' title='bbox 540 3525 691 3600; x_wconf 85' lang='lat' dir='ltr'>diffundat,</span> <span class='ocrx_word' id='word_1_418' title='bbox 707 3534 737 3584; x_wconf 88' lang='lat' dir='ltr'>et</span> <span class='ocrx_word' id='word_1_419' title='bbox 754 3526 793 3584; x_wconf 90' lang='lat' dir='ltr'>ab</span> <span class='ocrx_word' id='word_1_420' title='bbox 813 3526 947 3586; x_wconf 89' lang='lat' dir='ltr'>omnibus</span> <span class='ocrx_word' id='word_1_421' title='bbox 968 3527 1168 3604; x_wconf 86' lang='lat' dir='ltr'>conspiciatur,</span> <span class='ocrx_word' id='word_1_422' title='bbox 1182 3523 1275 3584; x_wconf 86' lang='lat' dir='ltr'>veluti</span> <span class='ocrx_word' id='word_1_423' title='bbox 1296 3531 1429 3583; x_wconf 87' lang='lat' dir='ltr'>centrum</span> 
     </span>
     <span class='ocr_line' id='line_1_40' title="bbox 221 3602 1428 3743; baseline 0.001 -82"><span class='ocrx_word' id='word_1_424' title='bbox 221 3605 252 3743; x_wconf 68' lang='lat' dir='ltr'>ip</span> <span class='ocrx_word' id='word_1_425' title='bbox 267 3602 448 3742; x_wconf 51' lang='lat' dir='ltr'>rlfflim</span> <span class='ocrx_word' id='word_1_426' title='bbox 463 3623 563 3742; x_wconf 63' lang='lat' dir='ltr'>onppes</span> <span class='ocrx_word' id='word_1_427' title='bbox 576 3603 645 3698; x_wconf 76' lang='lat' dir='ltr'>fidei</span> <span class='ocrx_word' id='word_1_428' title='bbox 658 3613 689 3664; x_wconf 90' lang='lat' dir='ltr'>ct</span> <span class='ocrx_word' id='word_1_429' title='bbox 702 3605 807 3663; x_wconf 86' lang='lat' dir='ltr'>amoris</span> <span class='ocrx_word' id='word_1_430' title='bbox 821 3605 966 3698; x_wconf 69' lang='lat' dir='ltr'>continere</span> <span class='ocrx_word' id='word_1_431' title='bbox 977 3607 1091 3700; x_wconf 70' lang='lat' dir='ltr'>debent,</span> <span class='ocrx_word' id='word_1_432' title='bbox 1100 3605 1175 3700; x_wconf 75' lang='lat' dir='ltr'>utin</span> <span class='ocrx_word' id='word_1_433' title='bbox 1187 3625 1222 3664; x_wconf 91' lang='lat' dir='ltr'>eo</span> <span class='ocrx_word' id='word_1_434' title='bbox 1230 3604 1428 3688; x_wconf 82' lang='lat' dir='ltr'>acquiescant.</span> 
     </span>
     <span class='ocr_line' id='line_1_41' title="bbox 222 3682 1430 3842; baseline -0.003 -17"><span class='ocrx_word' id='word_1_435' title='bbox 222 3704 267 3825; x_wconf 71' lang='grc' dir='ltr'>.ιῖ</span> <span class='ocrx_word' id='word_1_436' title='bbox 274 3682 512 3824; x_wconf 45' lang='lat' dir='ltr'>tutudit,</span> <span class='ocrx_word' id='word_1_437' title='bbox 525 3688 668 3840; x_wconf 72' lang='lat' dir='ltr'>tthtt:</span> <span class='ocrx_word' id='word_1_438' title='bbox 680 3683 1430 3842; x_wconf 54' lang='lat' dir='ltr'>th⁵tttss⁸⁸tt⁸tt¹tttmmtttf²tttff</span> 
     </span>
     <span class='ocr_line' id='line_1_42' title="bbox 222 3843 1428 3923; baseline -0.001 -20"><span class='ocrx_word' id='word_1_439' title='bbox 222 3846 253 3904; x_wconf 90' lang='lat' dir='ltr'>id</span> <span class='ocrx_word' id='word_1_440' title='bbox 271 3853 316 3904; x_wconf 90' lang='lat' dir='ltr'>est</span> <span class='ocrx_word' id='word_1_441' title='bbox 334 3843 547 3923; x_wconf 88' lang='lat' dir='ltr'>copiosissimos</span> <span class='ocrx_word' id='word_1_442' title='bbox 567 3853 597 3904; x_wconf 92' lang='lat' dir='ltr'>et</span> <span class='ocrx_word' id='word_1_443' title='bbox 607 3844 774 3919; x_wconf 89' lang='lat' dir='ltr'>uberrimos,</span> <span class='ocrx_word' id='word_1_444' title='bbox 790 3843 967 3922; x_wconf 87' lang='lat' dir='ltr'>qui&#39;possint</span> <span class='ocrx_word' id='word_1_445' title='bbox 981 3845 1109 3905; x_wconf 88' lang='lat' dir='ltr'>sufficere</span> <span class='ocrx_word' id='word_1_446' title='bbox 1123 3845 1277 3905; x_wconf 86' lang='lat' dir='ltr'>duodecim</span> <span class='ocrx_word' id='word_1_447' title='bbox 1290 3843 1428 3903; x_wconf 90' lang='lat' dir='ltr'>tribubus</span> 
     </span>
     <span class='ocr_line' id='line_1_43' title="bbox 224 3923 1428 4003; baseline 0 -21"><span class='ocrx_word' id='word_1_448' title='bbox 224 3925 351 4002; x_wconf 84' lang='lat' dir='ltr'>Isra&#39;e&#39;lis,</span> <span class='ocrx_word' id='word_1_449' title='bbox 366 3924 398 3983; x_wconf 93' lang='lat' dir='ltr'>id</span> <span class='ocrx_word' id='word_1_450' title='bbox 411 3931 456 3983; x_wconf 89' lang='lat' dir='ltr'>est</span> <span class='ocrx_word' id='word_1_451' title='bbox 469 3924 604 3984; x_wconf 88' lang='lat' dir='ltr'>omnibus</span> <span class='ocrx_word' id='word_1_452' title='bbox 618 3924 759 3984; x_wconf 86' lang='lat' dir='ltr'>Ecclesiae</span> <span class='ocrx_word' id='word_1_453' title='bbox 772 3924 917 4000; x_wconf 86' lang='lat' dir='ltr'>membris,</span> <span class='ocrx_word' id='word_1_454' title='bbox 932 3945 997 4003; x_wconf 87' lang='lat' dir='ltr'>quse</span> <span class='ocrx_word' id='word_1_455' title='bbox 1011 3925 1048 3984; x_wconf 87' lang='lat' dir='ltr'>ab</span> <span class='ocrx_word' id='word_1_456' title='bbox 1069 3925 1133 4003; x_wconf 87' lang='lat' dir='ltr'>ejus</span> <span class='ocrx_word' id='word_1_457' title='bbox 1153 3923 1334 4003; x_wconf 88' lang='lat' dir='ltr'>plenitudine</span> <span class='ocrx_word' id='word_1_458' title='bbox 1354 3923 1428 3982; x_wconf 87' lang='lat' dir='ltr'>hau·</span> 
     </span>
     <span class='ocr_line' id='line_1_44' title="bbox 222 4002 1429 4083; baseline -0.001 -20"><span class='ocrx_word' id='word_1_459' title='bbox 222 4005 301 4063; x_wconf 89' lang='lat' dir='ltr'>riunt</span> <span class='ocrx_word' id='word_1_460' title='bbox 322 4004 400 4063; x_wconf 89' lang='lat' dir='ltr'>dona</span> <span class='ocrx_word' id='word_1_461' title='bbox 423 4005 520 4064; x_wconf 90' lang='lat' dir='ltr'>omnia</span> <span class='ocrx_word' id='word_1_462' title='bbox 541 4005 612 4083; x_wconf 87' lang='lat' dir='ltr'>ipsis</span> <span class='ocrx_word' id='word_1_463' title='bbox 634 4003 816 4063; x_wconf 86' lang='lat' dir='ltr'>necessaria:</span> <span class='ocrx_word' id='word_1_464' title='bbox 840 4004 896 4064; x_wconf 84' lang='lat' dir='ltr'>tert</span> <span class='ocrx_word' id='word_1_465' title='bbox 916 4005 982 4064; x_wconf 90' lang='lat' dir='ltr'>illos</span> <span class='ocrx_word' id='word_1_466' title='bbox 1002 4007 1118 4082; x_wconf 63' lang='grc' dir='ltr'>εἰιιριιῑιι</span> <span class='ocrx_word' id='word_1_467' title='bbox 1137 4005 1208 4064; x_wconf 68' lang='lat' dir='ltr'>acra</span> <span class='ocrx_word' id='word_1_468' title='bbox 1225 4004 1372 4078; x_wconf 65' lang='lat' dir='ltr'>mtto,</span> <span class='ocrx_word' id='word_1_469' title='bbox 1388 4002 1429 4062; x_wconf 90' lang='lat' dir='ltr'>id.</span> 
     </span>
     <span class='ocr_line' id='line_1_45' title="bbox 222 4083 1431 4162; baseline 0.001 -22"><span class='ocrx_word' id='word_1_470' title='bbox 222 4092 369 4160; x_wconf 88' lang='lat' dir='ltr'>perpetuo,</span> <span class='ocrx_word' id='word_1_471' title='bbox 384 4083 513 4160; x_wconf 84' lang='lat' dir='ltr'>quisvis</span> <span class='ocrx_word' id='word_1_472' title='bbox 527 4092 557 4143; x_wconf 92' lang='lat' dir='ltr'>et</span> <span class='ocrx_word' id='word_1_473' title='bbox 576 4083 703 4143; x_wconf 89' lang='lat' dir='ltr'>efficacia</span> <span class='ocrx_word' id='word_1_474' title='bbox 712 4083 834 4162; x_wconf 74' lang='lat' dir='ltr'>justitia</span> <span class='ocrx_word' id='word_1_475' title='bbox 855 4092 885 4144; x_wconf 93' lang='lat' dir='ltr'>et</span> <span class='ocrx_word' id='word_1_476' title='bbox 901 4083 1024 4162; x_wconf 85' lang='lat' dir='ltr'>Spiritus</span> <span class='ocrx_word' id='word_1_477' title='bbox 1045 4085 1153 4144; x_wconf 86' lang='lat' dir='ltr'>Christi</span> <span class='ocrx_word' id='word_1_478' title='bbox 1173 4091 1218 4143; x_wconf 87' lang='lat' dir='ltr'>ast</span> <span class='ocrx_word' id='word_1_479' title='bbox 1237 4091 1381 4161; x_wconf 88' lang='lat' dir='ltr'>perpetua</span> <span class='ocrx_word' id='word_1_480' title='bbox 1399 4091 1431 4142; x_wconf 91' lang='lat' dir='ltr'>et</span> 
     </span>
     <span class='ocr_line' id='line_1_46' title="bbox 221 4161 1429 4241; baseline 0.001 -22"><span class='ocrx_word' id='word_1_481' title='bbox 221 4161 388 4220; x_wconf 88' lang='lat' dir='ltr'>indesinens</span> <span class='ocrx_word' id='word_1_482' title='bbox 402 4163 440 4220; x_wconf 87' lang='lat' dir='ltr'>ad</span> <span class='ocrx_word' id='word_1_483' title='bbox 454 4163 678 4223; x_wconf 87' lang='lat' dir='ltr'>consolationem</span> <span class='ocrx_word' id='word_1_484' title='bbox 693 4172 723 4224; x_wconf 89' lang='lat' dir='ltr'>st</span> <span class='ocrx_word' id='word_1_485' title='bbox 737 4163 993 4224; x_wconf 86' lang='lat' dir='ltr'>sanctificationem</span> <span class='ocrx_word' id='word_1_486' title='bbox 1012 4163 1160 4224; x_wconf 86' lang='lat' dir='ltr'>fidelium:</span> <span class='ocrx_word' id='word_1_487' title='bbox 1175 4163 1241 4241; x_wconf 86' lang='lat' dir='ltr'>ejus</span> <span class='ocrx_word' id='word_1_488' title='bbox 1253 4164 1333 4239; x_wconf 81' lang='lat' dir='ltr'>fotis</span> <span class='ocrx_word' id='word_1_489' title='bbox 1353 4181 1429 4222; x_wconf 94' lang='lat' dir='ltr'>nun-</span> 
     </span>
     <span class='ocr_line' id='line_1_47' title="bbox 221 4240 1428 4322; baseline 0.004 -24"><span class='ocrx_word' id='word_1_490' title='bbox 221 4257 308 4316; x_wconf 91' lang='lat' dir='ltr'>quam</span> <span class='ocrx_word' id='word_1_491' title='bbox 323 4240 486 4300; x_wconf 88' lang='lat' dir='ltr'>decidentia</span> <span class='ocrx_word' id='word_1_492' title='bbox 498 4250 529 4302; x_wconf 92' lang='lat' dir='ltr'>et</span> <span class='ocrx_word' id='word_1_493' title='bbox 541 4252 680 4322; x_wconf 88' lang='lat' dir='ltr'>perpetuo</span> <span class='ocrx_word' id='word_1_494' title='bbox 694 4243 818 4302; x_wconf 88' lang='lat' dir='ltr'>virentia</span> <span class='ocrx_word' id='word_1_495' title='bbox 832 4242 869 4301; x_wconf 89' lang='lat' dir='ltr'>ad</span> <span class='ocrx_word' id='word_1_496' title='bbox 885 4245 1035 4303; x_wconf 82' lang='lat' dir='ltr'>sanitatem</span> <span class='ocrx_word' id='word_1_497' title='bbox 1048 4245 1171 4321; x_wconf 65' lang='lat' dir='ltr'>pectinem</span> <span class='ocrx_word' id='word_1_498' title='bbox 1190 4253 1259 4302; x_wconf 74' lang='lat' dir='ltr'>mut</span> <span class='ocrx_word' id='word_1_499' title='bbox 1277 4244 1428 4318; x_wconf 72' lang='grc' dir='ltr'>ᾱαιίπαια,</span> 
     </span>
     <span class='ocr_line' id='line_1_48' title="bbox 222 4318 1429 4410; baseline 0.004 -34"><span class='ocrx_word' id='word_1_500' title='bbox 222 4318 363 4410; x_wconf 35' lang='lat' dir='ltr'>quis-non</span> <span class='ocrx_word' id='word_1_501' title='bbox 376 4328 488 4380; x_wconf 89' lang='lat' dir='ltr'>tantum</span> <span class='ocrx_word' id='word_1_502' title='bbox 502 4323 562 4380; x_wconf 88' lang='lat' dir='ltr'>vim</span> <span class='ocrx_word' id='word_1_503' title='bbox 576 4323 664 4382; x_wconf 86' lang='lat' dir='ltr'>habet</span> <span class='ocrx_word' id='word_1_504' title='bbox 677 4324 804 4382; x_wconf 75' lang='lat' dir='ltr'>alimenti</span> <span class='ocrx_word' id='word_1_505' title='bbox 814 4323 853 4382; x_wconf 86' lang='lat' dir='ltr'>ad</span> <span class='ocrx_word' id='word_1_506' title='bbox 872 4325 1032 4400; x_wconf 87' lang='lat' dir='ltr'>pascendas</span> <span class='ocrx_word' id='word_1_507' title='bbox 1052 4324 1162 4382; x_wconf 87' lang='lat' dir='ltr'>animas</span> <span class='ocrx_word' id='word_1_508' title='bbox 1182 4331 1309 4398; x_wconf 86' lang='lat' dir='ltr'>nostras,</span> <span class='ocrx_word' id='word_1_509' title='bbox 1325 4322 1378 4381; x_wconf 90' lang='lat' dir='ltr'>scd</span> <span class='ocrx_word' id='word_1_510' title='bbox 1398 4330 1429 4381; x_wconf 89' lang='lat' dir='ltr'>et</span> 
     </span>
     <span class='ocr_line' id='line_1_49' title="bbox 221 4399 1428 4535; baseline 0.005 -80"><span class='ocrx_word' id='word_1_511' title='bbox 221 4399 417 4535; x_wconf 50' lang='lat' dir='ltr'>rpiwdttccmopg&#39;</span> <span class='ocrx_word' id='word_1_512' title='bbox 427 4400 608 4460; x_wconf 84' lang='lat' dir='ltr'>saluberrimi</span> <span class='ocrx_word' id='word_1_513' title='bbox 621 4403 659 4462; x_wconf 88' lang='lat' dir='ltr'>ad</span> <span class='ocrx_word' id='word_1_514' title='bbox 679 4402 795 4461; x_wconf 89' lang='lat' dir='ltr'>morbos</span> <span class='ocrx_word' id='word_1_515' title='bbox 815 4411 930 4467; x_wconf 85' lang='lat' dir='ltr'>nostros</span> <span class='ocrx_word' id='word_1_516' title='bbox 951 4423 1050 4463; x_wconf 88' lang='lat' dir='ltr'>omues</span> <span class='ocrx_word' id='word_1_517' title='bbox 1071 4403 1224 4478; x_wconf 88' lang='lat' dir='ltr'>sanandos,</span> <span class='ocrx_word' id='word_1_518' title='bbox 1242 4403 1303 4462; x_wconf 87' lang='lat' dir='ltr'>Isa.</span> <span class='ocrx_word' id='word_1_519' title='bbox 1324 4401 1378 4462; x_wconf 92' lang='lat' dir='ltr'>liii</span> <span class='ocrx_word' id='word_1_520' title='bbox 1399 4403 1428 4479; x_wconf 79' lang='lat'>5,</span> 
     </span>
     <span class='ocr_line' id='line_1_50' title="bbox 256 4491 995 4536; baseline -0.003 -6"><span class='ocrx_word' id='word_1_521' title='bbox 256 4491 274 4528; x_wconf 90' lang='lat' dir='ltr'>a</span> <span class='ocrx_word' id='word_1_522' title='bbox 300 4517 308 4530; x_wconf 89' lang='lat'><strong>.</strong></span> <span class='ocrx_word' id='word_1_523' title='bbox 323 4495 364 4532; x_wconf 82' lang='lat' dir='ltr'>ru.</span> <span class='ocrx_word' id='word_1_524' title='bbox 420 4521 428 4536; x_wconf 87' lang='lat'><strong>.</strong></span> <span class='ocrx_word' id='word_1_525' title='bbox 992 4523 995 4528; x_wconf 90' lang='lat'>.</span> 
     </span>
     <span class='ocr_line' id='line_1_51' title="bbox 262 4548 1429 4644; baseline 0.015 -42"><span class='ocrx_word' id='word_1_526' title='bbox 262 4548 335 4608; x_wconf 91' lang='lat' dir='ltr'><strong>VII.</strong></span> <span class='ocrx_word' id='word_1_527' title='bbox 358 4552 437 4644; x_wconf 74' lang='lat' dir='ltr'>Hinc</span> <span class='ocrx_word' id='word_1_528' title='bbox 450 4564 531 4630; x_wconf 85' lang='lat' dir='ltr'>patet</span> <span class='ocrx_word' id='word_1_529' title='bbox 554 4560 694 4638; x_wconf 87' lang='lat' dir='ltr'>mysterio</span> <span class='ocrx_word' id='word_1_530' title='bbox 717 4580 775 4619; x_wconf 90' lang='lat' dir='ltr'>non</span> <span class='ocrx_word' id='word_1_531' title='bbox 800 4555 927 4623; x_wconf 83' lang='lat' dir='ltr'>caruisse</span> <span class='ocrx_word' id='word_1_532' title='bbox 951 4562 1023 4623; x_wconf 88' lang='lat' dir='ltr'>duas</span> <span class='ocrx_word' id='word_1_533' title='bbox 1045 4563 1115 4622; x_wconf 90' lang='lat' dir='ltr'>istas</span> <span class='ocrx_word' id='word_1_534' title='bbox 1139 4561 1261 4621; x_wconf 87' lang='lat' dir='ltr'>arbores</span> <span class='ocrx_word' id='word_1_535' title='bbox 1287 4560 1429 4622; x_wconf 86' lang='lat' dir='ltr'>Paradisi.</span> 
     </span>
     <span class='ocr_line' id='line_1_52' title="bbox 222 4623 1428 4720; baseline 0.018 -42"><span class='ocrx_word' id='word_1_536' title='bbox 222 4623 295 4680; x_wconf 87' lang='lat' dir='ltr'>Nam</span> <span class='ocrx_word' id='word_1_537' title='bbox 309 4634 342 4683; x_wconf 93' lang='lat' dir='ltr'>ut</span> <span class='ocrx_word' id='word_1_538' title='bbox 356 4647 449 4704; x_wconf 76' lang='lat' dir='ltr'>prims</span> <span class='ocrx_word' id='word_1_539' title='bbox 462 4634 518 4694; x_wconf 84' lang='lat' dir='ltr'>fuit</span> <span class='ocrx_word' id='word_1_540' title='bbox 533 4637 750 4700; x_wconf 86' lang='lat' dir='ltr'>Sacramentum</span> <span class='ocrx_word' id='word_1_541' title='bbox 764 4641 981 4720; x_wconf 85' lang='lat' dir='ltr'>explorationis,</span> <span class='ocrx_word' id='word_1_542' title='bbox 997 4641 1074 4719; x_wconf 90' lang='lat' dir='ltr'>quod</span> <span class='ocrx_word' id='word_1_543' title='bbox 1088 4641 1212 4700; x_wconf 89' lang='lat' dir='ltr'>officium</span> <span class='ocrx_word' id='word_1_544' title='bbox 1227 4641 1344 4701; x_wconf 89' lang='lat' dir='ltr'>homini</span> <span class='ocrx_word' id='word_1_545' title='bbox 1356 4660 1428 4720; x_wconf 81' lang='lat' dir='ltr'>pras·</span> 
     </span>
    </p>
   </div>
   <div class='ocr_carea' id='block_1_3' title="bbox 0 0 1595 5174">
    <p class='ocr_par' dir='ltr' id='par_1_3' title="bbox 0 0 1595 5174">
     <span class='ocr_line' id='line_1_53' title="bbox 0 0 1595 5174; baseline 0 0"><span class='ocrx_word' id='word_1_546' title='bbox 0 0 1595 5174; x_wconf 95' lang='lat' dir='ltr'> </span> 
     </span>
    </p>
   </div>
  </div>
 </body>
</html>
