3044 5180
63 325 162 404 c'rr'irsr.
176 331 305 415 ravim]
499 353 537 392 ne
552 352 611 394 nro
625 352 695 410 uuo,
711 352 749 392 rr
762 353 861 394 neruo.
1203 339 1263 398 255

64 496 131 556 tione
143 495 206 573 ejus
220 493 278 554 sub
293 493 362 554 velo
376 492 470 554 carnis
483 493 514 552 in
529 500 606 553 statu
616 494 797 556 humilitatis.
810 493 949 570 anmsm
964 493 1012 561 ἶσος
1023 495 1180 574 aliquando
1194 498 1269 556 simi-

63 581 109 636 lem
121 585 238 649 tautum,
255 595 320 634 non
333 577 471 652 aqualem
483 583 573 650 notet,
588 595 647 634 nou
668 584 763 652 potest
782 595 817 635 eo
831 595 918 636 seusu
938 577 986 635 hie
1008 577 1090 652 smni,
1114 577 1183 655 qnia
1204 579 1271 637 talis

63 659 133 722 ὶειης
145 655 331 732 intelligitur,
346 675 411 732 quae
425 654 516 714 oritur
529 675 567 714 ex
580 655 680 714 formae
695 656 751 714 Dei
771 656 962 735 possessione,
978 677 1042 734 quae
1057 677 1115 718 nou
1137 659 1270 718 similitu·

64 740 152 796 dinem
163 745 278 796 unnim
293 735 460 812 aliqualem,
476 734 527 796 sed
541 755 640 794 veram
655 736 849 813 aequalitatem
864 744 893 796 et
905 737 1086 796 identitatem
1101 738 1246 816 importat.

98 816 168 874 XII.
190 817 338 891 Quamvis
351 835 458 876 nomen
472 816 528 874 Dei
542 815 705 893 improprie,
721 817 852 890 limitata,
868 825 897 876 et
910 819 941 878 in
954 818 1060 895 plurali
1076 819 1168 896 possit
1181 818 1270 878 tribui

64 895 204 972 Creatoris,
219 905 255 956 ut
270 895 402 974 Angelis
415 903 444 956 et
459 896 689 972 Magistretibus,
704 899 755 974 qui
768 899 823 956 Dii
831 897 1004 975 quandoque
1015 907 1170 975 vocantur3
1195 917 1269 958 nun·

60 997 137 1054 quem
149 986 248 1036 tarnem
262 977 392 1055 proprio,
408 977 549 1052 absolute,
564 985 594 1038 et
607 977 638 1034 in
653 977 794 1054 singulari
808 977 942 1054 cuiquam
961 979 1106 1054 tribuitur,
1128 979 1186 1038 nisi
1199 999 1269 1039 vero

61 1058 124 1116 Deo.
165 1055 253 1117 Unde
267 1057 381 1118 Filium
397 1057 461 1135 Dei,
477 1057 525 1117 cui
537 1057 594 1118 hoc
607 1057 695 1118 modo
708 1058 852 1135 tribuitur,
866 1059 962 1120 Deum
975 1079 1077 1120 verum
1086 1068 1116 1120 et
1129 1069 1269 1120 aeternum

59 1158 112 1196 esse
124 1157 241 1197 necesse
256 1147 315 1198 est.

361 1217 457 1278 XIII.
486 1217 598 1276 Eadem
623 1218 725 1278 Deitas
749 1219 893 1280 evincitur
917 1239 955 1280 ex
976 1220 1125 1280 Attnbutt's
1146 1221 1268 1298 Divinis,

317 1317 385 1375 quse
407 1317 474 1356 cum
495 1298 550 1357 soli
572 1298 636 1358 Deo
656 1299 772 1376 propria
792 1299 851 1360 sint
873 1301 1023 1360 exclusive
1044 1301 1082 1360 ad
1105 1302 1267 1378 Crenturas,

61 1398 109 1436 nou
123 1385 218 1456 potest
232 1397 295 1437 non
311 1399 376 1438 esse
392 1378 481 1454 Deus,
496 1379 606 1455 dequo
626 1379 678 1437 illa
695 1378 898 1458 praedicantur.
940 1380 1020 1440 TaIIs
1041 1390 1086 1441 est
1099 1381 1267 1458 AEtemitas,

104 1509 148 1556 m
179 1510 241 1557 ‚m
315 1478 383 1535 qun
404 1458 448 1518 illi
469 1458 607 1520 tribuitur
625 1478 685 1518 non
707 1461 805 1536 semol,
827 1469 861 1520 ut
874 1481 963 1538 quum
985 1461 1100 1538 dicitur,
1121 1463 1270 1538 Sapientia

96 1539 105 1554 ⁴
150 1525 187 1555 Μ
243 1541 250 1554 “
307 1539 402 1614 filim
421 1541 502 1614 apud
523 1541 618 1598 Deum
638 1541 674 1598 ab
694 1540 773 1599 initio
792 1541 845 1600 vite
864 1562 931 1618 rure,
953 1551 981 1600 et
999 1543 1034 1600 ab
1055 1551 1160 1601 atam
1183 1543 1268 1618 pria·

63 1617 170 1694 c'pctam
196 1619 332 1678 labaim
361 1639 381 1678 a
403 1619 546 1695 principio
574 1628 639 1680 aare
666 1630 781 1695 mam,
812 1622 899 1682 Pror.
928 1622 989 1681 viii.
1018 1626 1067 1682 tr.
1091 1622 1268 1700 Sapientiam

64 1700 128 1756 enim
147 1699 193 1758 hic
213 1700 403 1777 personalem
423 1699 518 1760 notari
539 1709 641 1776 postea
660 1701 837 1778 probabitur.
880 1702 971 1760 Mieh.
986 1723 1016 1761 v.
1031 1706 1059 1777 2,
1075 1704 1154 1779 quod
1174 1723 1266 1780 cyres-

64 1799 102 1836 ιιι
120 1781 175 1854 ejus
191 1782 314 1857 fuerat
335 1801 357 1838 a
380 1781 474 1839 dimas
495 1781 587 1855 seculi,
608 1780 659 1840 ubi
681 1781 789 1842 mentio
810 1781 844 1840 fit
868 1782 993 1859 duplicis
1015 1803 1166 1859 egressus,
1195 1783 1269 1842 ulter

67 1860 108 1935 qni
118 1862 234 1934 fatam
255 1869 323 1920 erat
339 1859 513 1937 intempore
527 1861 727 1934 Bethlehemo,
743 1881 781 1920 ex
796 1861 932 1920 Patribus
946 1863 1042 1938 quoad
1062 1871 1194 1922 naturam
1214 1862 1267 1922 hu-

66 1957 172 2016 manam,
183 1943 237 2000 Em
251 1951 279 2001 te
293 1941 367 2000 mili
373 1941 624 2018 pradilitfirtarta
635 1942 808 2000 Domiuotor
815 1965 827 2014 ;
841 1940 915 2000 alter
923 1942 1095 2018 proeoerltua
1108 1961 1159 2002 seu
1173 1943 1269 2019 potius

67 2027 174 2080 eternus
200 2041 254 2100 per
283 2021 505 2100 generationem
533 2020 691 2080 secundum
714 2031 847 2082 usturam
875 2020 1004 2080 divinam
1028 2040 1047 2081 a
1071 2022 1178 2100 Patre,
1192 2026 1269 2098 cajus

68 2118 176 2174 consur
189 2102 255 2161 hade
269 2123 293 2161 a
312 2102 456 2178 priuapio
476 2111 503 2160 et
521 2103 616 2161 dietus
636 2101 728 2176 seculi,
750 2121 787 2162 ne
802 2101 867 2178 quis
887 2109 1002 2178 putatet
1016 2101 1137 2179 eoepisse
1152 2101 1269 2160 demum

68 2179 175 2240 existere
189 2201 256 2240 eum
275 2201 372 2260 quum
393 2190 478 2241 uetus
499 2189 553 2242 est.
596 2180 727 2240 Vocatur
739 2182 855 2240 Pramus
869 2190 895 2240 et
907 2182 1078 2257 sebusiana,
1095 2182 1145 2258 qai
1157 2191 1203 2256 eet,
1220 2182 1271 2259 qai

69 2269 127 2334 erat,
140 2270 164 2319 at
176 2263 226 2339 qai
234 2272 375 2322 aestum
385 2272 432 2338 ert,
445 2261 540 2340 Apoc.
554 2261 575 2322 i.
589 2265 617 2336 8,
630 2263 720 2322 Pater
730 2261 901 2338 aternitatis,
918 2262 977 2322 Isa.
988 2263 1029 2321 ix.
1042 2265 1069 2338 6,
1085 2280 1139 2320 nec
1153 2261 1267 2321 initium

69 2337 170 2417 diemm,
191 2363 245 2402 nec
266 2343 361 2402 finem
375 2343 444 2402 vitre
464 2343 584 2419 babens,
600 2341 677 2402 Heb.
693 2342 743 2402 rii.
759 2346 787 2401 3.
824 2342 898 2402 Hsee
919 2342 995 2402 enim
1009 2342 1079 2402 talia
1093 2350 1162 2403 sunt
1183 2351 1216 2403 ut
1237 2343 1268 2402 in

71 2416 232 2482 durationem
245 2423 365 2482 finitum
379 2431 409 2482 et
422 2422 610 2500 temporalem
624 2421 726 2482 cadere
739 2443 799 2481 non
812 2423 933 2500 possint.

102 2499 182 2561 xlv.
204 2503 274 2564 Huc
293 2503 419 2582 pertinet
432 2503 522 2578 locus,
538 2502 589 2578 Jo,
604 2502 624 2562 i.
640 2506 666 2579 l,
682 2503 732 2564 nbi
746 2504 846 2564 Samo
857 2504 1060 2578 dicitur-suiset
1073 2503 1103 2562 in
1111 2503 1266 2580 prinepio,

69 2597 116 2636 ron
128 2582 222 2660 utique
236 2584 269 2642 in
290 2584 436 2662 puemitia
448 2583 609 2660 Eaaaqetit,
625 2602 677 2644 seu
696 2603 781 2644 novae
796 2584 965 2660 creationis,
980 2594 1013 2645 ut
1027 2584 1137 2644 vellent
1152 2583 1266 2644 Adver-

72 2660 134 2734 sarii,
148 2662 240 2722 sedin
256 2665 407 2742 ρνίιισῄιίο
421 2665 561 2741 temporis,
576 2663 645 2742 quie
658 2683 717 2728 non
731 2665 810 2724 aliud
824 2665 871 2723 hic
885 2664 1058 2742 principium
1071 2664 1195 2741 intelligi
1216 2684 1266 2741 po·

71 2747 124 2814 test,
136 2761 219 2819 qnam
232 2743 265 2804 id
279 2744 321 2803 de
336 2765 394 2822 quo
408 2745 470 2822 agit
480 2745 588 2818 Moses,
602 2744 677 2804 Gen.
685 2744 705 2804 i.
717 2748 743 2820 l,
758 2744 884 2822 adquod
897 2745 1048 2804 manifeste
1059 2744 1172 2818 alludit,
1187 2744 1267 2821 quod

73 2815 229 2883 bnomnat
243 2845 354 2902 scopus
368 2825 486 2901 Joanu,
502 2825 552 2902 qui
571 2831 616 2882 est
629 2823 792 2884 describere
807 2824 965 2884 Personam
979 2825 1096 2899 Christi,
1108 2825 1212 2902 partim
1228 2825 1265 2884 nb

73 2902 181 2976 eoquod
193 2903 248 2964 tuit
261 2914 334 2964 ante
350 2905 591 2978 Incarnationcm,
606 2904 673 2963 inde
687 2925 706 2962 a
725 2905 874 2983 principio,
896 2905 1001 2981 partim
1015 2905 1052 2962 ab
1067 2923 1101 2964 eo
1115 2903 1194 2981 quod
1207 2904 1266 2962 Iac-

73 2985 169 3041 tuest
190 3004 243 3061 per
268 2985 513 3061 Incamationem,
537 2985 588 3044 nbi
611 2984 703 3044 utitur
724 2984 814 3044 verbo
829 2985 916 3055 ἰγὲιιτο
939 3003 998 3041 non
1020 3002 1090 3042 vero
1114 2983 1204 3042 verbo
1229 2979 1265 3050 t».

76 3055 170 3121 lleinde
182 3084 229 3124 res
242 3065 312 3144 ipsa
325 3065 380 3125 hoc
394 3065 518 3142 evincit,
540 3085 609 3124 nam
622 3065 670 3122 cni
680 3063 837 3124 veriumile
851 3073 896 3124 est
903 3064 925 3124 J
927 3064 1070 3122 ohannem
1083 3062 1139 3121 hoc
1152 3071 1265 3122 tantum

74 3139 191 3216 voluisse,
208 3145 391 3220 Sermonem,
405 3145 445 3205 id.
461 3145 608 3205 Christum
623 3143 718 3204 Patris
731 3153 874 3203 oratorem
891 3143 954 3220 jem
968 3142 1057 3202 suis'se
1078 3142 1108 3199 in
1125 3142 1266 3218 principio

76 3215 219 3309 Ermgelii,
229 3225 269 3284 id.
284 3245 350 3284 cum
360 3225 555 3304 Evangelinm
568 3223 725 3304 predicare
738 3224 900 3301 inciperet?
920 3223 993 3282 Tam
1006 3221 1149 3282 absurdus
1164 3241 1267 3282 sensus

76 3295 195 3373 Spiritum
210 3305 241 3366 S.
255 3325 320 3364 mon
333 3304 424 3366 decet.
782 3315 785 3322 ‘

109 3377 173 3441 XV.
192 3383 283 3444 ioan.
299 3385 360 3444 viii.
375 3388 422 3462 ⁵8,
437 3386 597 3462 Antequam
610 3386 758 3444 Amatam
771 3385 903 3444 astera
914 3403 964 3462 eqo
977 3404 1047 3459 sam,
1065 3383 1144 3461 quod
1163 3403 1265 3462 perpe-

77 3473 126 3515 ram
139 3460 306 3525 Adversarii
319 3467 437 3525 trahunt
451 3466 490 3525 ad
504 3465 798 3542 Proedestinstionem,
814 3474 848 3525 ut
860 3464 973 3528 dicatm
986 3464 1074 3524 fuisse
1088 3473 1155 3524 ante
1169 3465 1265 3524 Abra·

77 3533 176 3599 hemum
194 3547 308 3606 ratione
328 3546 604 3624 predestinationis3
626 3545 772 3624 quianon
795 3545 936 3624 agebatur
957 3545 993 3604 de
1014 3545 1266 3623 praedestinatione

82 3613 177 3706 Christi,
192 3625 242 3684 sed
256 3627 295 3685 de
309 3627 380 3685 reali
394 3627 557 3699 existentis,
581 3624 724 3703 siquidem
743 3626 865 3704 quaestio
885 3635 955 3702 erat,
972 3626 1022 3685 An
1035 3645 1103 3686 vere
1123 3626 1266 3704 potuisset

81 3691 159 3758 &⁰0¹0
172 3703 303 3767 Christus
317 3706 517 3766 Abrahemum
531 3707 607 3766 diem
622 3725 706 3768 suum
719 3707 838 3783 vidisse,
859 3706 938 3784 quod
951 3707 973 3766 J
974 3706 1051 3765 udaei
1067 3706 1098 3764 in
1111 3707 1168 3765 ista
1181 3713 1266 3763 aetate

84 3770 225 3843 dtChristo
244 3787 401 3865 negabant,
420 3787 553 3848 Christus
574 3794 671 3846 autem
690 3786 819 3864 affirmat,
843 3787 954 3847 ratione
976 3785 1043 3846 iude
1065 3786 1164 3863 petita,
1188 3783 1266 3862 qnod

86 3862 214 3934 mtequnm
228 3865 415 3926 Abrahnmns
428 3867 538 3942 finisset,
552 3867 614 3944 jam
629 3867 775 3926 existerat.
818 3867 914 3926 Multo
928 3866 1023 3924 minus
1037 3865 1150 3926 admitti
1170 3871 1267 3941 potest

87 3933 164 3996 ‘Idu
174 3941 228 4004 elia
249 3947 349 4007 Socini
370 3946 540 4025 comuptela,
562 3947 613 4024 qui
630 3946 693 4006 brec
707 3947 797 4007 rerba
817 3945 859 4005 ita
880 3945 1267 4023 interpretamentum

87 4011 306 4103 ‘ilffllmufieret
322 4028 384 4086 scil.
398 4028 489 4086 Pater
499 4029 630 4104 pentum,
646 4045 676 4086 se
691 4026 797 4102 fuisse,
819 4026 888 4102 quis
901 4045 960 4084 non
973 4025 1070 4101 agitur
1082 4025 1131 4082 hic
1144 4024 1180 4083 de
1194 4033 1266 4082 tcm-

86 4107 141 4181 ΡῩΝ
153 4117 204 4174 quo
213 4107 351 4166 vocandae
365 4117 448 4166 erant
461 4115 571 4185 gentes,
587 4107 639 4168 sed
653 4106 689 4166 de
703 4125 738 4166 eo
749 4126 807 4183 quo
818 4104 968 4164 Abraham
978 4105 1101 4181 uixerat,
1116 4103 1195 4180 quod
1208 4122 1268 4162 non

87 4171 217 4242 udebatuf
233 4187 373 4263 Christus,
396 4187 446 4264 qni
468 4188 643 4247 minoraret
664 4185 920 4263 quinquagenario,
936 4183 1063 4262 potuisse
1085 4183 1268 4261 precedam

87 4255 290 4344 sordentum,
306 4267 357 4328 sed
378 4267 415 4326 de
435 4267 589 4345 praeterito.
632 4265 743 4326 Eodem
765 4285 852 4326 sensu
866 4263 972 4324 dicitur
985 4264 1117 4324 Christus
1130 4262 1267 4322 habuisse

90 4329 191 4402 gloriam
208 4346 283 4422 apud
305 4348 430 4422 Patrem,
453 4357 607 4426 antequam
628 4346 755 4406 mundus
777 4345 869 4404 sactus
888 4351 973 4420 esset,
988 4344 1055 4403 Joa.
1070 4343 1142 4404 xvii.
1158 4345 1186 4419 5,
1209 4362 1268 4402 non

91 4415 269 4500 tantu¹11,qnia
289 4427 345 4504 ipsi
366 4428 485 4488 aPstre
503 4428 705 4505 predestinata
719 4436 771 4502 est,
788 4424 839 4485 sed
853 4425 939 4484 etiarn
954 4424 1023 4501 quia
1042 4423 1122 4484 illam
1143 4431 1210 4483 actu
1231 4425 1269 4484 ab

90 4497 178 4555 “ism
196 4507 327 4582 possedit,
342 4508 422 4585 quod
441 4527 500 4566 non
521 4509 670 4584 potuisset,
690 4507 747 4566 nisi
764 4508 826 4584 jam
840 4505 993 4565 extitisset.
1036 4504 1138 4566 Gratia
1151 4503 1268 4581 quidem

94 4579 170 4640 tmesi
181 4584 258 4646 uobis
270 4587 327 4646 dici
341 4587 410 4648 data
422 4608 441 4647 a
449 4589 513 4647 Deo
527 4609 578 4666 per
591 4587 872 4666 praedestinationem
886 4595 1040 4664 antequam
1052 4585 1151 4661 simus,
1163 4591 1181 4646 2
1193 4587 1269 4646 Tim.

72 1269 92 1315 2
108 1269 296 1316 Abattributie.

94 4641 109 4702 l·
121 4651 143 4726 t,
156 4659 200 4719 ted
212 4664 329 4741 gloriam
343 4687 428 4728 nemo
442 4677 538 4746 potest
551 4669 610 4730 dici
623 4667 729 4728 hebere
743 4678 810 4730 actu
823 4668 880 4728 rrisi
894 4667 944 4745 qui
958 4675 1024 4728 actu
1038 4665 1147 4726 erdstit.
