3158 5190
264 355 302 413 68
728 365 819 409 nocua
834 365 991 410 succuum.
1294 343 1421 428 [esaar.
1436 363 1479 409 ve·
1560 325 1561 346 ³

238 541 242 550 =
264 513 330 570 loco
344 530 406 570 esse
420 508 522 586 voluit,
538 509 636 567 curam
651 507 776 586 gessisse
790 507 951 568 censendus
965 511 1019 584 est,¹
1042 525 1078 566 ne
1093 505 1209 584 quid'in
1223 524 1259 565 eo
1273 511 1469 585 corrumpere·
1560 505 1561 540 ³

266 601 327 667 tur;
342 591 468 650 maxime
482 608 548 648 cum
563 587 672 647 similes
681 589 858 666 corruptelas
871 586 1030 666 prtevidere
1039 595 1069 646 et
1078 587 1220 665 impedire
1234 587 1320 646 facile
1332 590 1468 666 potuerit,

265 672 303 732 ad
317 669 542 731 confirmandam
557 667 696 728 Ecclesiae
711 687 770 728 suae
784 667 893 728 fidem?
1560 693 1561 732 r

306 750 397 810 VIII.
420 750 557 826 Quatuor·
575 749 720 842 praecipua
747 748 930 826 Argumenta
951 754 1018 807 sunt
1041 745 1222 824 Integritatis
1246 746 1411 823 Scripturas,
1441 755 1471 807 at

267 830 405 890 Puritatis
419 829 551 889 fontium.
585 831 611 886 l.
627 826 808 904 Prrmarium,
818 829 877 887 Dei
888 827 1079 902 Providentia,
1090 826 1140 903 qui
1153 835 1186 886 ut
1198 826 1362 904 prospicere
1376 827 1471 887 voluit

265 909 334 969 fidei
347 919 461 986 nostres,
479 906 672 986 Scriptoribus
688 907 784 968 Sacris
798 907 964 986 inspirando
977 925 1042 984 quaa
1064 905 1228 981 scriberent,
1244 913 1274 964 st
1293 905 1472 983 Scripturarn

267 989 464 1049 conservando
478 997 578 1048 contra
592 987 717 1046 hostIum
731 987 887 1063 molimine,
902 987 953 1064 qui
973 986 1046 1043 nihil
1059 985 1231 1044 intentatum
1244 985 1425 1062 reliquerunt
1438 997 1471 1044 ut

267 1089 330 1129 eam
340 1069 482 1144 delerent;
505 1069 552 1127 Ita
566 1087 629 1126 eam
643 1087 744 1146 puram
758 1076 787 1126 et
801 1069 999 1127 Intemeratam
1013 1065 1101 1124 tutari
1115 1064 1215 1125 debuit
1228 1064 1370 1124 adversus
1384 1065 1470 1124 salaa-

266 1149 374 1208 riorum
388 1147 573 1226 corruptelas,
587 1155 623 1206 'ut
643 1146 717 1206 fides
738 1155 837 1206 nostra
858 1146 973 1206 firmum
995 1164 1108 1222 semper
1129 1145 1248 1203 haberet
1265 1143 1390 1204 fulcrum
1411 1165 1471 1224 quo

267 1230 425 1289 niteretur:
457 1233 484 1288 2.
506 1229 674 1287 Jadaeorum
700 1227 808 1304 religio,
831 1227 882 1304 qui
908 1225 946 1284 ad
974 1224 1205 1302 superstitionem
1232 1242 1324 1300 usque
1353 1224 1471 1285 solliciti

268 1309 384 1368 iuuerunt
406 1327 518 1386 semper
539 1307 576 1366 de
597 1306 676 1366 fideli
700 1324 845 1366 sacrorum
861 1305 998 1366 Codicum
1013 1304 1153 1363 custodia.
1195 1305 1222 1362 3.
1238 1305 1472 1363 Maaoretharum

268 1389 420 1466 diligentia,
435 1389 486 1465 qui
508 1387 584 1446 notis
607 1386 667 1446 suis
690 1387 879 1464 sepimentum
893 1384 985 1445 veluti
1000 1383 1074 1461 Legi
1095 1393 1298 1462 apposuerunt,
1313 1403 1352 1442 na
1365 1387 1473 1444 mutari

267 1469 412 1528 ullatenus
426 1467 474 1526 vel
488 1466 631 1543 conumpi
643 1475 751 1543 posset.
794 1469 821 1524 4.
838 1464 1057 1542 Exempluriam
1070 1483 1201 1522 numerus
1214 1473 1244 1523 ot
1257 1465 1404 1540 multitdo,
1420 1485 1474 1542 per

267 1569 354 1626 quam
382 1548 498 1622 fectum,
527 1553 560 1605 ut
586 1545 613 1605 si
640 1545 764 1623 quidam
785 1545 907 1606 Codices
933 1544 1076 1622 corrumpi
1103 1543 1256 1622 potuerint,
1285 1562 1345 1602 uon
1372 1552 1471 1604 tamen

268 1647 376 1688 omnes.

571 1705 630 1764 IX.
654 1704 839 1783 Quaecunque
866 1705 897 1763 in
918 1703 1072 1782 Scripturis
1095 1703 1235 1781 reperitur
1256 1704 1399 1776 ὶπιληίι,
1421 1725 1472 1782 ap-

327 1773 496 1880 rapimur-
527 1805 631 1864 pareus
644 1793 698 1862 est,
712 1804 771 1844 uon
785 1805 871 1862 vera;
893 1785 983 1845 nostri
996 1791 1128 1861 respectu
1144 1791 1257 1842 tantum
1270 1783 1472 1862 intelligenda,

450 1864 458 1878 '
529 1865 580 1944 qui
594 1884 764 1924 consensum
775 1867 839 1944 ejus
847 1865 954 1943 ubique
965 1883 1080 1922 cernere
1089 1871 1119 1922 et
1126 1883 1227 1940 capere
1239 1883 1296 1922 nou
1307 1883 1472 1942 possumus,

268 1945 392 2006 sednon
406 1945 437 2004 in
450 1945 566 2024 reipsa.
609 1945 687 2004 Etsi
705 1945 843 2022 legitimae
865 1943 1100 2004 contradictionis
1121 1943 1202 2020 leges
1224 1943 1423 2016 observentur,
1439 1955 1474 2004 ut

268 2035 400 2184 {iffi
406 2035 598 2183 iiiiii}
609 2025 1475 2189 :tssszffttsttttttltttthttttttt

268 2188 349 2246 varia
363 2188 514 2258 ἰκκιοφινῖ
532 2188 693 2264 Scripturas.
737 2187 811 2245 Nam
825 2186 873 2245 vel
895 2188 930 2244 de
951 2185 1046 2242 eodem
1067 2191 1188 2242 nonest
1210 2203 1312 2259 sermo,
1336 2194 1370 2244 ut
1383 2203 1474 2262 quum

268 2266 398 2326 Jacobus
420 2267 558 2325 adscribit
576 2265 813 2342 justificationem
835 2265 979 2342 operibus,
994 2283 1081 2341 quam
1104 2261 1212 2322 Paulus
1234 2261 1361 2323 detrahit
1382 2265 1474 2342 Ipsis:

269 2345 324 2404 Illa
339 2346 415 2404 enirn
433 2345 469 2403 dc
483 2345 681 2424 juatgricats'one
703 2348 813 2421 effectam
835 2343 1010 2403 declarativa
1032 2362 1049 2401 a
1070 2343 1221 2420 posteriori
1241 2343 1387 2422 loquitur;
1411 2345 1476 2405 Ista

268 2443 337 2484 vero
351 2423 387 2482 de
401 2424 604 2502 Justifieatr'one
617 2444 709 2483 carasoe
723 2445 740 2483 a
753 2424 851 2502 priori.
892 2424 939 2482 Sic
960 2423 1031 2483 Luc.
1046 2423 1087 2481 vi.
1102 2425 1149 2498 36,
1172 2423 1338 2501 precipitur
1360 2426 1472 2484 miseri·

268 2503 374 2580 cordia,
390 2505 487 2562 Estote
507 2505 707 2581 waranceras,
727 2524 793 2581 quse
806 2511 929 2580 vetetur,
946 2503 1032 2562 Deut
1048 2503 1109 2560 xix.
1128 2505 1172 2578 13,
1188 2505 1257 2562 Non
1276 2505 1473 2579 miserabem5

270 2583 348 2642 Illud
370 2583 406 2642 de
428 2581 558 2660 privatis,
581 2585 637 2642 hoe
651 2603 721 2642 vero
744 2584 780 2643 de
795 2583 1024 2661 Magistratibus.
1066 2581 1124 2641 Vel
1145 2602 1204 2642 non
1225 2587 1377 2644 secundam
1400 2587 1479 2645 idern

268 2663 411 2740 dicuntur,
427 2673 460 2722 ut
475 2663 579 2723 Matth.
596 2663 678 2722 xxvi.
692 2665 737 2740 15,
752 2671 876 2742 negatur
889 2663 1042 2741 praesentia
1056 2662 1163 2722 Christi
1178 2663 1208 2720 in
1222 2663 1340 2740 mundo,
1350 2667 1403 2724 Me
1417 2687 1474 2724 nen

267 2763 377 2820 semper
398 2745 535 2818 habebitis,
551 2752 581 2803 et
602 2763 663 2822 cap.
680 2747 728 2819 28,
744 2746 792 2820 20,
816 2743 916 2803 eadem
938 2742 1122 2820 promittitur,
1140 2745 1205 2802 Ero
1225 2744 1364 2804 reducum
1385 2767 1474 2824 mpure

268 2826 310 2883 od
328 2825 589 2883 consummationes
602 2825 688 2884 seculi
696 2847 708 2898 ,·
730 2823 809 2883 Illud
823 2831 955 2901 respectu
976 2831 1087 2882 naturae
1105 2823 1247 2900 humanae,
1263 2833 1292 2883 et
1308 2827 1477 2903 praesentim·

268 2905 440 2983 corporalis3
469 2905 524 2964 hoc
538 2925 608 2964 vero
630 2924 676 2964 res
714 2913 762 2963 ctu
776 2903 883 2962 divinae
904 2912 933 2962 et
953 2903 1113 2980 prseseutiae
1131 2903 1296 2981 spiritualis.
1341 2905 1399 2964 Vel
1414 2927 1473 2965 uon

166 3031 172 3046 .
267 2987 310 3045 ad
320 2986 411 3045 idem:
432 2994 465 3046 ut
478 3005 567 3064 quum
581 2985 671 3063 aliqui
705 2984 845 3060 absolute,
856 2983 935 3042 aliud
943 3002 1012 3041 vero
1026 2993 1189 3060 comparate
1203 2983 1325 3062 dicitur3
1347 2987 1476 3046 Horrore

264 3075 379 3144 patrem
401 3076 486 3142 herm,
509 3075 539 3125 et
561 3065 631 3125 Luc.
653 3065 714 3123 xiv.
730 3068 778 3139 26,
800 3065 836 3124 ss·
856 3065 916 3141 qaia
939 3083 996 3122 aon
1018 3063 1109 3121 oderit
1126 3073 1242 3140 putrem
1262 3085 1362 3124 ruem:
1393 3066 1474 3127 Illud

268 3146 416 3224 absolute3
438 3147 494 3206 hoc
508 3153 671 3224 comparate
685 3144 914 3223 intelligendum,
925 3163 977 3220 pro
991 3163 1026 3202 eo
1034 3142 1112 3220 quod
1127 3151 1171 3202 est
1185 3144 1280 3203 miuus
1294 3145 1429 3222 diligere,
1444 3155 1478 3205 et·

267 3227 439 3304 posthabere
454 3227 577 3286 Christo.
620 3225 678 3284 Vel
699 3245 757 3285 non
776 3227 872 3284 ecdem
886 3233 1008 3300 tempore
1016 3247 1028 3296 ,·
1048 3222 1125 3282 unde
1139 3223 1221 3300 illud,
1242 3225 1392 3302 Dircam
1406 3235 1473 3285 tem·

262 3325 342 3381 pora
361 3316 388 3364 et
405 3307 562 3365 concdiabrsss
575 3305 758 3382 &neurus
780 3305 822 3364 sic
843 3303 930 3363 modo
952 3303 1101 3363 extollitur
1115 3303 1310 3380 circumcisio,
1333 3315 1474 3382 tanquam

267 3403 405 3460 maguum
429 3384 599 3444 Judaeorum
620 3383 814 3462 privilegium,
839 3385 924 3442 Rom.
947 3383 986 3442 iii.
1009 3387 1038 3459 2,
1061 3383 1148 3442 modo
1170 3384 1347 3462 deprimitur,
1371 3394 1405 3445 ut
1428 3406 1476 3446 res

267 3461 359 3538 nihili,
376 3463 442 3524 Gal.
457 3484 486 3521 v.
503 3466 530 3540 3,
546 3462 598 3522 aad
620 3462 693 3522 illud
714 3462 751 3522 de
765 3463 803 3523 V.
819 3463 853 3520 Τ.
873 3470 1001 3540 tempore
1035 3483 1073 3523 uo
1095 3462 1150 3523 fuit
1166 3467 1380 3524 Sacramentum
1395 3466 1474 3525 ordi·

267 3542 380 3602 narium
402 3551 432 3602 et
454 3541 582 3621 sigillum
606 3542 728 3619 justitiae
749 3542 826 3618 fidei,
850 3543 905 3601 hoo
927 3483 1056 3602 vereda
1078 3551 1206 3622 tempore
1229 3545 1385 3622 Evangelii
1406 3557 1476 3622 post
1560 3609 1561 3624 ,

267 3622 434 3700 abrogatam
458 3622 568 3700 Legem
590 3622 824 3680 ceremonialem.
868 3621 958 3681 Modo
985 3624 1138 3683 mittrmtur
1165 3623 1302 3702 Apostoli
1328 3625 1367 3683 ad
1395 3626 1480 3686 solos'

267 3703 390 3764 Judoeos
411 3711 477 3763 anta
498 3703 661 3782 passionem
676 3701 783 3761 Christi
805 3703 941 3762 missione
964 3703 1091 3781 speciali,
1113 3712 1144 3763 et
1161 3705 1351 3782 prohibentur
1372 3706 1413 3764 ire
1436 3707 1476 3765 ad

267 3793 378 3863 gentas,
400 3783 484 3844 Matt
500 3803 529 3841 x.
545 3785 572 3841 5.
615 3782 653 3841 In
665 3782 741 3842 oium
751 3784 875 3860 gestam
887 3804 923 3844 ne
936 3783 1058 3843 uberius
1066 3807 1078 3856 ,·
1099 3783 1185 3844 modo
1199 3784 1237 3843 ad
1257 3803 1357 3846 omues
1371 3795 1478 3864 gonms

267 3865 403 3924 missione
418 3863 546 3943 generali
559 3869 626 3942 post
639 3864 885 3941 resurrectionem,
903 3863 993 3923 Marc.
1009 3863 1070 3922 xvi.
1088 3865 1134 3923 15.

308 3945 350 4004 Χ.
373 3945 456 4005 Licet
469 3943 665 4023 iutegritatem
679 3943 840 4004 absolutam
861 3945 1021 4004 tribuamus
1037 3943 1201 4022 Scripturas,
1216 3965 1274 4004 nou
1289 3944 1355 4004 ideo
1376 3953 1476 4006 tamen

266 4045 416 4088 censemus
431 4024 633 4102 Exseriptores
646 4023 695 4083 vel
708 4024 888 4102 Typothetas
905 4023 1079 4091 bannim
1094 4023 1201 4100 brisse;
1224 4024 1276 4084 sed
1290 4033 1403 4086 tantm
1420 4027 1478 4086 Dei

267 4105 482 4166 Providentiam
496 4104 665 4184 iuvig'lusse
679 4123 824 4166 sacrorum
844 4104 983 4166 librorum
1003 4105 1198 4183 exscriptioni,
1214 4114 1247 4164 ut
1260 4105 1316 4163 etsi
1328 4107 1479 4182 potuerint

264 4185 388 4263 irrepere
402 4185 476 4245 varii
489 4205 608 4263 amores,
623 4205 681 4244 non
695 4183 861 4263 irrepseriut
873 4193 978 4263 tamen,
993 4185 1042 4244 vel
1055 4204 1114 4243 non
1128 4185 1169 4244 ite
1182 4185 1212 4242 in
1223 4184 1345 4244 Codices
1353 4185 1477 4263 irrepse-

265 4263 331 4338 rint,
347 4266 418 4342 quin
431 4286 469 4325 ex
483 4267 636 4326 collatione
655 4265 784 4341 aliorum,
800 4265 848 4325 vel
864 4265 1019 4344 Scriptura
1033 4265 1123 4342 ipsius
1136 4265 1212 4324 inter
1225 4284 1264 4342 se,
1280 4265 1376 4324 sanari
1390 4265 1481 4325 facile

266 4343 386 4420 possint.
429 4345 532 4422 Itaque
545 4345 763 4407 fundamentum
777 4345 910 4423 puritatis
924 4354 953 4406 et
966 4345 1141 4423 integritatis
1151 4345 1282 4422 fontium,
1297 4364 1355 4404 non
1365 4357 1475 4423 ponen-

266 4421 335 4480 dum
349 4431 396 4481 est
415 4423 444 4480 in
465 4424 612 4485 hominum
633 4426 815 4507 despuenda
838 4425 889 4485 sed
909 4426 939 4484 iu
954 4424 1011 4484 Dei
1029 4424 1220 4502 providentia,
1236 4443 1310 4502 que,
1325 4433 1476 4502 utcunque

265 4500 397 4560 homines
411 4501 441 4558 in
459 4504 548 4563 meris
568 4505 675 4564 Literis
695 4505 892 4565 descrIbaudis
912 4505 1046 4584 occupati
1065 4504 1162 4564 varios
1181 4523 1293 4564 errores
1313 4503 1476 4564 admiscere
1560 4501 1561 4568 l

264 4580 418 4660 potuerint,
441 4579 542 4643 sedulo
565 4592 662 4642 tamen
684 4603 797 4663 semper
818 4584 896 4644 cavit
918 4593 951 4644 ut
972 4585 1191 4662 corrigerentur,
1206 4584 1255 4644 vel
1268 4584 1374 4662 corrigi
1388 4583 1476 4643 saelle

262 4669 382 4742 possent
395 4661 444 4722 vel
457 4680 495 4722 ex
511 4661 666 4741 Scriptura
678 4663 770 4741 ipsius
784 4663 947 4741 collatione,
962 4665 1012 4723 vel
1025 4683 1063 4724 ex
1076 4664 1288 4742 probatioribus
1304 4663 1475 4724 codicibus.
