3044 5180
208 353 267 410 326
669 365 760 406 nocue
774 364 917 414 curuum.
1214 341 1336 442 [pumen.
1351 365 1398 405 ιιι.
1468 423 1473 430 .

209 509 337 568 fidelium
359 526 422 566 ecee
441 524 558 568 exerere
576 504 689 580 debent,
714 523 773 564 non
786 504 852 564 ideo
872 503 973 583 regeri
996 510 1091 582 potest
1114 501 1337 564 misericordium
1351 505 1400 564 Dei

210 587 305 648 Petritr
318 607 357 646 ex
367 585 494 664 gratuite
507 584 647 644 electione
660 583 798 644 fluentem
811 583 859 644 hic
872 585 968 644 locum
989 601 1053 644 esee
1066 581 1249 658 babituram
1270 603 1333 642 curn
1347 585 1401 643 vita

210 675 317 727 mternu
335 665 421 725 nobie
433 665 519 724 detur
535 663 733 724 utheereditce
752 663 878 724 filiorum
891 683 929 722 ex
949 661 1130 740 beneplecito
1152 661 1257 738 Petris,
1273 661 1341 722 Luc
1354 663 1401 720 rii.

210 749 258 806 32.
279 744 523 822 Netimcpueillc
540 763 623 820 prex,
645 743 1037 820 nambeueplucitumPatrm
1057 751 1097 801 eet
1117 742 1167 800 uti
1184 743 1404 820 careium

210 827 250 886 Et
263 825 369 884 Metth.
383 843 456 883 xxv.
472 825 521 883 34.
539 823 635 882 Venite
647 823 782 882 benedieti
788 822 887 882 Petrei
899 822 962 916 pei,
974 823 1115 915 incredule
1132 840 1252 897 regnum
1263 821 1335 882 uobis
1350 841 1406 898 pa-

213 1062 271 1122 Sed
284 1063 371 1122 etiem
391 1062 431 1120 ed
442 1061 539 1136 finem,
554 1060 676 1120 sulutem
696 1060 832 1121 nimirum
851 1061 953 1137 iprum,
968 1067 998 1119 et
1011 1059 1101 1119 vitem
1115 1067 1262 1136 ueternum,
1277 1062 1296 1118 2
1310 1059 1410 1119 There.

211 1142 242 1200 ii.
259 1145 295 1201 13
307 1164 315 1216 3
337 1145 356 1200 ιι
370 1141 446 1200 Tim.
461 1142 480 1200 'n
495 1143 513 1200 9
525 1164 533 1218 ;
556 1140 640 1200 Rom
655 1141 694 1200 vi.
710 1143 758 1216 23,
774 1149 803 1200 et
816 1139 885 1198 elibi
900 1159 985 1217 empe.

253 1219 396 1280 XXXV.
418 1220 532 1280 Electio
546 1239 611 1297 qum
631 1219 664 1279 fit
683 1219 759 1279 inter
778 1219 917 1297 diepmee,
932 1227 963 1279 et
982 1217 1141 1278 secundum
1154 1216 1330 1278 inhaerentes
1343 1237 1413 1295 que-

211 1300 317 1375 litetee,
327 1300 390 1363 lieri
397 1299 485 1359 debet
498 1300 563 1377 ejue
576 1298 654 1376 quod
667 1307 713 1358 eet
724 1299 828 1358 melius
839 1321 847 1376 ς
863 1297 916 1358 sed
927 1318 986 1358 non
1000 1296 1100 1358 eedem
1113 1305 1159 1356 eet
1172 1297 1246 1356 mtic
1257 1296 1338 1356 illiue
1349 1317 1416 1374 quae

211 1381 245 1438 fit
258 1381 333 1439 inter
345 1399 438 1458 perce,
453 1387 483 1439 et
502 1379 533 1437 in
553 1377 654 1438 eedem
666 1377 782 1438 miserie
802 1378 982 1452 constitutor,
1005 1386 1074 1436 tunc
1089 1375 1167 1436 enim
1185 1375 1337 1453 eliguntur
1356 1395 1416 1434 nen

210 1457 353 1533 meliores,
369 1458 421 1518 sed
434 1477 516 1536 mque
529 1457 607 1532 meli,
622 1457 738 1516 utboni
752 1457 830 1533 finnt,
845 1477 911 1535 qum
925 1455 1074 1518 electionis
1087 1463 1193 1514 noetm
1206 1463 1253 1514 eet
1267 1455 1404 1516 conditio.

253 1537 413 1596 XXXVI.
435 1535 574 1612 Quemvis
589 1536 778 1596 sanctificatio
792 1537 831 1596 eit
844 1545 913 1596 note
933 1555 951 1594 e
963 1533 1114 1613 posteriori
1129 1533 1302 1610 Electionie,
1315 1553 1374 1614 que
1384 1544 1416 1595 et

211 1616 297 1675 nobie
310 1616 473 1692 innotescit,
495 1623 525 1674 et
546 1614 612 1673 eliis
631 1615 665 1673 fit
684 1615 845 1691 manifeste,
867 1635 925 1693 quo
946 1634 1032 1674 eeneu
1054 1613 1171 1689 Paulus,
1192 1613 1305 1674 etim.
1320 1614 1351 1674 ii.
1366 1619 1414 1688 21,

211 1695 282 1754 dicit
295 1715 358 1755 eum
372 1695 422 1772 qui
432 1716 462 1754 re
470 1693 647 1772 perpererit,
661 1697 732 1769 scre
744 1715 796 1754 vae
809 1697 851 1754 ad
868 1698 959 1768 dcccc,
975 1694 1014 1754 iu
1030 1693 1207 1752 declaratum
1220 1693 1267 1768 iri,
1282 1703 1317 1754 ut
1331 1694 1416 1754 Meti.

211 1777 305 1912 Elii,
321 1783 351 1834 ct
364 1775 451 1835 Jcen.
465 1773 527 1834 viii.
542 1777 602 1834 31:
623 1793 682 1834 nen
695 1783 847 1852 propterea
866 1783 963 1851 petest
975 1773 1085 1834 censeri
1099 1793 1195 1848 ceusu,
1217 1773 1267 1832 vel
1289 1773 1417 1833 conditio

252 1855 382 1914 ectionie.
926 1905 927 1908 ,

667 2093 859 2184 cumeum
880 2092 958 2150 ιιι.

587 2271 626 2311 DE
641 2269 813 2312 ELECTIONIS
826 2268 1035 2310 unumunurn.

246 2410 293 2468 An
306 2411 490 2469 conticuerit
509 2419 535 2468 et
547 2410 724 2470 ἱπιπιιιιαὸιιὺ
743 2421 883 2469 certorum
903 2409 1043 2468 heinricum
1063 2410 1105 2468 ad
1121 2411 1240 2468 cebetem
1254 2411 1390 2470 Elect'ci

621 2488 705 2549 Affir.
728 2498 828 2549 contre
843 2489 992 2550 Remcnet

254 2647 279 2706 1.
307 2646 436 2721 Quaeetio
458 2646 515 2706 iste
536 2646 627 2708 oritur
648 2667 687 2708 ex
706 2647 946 2726 praecedentibus,
971 2655 1001 2707 et
1021 2667 1087 2708 curn
1103 2645 1207 2706 iisdem
1228 2647 1421 2708 Adversuiie

213 2725 298 2786 nobie
311 2723 463 2788 intercedit
474 2748 481 2803 ;
504 2727 532 2786 N
533 2746 566 2786 ec
579 2726 684 2788 mirum
698 2747 748 2788 ece
762 2727 996 2788 incertitudinem
1010 2735 1039 2788 et
1052 2725 1277 2786 mutabilitatem
1291 2728 1420 2789 Electic·

212 2805 259 2865 nie
272 2805 356 2882 tueri,
371 2806 421 2883 qui
439 2825 503 2866 eern
517 2826 535 2866 e
548 2806 713 2868 conditione
726 2807 902 2868 inconetenti
914 2815 945 2867 e't
957 2805 1091 2867 mutabili
1105 2805 1296 2883 mependunt.

254 2885 297 2944 ΙΙ.
320 2884 492 2961 Arminieni,
507 2894 540 2946 ut
553 2884 582 2944 A
621 2887 738 2946 eteeiem
754 2887 924 2946 Sanctorum
939 2893 1081 2962 tueantur,
1098 2885 1258 2945 Electionie
1271 2887 1421 2947 mutabili·

212 2973 303 3026 tetem
322 2973 469 3042 etetnunt;
491 2965 557 3026 idec
599 2966 723 3044 uplicem
745 2985 809 3026 cem
830 2966 965 3044 tingunt:
992 2965 1076 3024 elium
1099 2967 1297 3042 compleam
1316 2973 1348 3026 et
1365 2963 1435 3026 ποκ’

211 3047 433 3124 perceptorum
447 3065 546 3106 eorum
560 3046 610 3124 qui
624 3046 761 3106 credituri
777 3055 854 3123 eunt,
871 3065 937 3124 qum
954 3045 1085 3104 revecari
1097 3045 1189 3124 poerit
1207 3054 1237 3104 et
1249 3045 1336 3106 irrite
1347 3045 1418 3122 fieri,

214 3145 253 3185 ex
266 3125 460 3187 inconetentie
472 3126 630 3202 hominum,
645 3126 696 3203 qui
709 3135 831 3204 pereunt
844 3125 966 3185 deficere
985 3144 1004 3182 e
1016 3124 1092 3202 fide3
1113 3125 1200 3184 elium
1213 3143 1285 3186 vcro
1299 3128 1418 3204 comple·

215 3215 274 3264 tum
287 3215 317 3299 et
324 3207 549 3282 perenpmrium
558 3206 589 3264 in
602 3205 660 3265 fide
673 3205 926 3284 perseverantium,
938 3213 967 3264 et
981 3203 1250 3282 morientiumque
1261 3204 1301 3264 eit
1315 3204 1418 3264 immu-

255 3362 316 3422 ΙΙΙ.
338 3363 502 3422 Orthcdoxi
515 3383 594 3439 vero,
614 3364 682 3424 licet
700 3363 844 3424 fateantur
857 3361 953 3423 verice
973 3370 1055 3422 ectus
1072 3362 1103 3421 in
1120 3363 1262 3424 electione
1275 3361 1419 3442 resignari

213 3459 298 3518 poeee
319 3441 431 3500 ratione
451 3442 597 3501 veriorum
618 3443 805 3520 objectorum,
826 3441 893 3502 finis
915 3442 1025 3502 scilieet
1052 3451 1082 3502 et
1101 3443 1280 3519 mediorum
1309 3451 1418 3522 negaui

214 3529 312 3578 temen
337 3519 515 3596 Scriptumm
538 3522 702 3580 meminisse
729 3524 778 3583 vel
800 3521 979 3583 diversorum
1007 3521 1159 3600 graduum,
1183 3521 1234 3580 vel
1256 3523 1417 3600 specierum

154 3661 159 3672 ,
216 3598 388 3673 Electicnir3
404 3599 456 3658 sed
468 3598 583 3659 unicam
597 3607 709 3660 tentum
723 3621 789 3662 cum
802 3621 846 3678 ee,
856 3601 1027 3680 completum
1038 3601 1299 3680 etperemptnrimn
1312 3621 1417 3680 egnes·

214 3685 303 3754 cunt3
325 3697 384 3736 non
396 3677 575 3738 indefinitum
588 3679 737 3740 hominum
748 3681 934 3758 credentium,
948 3690 979 3741 et
985 3681 1241 3759 perseverantium,
1251 3681 1306 3742 ned
1316 3681 1415 3742 defini·

214 3767 273 3818 tam
287 3765 429 3818 certorum
443 3759 592 3819 hominum
605 3779 643 3818 ex
657 3761 758 3821 eedem
780 3780 875 3821 mesen
888 3769 1022 3838 corrupte
1035 3761 1073 3820 ed
1086 3760 1210 3820 sulutem
1223 3781 1276 3838 per
1289 3771 1321 3822 ct
1334 3781 1416 3842 prop

214 3847 259 3899 ter
273 3838 419 3900 Christum
443 3837 629 3900 obtinendem
647 3839 862 3915 destinatorum,
877 3860 942 3918 qne
959 3841 1002 3901 ite
1021 3840 1060 3900 eit
1073 3848 1154 3900 certe
1167 3850 1197 3900 et
1217 3841 1414 3912 murabilis.

214 3926 248 3978 ut
260 3918 391 3978 revocari
409 3937 557 3996 nunquam
576 3920 677 3997 poerit,
699 3921 751 3982 eed
764 3921 850 3980 finem
871 3940 955 3982 suum
969 3919 1085 3980 tandem
1105 3920 1297 3982 infallibiliter
1317 3940 1414 3982 conee-

213 4005 326 4074 quatur.

516 4078 570 4138 lv.
593 4079 643 4138 Au
659 4079 773 4139 Statum
788 4079 971 4155 Quoeetionie,
987 4078 1121 4154 observa,
1145 4082 1171 4140 l.
1188 4079 1256 4138 Non
1272 4081 1367 4158 quemi
1379 4078 1413 4138 de

242 4141 421 4246 Βᾞοὲἰξῗ*
474 4158 638 4220 certitudine
659 4157 818 4218 Electicnie
830 4160 986 4235 mbjectiea,
1006 4178 1073 4235 qum
1087 4167 1133 4220 eet
1145 4169 1260 4236 aparte
1272 4161 1373 4235 ποσὰ-ι’,
1387 4165 1414 4216 et

474 4245 607 4316 respectu
621 4257 723 4298 eeneue
742 4257 829 4316 quem
843 4237 879 4297 de
896 4259 930 4298 ee
943 4237 1092 4314 hebemus,
1108 4238 1146 4298 de
1159 4257 1218 4316 que
1229 4247 1335 4317 pceteu
1347 4257 1412 4316 ege·

214 4319 277 4388 tur;
301 4314 360 4374 Sed
373 4317 408 4373 de
422 4317 561 4392 ob'ecticm
577 4326 606 4378 et
620 4328 733 4395 aparte
745 4319 796 4377 rei.
837 4319 911 4396 Non,
928 4317 978 4378 An
997 4318 1117 4378 Electus
1136 4319 1229 4396 possit
1242 4319 1378 4380 excidere
1396 4337 1413 4374 e

213 4399 294 4464 perte
308 4393 362 4467 eui,
377 4393 456 4471 quod
469 4395 555 4456 nimie
569 4415 669 4458 verum
684 4417 747 4458 ecee
761 4399 946 4476 experiretur,
963 4398 988 4456 si
1008 4397 1065 4458 eibi
1092 4399 1322 4477 relinqueretur;
1346 4395 1409 4470 Sed,

214 4465 263 4524 An
277 4473 369 4546 possit
382 4473 516 4534 excidere
530 4497 548 4534 e
565 4484 646 4554 perte
660 4477 775 4552 decreti,
791 4497 849 4556 quo
862 4477 900 4537 ed
913 4478 1036 4538 sulutem
1050 4478 1161 4539 electus
1174 4488 1227 4538 eet

252 4545 291 4636 V.
314 4549 379 4608 Non
393 4553 539 4629 queritur,
556 4557 605 4614 An
619 4556 660 4616 ite
674 4557 712 4617 eit
725 4565 803 4616 certe
823 4557 934 4634 electio,
954 4566 987 4618 ut
1000 4557 1082 4621 nulle
1101 4557 1161 4620 sint
1174 4558 1298 4636 emplius
1312 4576 1406 4618 neces·

213 4639 287 4682 eene
300 4626 402 4702 medie,
420 4641 450 4690 et
463 4633 601 4711 quicquid
615 4637 701 4696 homo
715 4636 880 4716 praestiterit
893 4637 1055 4699 necessario
1070 4637 1226 4698 rulvundue
1246 4639 1309 4698 eit?
1329 4635 1404 4696 nolu-
