3152 5178
254 327 313 386 222
413 349 424 370 ·
758 337 850 381 secus
864 337 997 382 rasurus.
1252 318 1376 402 [quaer.
1392 341 1476 384 xxr.

255 481 389 544 Possidc'le
409 501 480 542 voro
501 479 580 560 qnod
601 487 647 540 est
668 488 892 540 consentaneum
913 479 1028 558 legibus
1048 477 1218 540 honestatis.
1261 481 1341 542 Dens
1361 489 1475 560 potest

255 565 372 644 quidem
384 569 412 622 ct
426 562 604 641 impossibile
618 560 795 637 naturaliter,
811 560 863 619 sed
875 579 934 620 non
948 560 1027 637 quod
1040 561 1098 620 tale
1111 559 1226 638 dicitur,
1240 561 1290 620 vel
1303 563 1471 638 moraliter,

254 646 304 705 vel
318 642 581 722 supernaturaliter.

295 725 387 784 VIII.
409 721 502 781 Aliud
522 731 567 782 est
580 719 745 798 imposalik
758 729 869 780 natare
882 727 1013 800 respectu
1034 739 1186 780 musarum
1206 719 1411 798 secundarum,
1438 721 1474 780 id

255 802 393 882 estquod
411 803 550 862 usitatarm
569 810 598 860 et
615 808 783 860 consuetum
797 808 908 859 nature
921 819 1037 859 cursum
1052 808 1184 878 superat;
1206 807 1240 859 nt
1262 799 1359 860 Solem
1373 810 1472 876 stare,

255 885 353 963 ignem
366 901 425 942 non
438 901 539 958 nrore3
560 881 654 940 Aliud
667 887 712 940 est
724 879 889 956 impendito
901 889 1016 956 natura,
1031 879 1071 939 id
1082 879 1161 958 quod
1174 889 1285 939 naturas
1299 880 1341 940 rei
1353 900 1472 958 repug-

255 973 307 1024 nat
327 970 461 1042 respectu
481 961 609 1020 omnium
629 979 790 1020 cenarum.
832 959 928 1034 Quum
949 959 1127 1038 impossibile
1149 959 1256 1019 dicitur
1277 956 1335 1019 non
1357 960 1473 1020 cadere

256 1045 312 1104 sub
330 1043 488 1122 potentiam
503 1040 566 1118 Dei,
581 1039 754 1118 intelligitur
767 1039 894 1098 secundo
908 1039 1003 1116 modo,
1018 1059 1087 1134 non·
1096 1039 1206 1133 primo,
1227 1059 1296 1098 nam
1309 1039 1383 1100 alias
1397 1061 1474 1119 qnae

256 1119 997 1280 supknffisffiazpoffimgpsffpppaengpffl
1011 1119 1188 1260 pnildrnbdhzi
1206 1205 1359 1278 repugnat,
1375 1199 1432 1260 vel
1454 1219 1476 1258 a

251 1294 339 1362 porte
353 1285 417 1359 Dei,
433 1281 502 1360 quia
516 1282 596 1340 Deus
609 1281 665 1340 hoc
681 1300 739 1339 non
752 1287 849 1358 potest
862 1278 969 1356 facero3
990 1297 1049 1338 non
1063 1280 1142 1358 qnod
1155 1280 1287 1340 absolute
1301 1279 1395 1340 sitim
1442 1301 1473 1339 s-

256 1365 341 1424 sibile
355 1364 386 1424 in
399 1383 439 1440 se,
454 1361 523 1440 quia
536 1361 574 1421 ab
587 1361 653 1420 aliis
665 1359 727 1419 ficri
741 1367 845 1438 potest,
860 1367 891 1419 et
904 1361 980 1438 saepe
991 1359 1032 1435 fit,
1055 1359 1107 1419 sed
1120 1359 1188 1437 qnia
1201 1360 1232 1417 in
1247 1361 1342 1420 Deum
1356 1300 1472 1420 ceddre

256 1444 365 1522 nequit,
380 1463 410 1502 v.
426 1463 455 1520 g.
470 1441 593 1517 mentirr',
607 1459 735 1518 peceare,
750 1441 832 1516 mori,
848 1459 913 1518 quae
926 1458 985 1499 non
999 1448 1067 1499 sunt
1079 1439 1211 1499 absolute
1225 1439 1423 1518 impossibilis
1438 1441 1473 1498 iu

256 1543 297 1599 se,
312 1522 365 1582 sed
378 1530 510 1600 respectu
525 1521 591 1580 Dei.
625 1520 673 1580 Ita
682 1538 861 1598 quacunque
872 1518 1015 1580 delectum
1025 1527 1076 1578 aut
1085 1519 1320 1598 inperfectionem
1333 1520 1472 1598 aliquam

256 1611 376 1678 notant;
398 1601 461 1662 sive
481 1603 617 1660 morales
630 1599 727 1677 qualia
747 1609 815 1659 sunt
835 1599 1024 1675 mendacium,
1046 1607 1205 1678 peccatum,
1226 1599 1384 1678 abnegatio
1408 1602 1470 1676 sni,

257 1683 334 1743 Heb.
343 1682 383 1741 vi.
397 1683 451 1758 183
467 1681 572 1740 natm.
582 1679 613 1738 ii.
629 1682 684 1757 13;
699 1679 803 1740 Jacob.
818 1679 837 1738 i.
852 1682 898 1756 13,
912 1683 958 1754 14,
974 1679 1036 1738 sive
1045 1679 1191 1756 physicum
1204 1680 1300 1757 qualis
1313 1687 1358 1738 est
1371 1700 1469 1756 mors,

254 1763 305 1822 vel
326 1761 479 1840 corruptio,
500 1761 532 1819 in
551 1761 647 1838 ipsum
660 1759 763 1819 cadere
783 1779 843 1818 non
860 1766 991 1837 pessunt,
1006 1761 1076 1836 quia
1088 1759 1278 1837 omnipotens,
1293 1759 1373 1837 quod
1387 1763 1470 1838 Any.

255 1842 361 1902 eximie
375 1849 457 1901 notat
466 1842 549 1900 Tem.
561 1844 588 1918 9,
601 1839 637 1899 de
652 1841 764 1917 symbe.
778 1839 818 1898 ad
831 1839 1014 1899 Catachumc.
1029 1839 1080 1898 lib.
1094 1840 1151 1899 ic.
1165 1842 1191 1915 1,
1208 1841 1226 1872 “
1238 1841 1319 1899 Deus
1329 1841 1470 1918 omnipo·

254 1931 320 1984 tens
333 1931 386 1998 est,
401 1931 431 1982 et
444 1941 510 1982 cum
524 1921 563 1980 sit
576 1919 759 1999 omnipotens
777 1919 850 1978 mori
870 1939 929 1979 non
948 1927 1052 1998 petest,
1074 1917 1135 1978 falli
1155 1939 1216 1978 non
1232 1927 1338 1997 petest,
1353 1939 1471 1998 negare

255 2003 382 2082 seipsum
402 2021 461 2062 non
481 2009 586 2080 potest,
600 2020 690 2078 quum
710 2001 803 2060 multa
822 2017 881 2058 non
900 2007 997 2078 potest
1009 2006 1039 2058 et
1052 2007 1097 2058 est
1110 1999 1314 2077 omnipotens?
1334 2000 1375 2058 Et
1398 2001 1470 2060 ideo

255 2083 437 2162 omnipotens
451 2091 503 2158 est,
519 2081 589 2159 quia
600 2081 657 2140 ista
670 2100 729 2139 non
742 2089 845 2158 potest,
860 2099 927 2138 nam
944 2079 970 2139 si
989 2079 1063 2138 mori
1082 2086 1189 2157 posset,
1204 2098 1263 2137 non
1276 2087 1355 2139 essct
1367 2081 1469 2139 omni·

254 2165 387 2242 potonsl'
431 2162 471 2223 Et
483 2161 534 2220 lib.
549 2181 578 2219 v.
593 2161 629 2220 de
645 2161 676 2219 O.
692 2161 730 2219 D.
745 2180 770 2219 c.
787 2162 834 2220 10.
869 2161 1032 2220 “Potestas
1046 2159 1104 2218 Dei
1123 2178 1182 2218 non
1201 2158 1349 2234 minuitur,
1369 2180 1469 2238 quum

254 2243 360 2302 dIcitur
378 2242 461 2317 mori,
483 2240 602 2318 fallique
620 2258 679 2298 non
699 2259 802 2317 posse,
824 2239 866 2299 sic
886 2240 963 2299 enim
984 2239 1040 2298 hoc
1060 2258 1118 2298 non
1139 2246 1244 2316 potest,
1265 2248 1299 2298 nt
1316 2239 1420 2316 potius
1443 2241 1469 2299 si

253 2330 360 2400 posset,
375 2319 495 2380 minoris
519 2328 596 2378 esset
618 2319 780 2397 potestatis.
822 2319 913 2378 Recte
935 2319 1041 2397 qnippe
1066 2318 1248 2396 omnipotens
1271 2318 1387 2394 dicitur,
1414 2320 1468 2398 qni

253 2411 351 2460 tamen
364 2400 436 2459 mori
448 2407 477 2458 et
488 2398 550 2457 salli
563 2418 622 2458 non
635 2406 739 2477 potest,
751 2397 943 2458 diciturenim
954 2399 1137 2477 omnipotens
1149 2398 1282 2459 faciendo
1295 2399 1375 2477 quod
1385 2401 1467 2476 vult,

253 2497 312 2540 non
325 2478 461 2558 patiendo
475 2477 554 2555 qued
567 2498 626 2536 non
639 2477 733 2536 vult.”
1558 2549 1559 2559 ἵ

294 2559 337 2619 Χ.
360 2558 439 2618 Hinc
452 2565 532 2636 patet
545 2556 617 2635 quid
638 2555 822 2617 statuendum
836 2555 875 2617 sit
888 2557 925 2617 de
939 2556 1054 2636 objecto
1069 2557 1210 2618 Potentia
1225 2557 1301 2636 θεὶς
1322 2577 1382 2618 non
1397 2579 1468 2619 esse

253 2638 364 2700 scilicet
376 2637 450 2696 illud
468 2655 552 2696 omne
566 2637 646 2714 quod
665 2656 838 2714 quocunque
858 2637 945 2697 modo
959 2637 1080 2717 concipi,
1095 2639 1145 2698 vel
1164 2638 1325 2715 excogitari
1344 2647 1467 2716 petest3

253 2718 396 2797 siqnidem
410 2717 500 2776 milita
513 2717 595 2790 false,
610 2725 640 2776 et
653 2717 738 2791 mala,
752 2725 783 2776 et
796 2736 861 2794 quse
872 2737 935 2777 csse
948 2737 1008 2776 non
1020 2728 1144 2796 possunt
1153 2719 1371 2797 concipiuntur:
1393 2719 1467 2778 Non

252 2798 340 2858 otiam
354 2797 428 2856 illud
440 2805 553 2856 tentum
566 2797 646 2875 quod
667 2797 747 2856 Dens
760 2797 834 2871 vult,
849 2798 942 2856 multo
955 2797 1032 2856 enim
1052 2799 1137 2876 plura
1155 2818 1240 2877 posse
1256 2799 1352 2858 Deum
1366 2798 1467 2858 fecero

253 2897 341 2958 quam
355 2878 419 2937 vult
432 2897 479 2937 res
497 2877 561 2954 ipss
579 2877 693 2953 clamat,
716 2884 746 2936 et
768 2876 916 2954 Scriptura
935 2895 1071 2955 expresse
1092 2877 1185 2954 docet,
1201 2877 1288 2938 Matt.
1301 2879 1386 2937 xxvi
1403 2881 1464 2955 53;
1557 2949 1558 2958 χ

254 2959 340 3019 Matt.
354 2958 396 3018 iii.
411 2960 440 3018 9.
483 2956 543 3017 Sed
555 2956 629 3016 illud
650 2975 734 3015 omne
753 2957 834 3035 qnod
853 2977 912 3016 non
932 2965 1082 3034 repugnat,
1097 2966 1159 3017 tnm
1173 2978 1191 3015 a
1204 2965 1286 3035 parte
1299 2956 1351 3036 rei,
1366 2966 1434 3018 tum
1447 2979 1467 3018 a
1557 2963 1558 2989 ³

253 3048 335 3118 parte
350 3037 414 3114 Dei,
430 3037 470 3097 id.
484 3036 562 3116 quod
576 3044 672 3114 potest
684 3034 755 3112 fieri,
770 3044 800 3096 et
812 3036 891 3114 quod
906 3036 986 3095 Dens
999 3045 1095 3114 potest
1108 3036 1210 3096 faeere.

295 3119 356 3178 XI.
379 3118 466 3179 Unde
487 3117 634 3194 colligitur
653 3115 725 3210 qnid
739 3115 930 3194 judicandum
952 3116 990 3175 sit
1007 3116 1044 3174 ds
1066 3116 1317 3178 contradictoriisz
1339 3118 1465 3178 Conna·

253 3198 407 3258 dicterium
428 3197 505 3257 enim
525 3197 599 3255 illud
619 3194 725 3256 dicitur
745 3196 825 3274 quod
844 3203 889 3255 est
908 3197 1073 3273 imponat&
1094 3197 1189 3274 topice,
1210 3195 1250 3256 id.
1272 3197 1352 3274 quod
1372 3199 1465 3258 habet

254 3278 483 3355 repugnantiam,
499 3285 529 3336 et
542 3275 621 3354 quod
639 3275 762 3336 Includit
781 3275 937 3354 praedicata
949 3275 1189 3352 contradictoris3
1210 3295 1240 3334 u.
1255 3296 1285 3353 g.
1301 3277 1383 3336 Deus
1396 3298 1464 3337 cor·

253 3375 368 3434 perone,
389 3357 476 3414 homo
496 3355 679 3414 irrationalis.
720 3355 921 3432 Bepapnoatio
941 3364 1037 3414 autem
1057 3356 1115 3414 alia
1131 3363 1176 3416 est
1189 3356 1354 3416 &nandium
1367 3366 1396 3417 at
1409 3377 1463 3417 a·

248 3436 362 3574 llil
375 3433 1102 3590 iillllti‘i'l'lnllplillmdfflalull
1115 3435 1462 3594 miliat?

802 3557 810 3574 Ο
1251 3559 1258 3590 '
1451 3551 1462 3562 “

253 3593 325 3652 mini
339 3602 532 3672 repugnantes
541 3592 704 3653 virtualiter
712 3602 825 3654 tantum
834 3601 865 3654 et
874 3594 1011 3672 implicite
1022 3595 1277 3655 connadictionem
1289 3595 1462 3674 includunt;

254 3695 283 3733 v.
298 3693 327 3752 g.
342 3672 458 3752 quaudo
472 3673 509 3732 de
523 3673 654 3751 subjecto
671 3683 816 3752 negantur
825 3675 1013 3753 proprietates
1026 3675 1240 3753 inseparabiles,
1252 3676 1302 3734 vel
1316 3675 1462 3736 affirman-

254 3763 302 3814 tur
321 3753 477 3833 praedicata
495 3754 654 3830 contraria3
674 3771 704 3813 v.
720 3773 748 3831 g.
765 3754 845 3813 Deus
858 3773 1012 3832 corporeus
1025 3762 1055 3814 et
1067 3755 1206 3830 mortaIIs,
1220 3755 1309 3814 homo
1322 3775 1383 3815 non
1396 3756 1463 3815 risi·

254 3835 330 3910 bilis,
346 3853 450 3912 corpus
464 3852 523 3892 non
536 3840 697 3911 extensum,
712 3833 846 3893 accidens
859 3852 918 3892 non
941 3833 1102 3910 inhaerens3
1124 3835 1194 3894 talia
1207 3833 1285 3893 enim
1304 3835 1463 3897 involvunt

254 3915 410 3993 praedicata
423 3911 652 3988 cennsalictorie,
667 3933 731 3992 quae
745 3913 895 3973 incurrunt
907 3913 938 3972 in
946 3913 1120 3992 priucipIum
1132 3914 1304 3974 indubitata
1317 3915 1462 3994 ver-imis,

254 3995 427 4073 Imposntzlc
440 3994 566 4054 attidem
579 4012 636 4052 esse
649 4003 676 4052 ct
688 4013 744 4052 non
757 4013 815 4052 csse
826 3994 917 4052 amul.

255 4105 449 4156 contestatorie
557 4072 635 4131 XII.
656 4073 739 4131 Talia
751 4092 822 4132 vero
841 4091 900 4131 non
914 4071 1017 4132 cadam
1035 4071 1092 4134 sub
1113 4073 1170 4133 Dei
1188 4073 1351 4152 potentiam
1370 4083 1462 4154 patet

276 4167 479 4214 nonsaouncsub
519 4155 545 4212 1.
568 4152 643 4228 Quia
662 4151 852 4231 impossibilia
870 4171 930 4212 non
948 4161 1071 4232 possunt
1089 4154 1184 4213 aDeo
1205 4153 1276 4230 ess,
1297 4155 1462 4216 memdic-

276 4225 477 4286 potentumve.
515 4233 590 4293 toris
609 4240 705 4292 autem
726 4238 794 4292 sunt
814 4232 1012 4311 impossibilia,
1033 4233 1103 4312 qnia
1122 4241 1191 4294 sunt
1206 4235 1463 4312 inmmpomdttcuf
1554 4253 1555 4283 l

255 4311 444 4373 eonnudictio
468 4311 544 4370 enim
566 4320 611 4372 est
632 4319 746 4372 memte
770 4311 981 4391 disjunctionis,
1005 4321 1036 4373 et
1058 4314 1089 4372 in
1114 4322 1252 4374 aeternum
1274 4325 1463 4407 opponuntur

255 4391 394 4450 affirmare
422 4400 452 4452 et
474 4411 590 4469 negare,
618 4411 681 4452 esse
708 4399 738 4451 et
758 4411 817 4451 non
844 4412 918 4452 esse.
939 4396 968 4451 2.
991 4393 1067 4468 Quia
1089 4394 1218 4472 petentia
1246 4393 1303 4452 Der
1326 4403 1461 4455 versatur

255 4469 331 4526 circa
346 4471 415 4544 Eas,
431 4470 470 4530 id.
485 4471 564 4550 quod
583 4479 679 4549 potest
692 4491 773 4548 esse;
796 4471 839 4531 At
852 4471 1104 4532 contradictorium
1118 4481 1163 4532 est
1176 4493 1234 4531 non
1248 4493 1310 4532 ens.
1340 4478 1370 4534 3.
1386 4475 1462 4550 Quia
1553 4527 1554 4536 ,

255 4548 279 4606 si
300 4557 398 4623 posset
418 4549 511 4610 facere
525 4551 753 4628 contradictoris,
776 4561 874 4630 posset
894 4552 987 4611 lacere
1001 4561 1035 4612 nt
1053 4551 1132 4613 idem
1145 4553 1231 4612 simul
1252 4559 1336 4612 esset
1351 4563 1382 4614 et
1400 4574 1459 4613 non

254 4633 339 4700 esset,
355 4635 386 4686 ut
400 4627 464 4686 duce
477 4631 687 4708 propositiones
701 4631 928 4700 contradictoriae
945 4641 1064 4711 possent
1077 4653 1142 4693 esse
1155 4633 1242 4692 simul
1256 4652 1343 4694 vcra.
1365 4637 1395 4694 4.
1411 4633 1459 4695 Sic
1553 4637 1554 4715 i
