3158 5190
118 349 235 400 oulen.
249 331 336 414 mn]
634 353 865 396 nnrnnoroom.
1303 337 1341 395 43

116 492 203 551 inani
218 493 376 571 sapientia
398 513 461 553 susc
481 493 614 572 opinione
628 493 745 574 turgidi,
760 494 951 555 renidebant
968 493 1000 552 in
1013 493 1170 554 ratiociniis
1184 493 1253 555 suis.
1296 493 1343 554 Its

119 591 216 650 quum
230 573 368 652 disputat
382 573 445 634 Aet
459 574 530 650 xvii,
552 574 677 634 Athenis
690 585 790 635 contra
805 576 918 635 Stoicos
941 584 971 635 et
985 575 1152 654 Epicureos,
1177 593 1236 633 non
1249 574 1344 652 rejicit

119 661 283 732 propterea
293 652 516 732 Philosophiam
529 653 559 712 in
573 675 612 731 se,
629 652 680 714 sed
694 655 731 715 do
782 664 830 715 ets
840 663 952 715 tentum
966 655 1081 714 illorum
1092 654 1342 732 Philosophorum,

123 731 178 809 qni
198 732 292 792 fidem
312 733 403 794 unius
421 733 487 794 neri
508 731 563 795 Dei
583 743 614 795 et
633 735 708 796 Jesu
729 676 845 814 dinen,
860 743 890 795 et
908 735 1147 796 resurrectionem
1166 743 1344 796 mortuorum

124 833 164 891 op
207 812 382 952 gudhiiiils
407 911 446 952 ex
469 892 606 972 eoquod
630 893 711 954 Dens
734 901 780 955 eat
800 893 995 982 Philosophia
1014 903 1045 954 et
1064 893 1184 954 rationis
1205 893 1345 955 naturalis

128 972 247 1048 author,
262 971 388 1032 infertur
400 973 480 1050 quod
492 973 555 1032 hsec
575 973 729 1052 Scriptura
748 976 786 1035 sit
804 975 955 1053 interpres.
997 974 1082 1034 Illius
1101 975 1178 1034 enlm
1199 974 1279 1035 Deus
1299 983 1345 1036 est

129 1052 240 1111 author
252 1071 307 1130 pcr
319 1053 481 1112 naturalem
496 1053 630 1134 perigm,
646 1054 677 1112 in
690 1062 767 1114 statu
780 1055 905 1114 hominis
918 1063 1061 1133 corrupto,
1071 1063 1209 1132 quantum
1223 1054 1261 1114 ad
1269 1055 1344 1116 veri-

130 1141 212 1190 tates
231 1141 337 1192 natura
357 1132 454 1192 adhuc
473 1143 574 1194 notas:
596 1133 695 1212 Hujus
707 1153 778 1194 vero
797 1154 848 1214 per
860 1136 1016 1213 gratiosam
1030 1133 1197 1208 &sudario
1216 1135 1247 1194 in
1267 1143 1345 1196 statu

133 1211 317 1271 restituendo
329 1233 383 1291 per
396 1213 528 1291 gratiam,
543 1223 683 1292 qnantum
696 1213 734 1274 ad
746 1215 886 1294 mysteria
898 1215 1003 1275 rationi
1016 1215 1172 1275 mercasse.
1201 1215 1263 1276 Neo
1275 1215 1345 1294 quia

138 1291 224 1350 Dans
243 1292 346 1351 author
366 1303 412 1352 est
426 1293 629 1372 Philosophiae,
644 1313 679 1354 eo
699 1294 764 1374 ipso
782 1295 880 1356 stetim
893 1296 998 1357 author
1009 1304 1054 1355 est
1067 1295 1342 1374 interpretationum,

136 1390 214 1449 quse
227 1371 306 1431 elicit
317 1373 367 1432 hio
381 1383 411 1433 et
424 1372 473 1432 ille
489 1373 607 1434 Philoso
627 1375 691 1434 hus.

178 1449 241 1509 XI.
264 1452 297 1512 si
317 1452 474 1531 aliquando
489 1453 590 1514 Patres
607 1395 710 1515 durius
731 1463 831 1515 contre
845 1453 1061 1534 Philosophiam
1076 1453 1190 1534 loquuti
1201 1463 1289 1533 sunt;
1311 1463 1345 1516 ut

137 1531 259 1590 Tertnlt
280 1541 382 1592 contra
403 1533 560 1612 Hermoge.
575 1555 600 1595 c.
616 1537 643 1612 8,
659 1533 728 1594 dum
742 1536 783 1595 ait
795 1536 979 1612 Philosophus
992 1555 1050 1595 esse
1062 1535 1271 1596 Hoersticorum
1284 1537 1344 1595 Pe·

135 1613 290 1687 m'orelius,
305 1621 335 1672 et
349 1611 385 1672 de
400 1613 563 1693 Praescnpt.
577 1614 644 1674 adv.
659 1615 757 1675 haeret.
772 1633 797 1674 c.
813 1619 841 1675 7.
885 1616 965 1683 Quid
975 1616 1091 1675 Athenis
1110 1625 1138 1676 ot
1148 1615 1343 1693 Jsrosolyrnsir,

134 1693 210 1770 quid
220 1693 384 1752 Academica
397 1700 425 1752 et
436 1693 581 1772 Ecclesia,
596 1695 666 1774 quid
677 1696 828 1755 Hoerets'crs
841 1704 868 1755 et
882 1695 1072 1756 Christianis!
1091 1705 1191 1756 metro
1210 1697 1345 1756 &adludo

134 1775 173 1831 ds
180 1772 298 1848 porticu
311 1773 469 1833 Solornorus
483 1783 530 1851 est,
544 1795 601 1835 non
621 1776 760 1835 Zenonis:
778 1776 901 1836 videant
919 1776 969 1853 qui
986 1777 1110 1836 Stoicum
1129 1785 1157 1836 et
1168 1776 1346 1836 Plowrsicum

135 1861 165 1910 et
178 1852 367 1912 Diakcticum
382 1853 573 1914 Chattorum
586 1857 749 1915 utrumn
790 1857 880 1914 Nobis
893 1856 1051 1916 curiositate
1065 1875 1134 1931 opus
1147 1875 1204 1915 non
1224 1863 1265 1915 est
1278 1865 1347 1933 post

134 1933 240 1992 Jesum
255 1932 406 2010 Mirm
421 1953 471 1993 neo
484 1935 658 2014 aparatione
666 1944 736 2013 post
748 1935 944 2014 Eooenqclium,
959 1933 1014 1994 doc.
1049 1935 1147 2012 (typri.
1157 1935 1209 1997 lib.
1220 1938 1249 2013 4,
1261 1936 1345 2014 epist.

132 2015 171 2088 23
188 2011 322 2073 henna
332 2012 384 2073 lib.
396 2017 425 2091 3,
438 2033 462 2074 o.
476 2017 527 2092 13;
542 2023 571 2075 et
581 2015 640 2090 alii,
652 2033 818 2073 nonrcram
829 2015 967 2074 damnant
977 2013 1194 2091 Philosophiam
1203 2014 1279 2075 intra
1288 2023 1345 2074 oer-

133 2093 235 2151 ‘minos
247 2102 420 2170 manentem,
436 2093 488 2154 sed
501 2095 602 2154 falsam
616 2103 647 2154 et
659 2094 848 2170 temerariam,
863 2113 929 2171 quse
942 2093 1102 2152 immiscere
1116 2113 1147 2152 se
1161 2093 1248 2154 sudet
1260 2094 1347 2156 rebus

136 2191 229 2250 snpra
248 2181 365 2252 captum
385 2193 479 2250 mum,
500 2182 530 2236 et
551 2173 743 2253 Phssosophos
763 2174 843 2234 illius
861 2173 1008 2252 temporis,
1024 2173 1075 2252 qui
1093 2172 1162 2233 fidei
1177 2173 1347 2236 Ohrisfiaute

131 2253 240 2311 hostes
253 2260 336 2312 erant
348 2253 489 2314 acerrimi.

180 2331 261 2391 XII.
283 2331 366 2392 Licet
379 2333 516 2412 Apostoli
530 2334 591 2395 sine
612 2333 742 2395 subsidio
761 2333 956 2412 Philosophia
976 2331 1166 2413 'theologiam
1186 2331 1345 2412 docuerint,

135 2431 199 2471 non
213 2413 343 2490 sequitur
356 2420 454 2474 atnoe
467 2413 522 2474 hoc
543 2433 648 2494 posse;
669 2413 739 2492 quia
751 2413 789 2474 ab
809 2413 1040 2474 oxuuordinaris
1052 2423 1083 2474 et
1102 2413 1270 2474 immediata
1289 2415 1347 2475 Dei

132 2491 331 2569 institutione,
347 2510 413 2571 quse
425 2495 588 2554 necessaris
600 2503 662 2554 erat
675 2494 776 2573 primis
788 2493 847 2553 illis
860 2495 1005 2556 ramentis
1020 2494 1159 2554 Ecclesiae
1171 2495 1345 2573 primordiis,

137 2571 178 2630 ad
194 2571 367 2632 ordinariam
381 2581 411 2633 et
423 2571 587 2651 mediatam,
609 2593 674 2652 qua
688 2575 726 2636 sit
746 2574 843 2636 studio
856 2583 887 2635 et
899 2575 1030 2636 subsidio
1043 2574 1260 2654 disciplinarum
1273 2573 1345 2635 inle-

136 2651 257 2727 riorum,
271 2673 331 2712 non
343 2653 424 2713 valet
437 2655 651 2732 consequentis.

180 2731 278 2791 XIII.
300 2733 384 2794 Licet
397 2733 558 2812 Theologia
570 2735 662 2794 multa
674 2731 778 2810 tradat,
792 2752 858 2813 quae
871 2733 987 2814 ignorat
999 2733 1205 2812 Philosophia;
1226 2751 1286 2792 non
1301 2751 1345 2794 se·

137 2811 240 2889 quitur
254 2811 365 2892 ahquid
377 2811 483 2875 falsum
495 2833 560 2874 esse
573 2815 605 2873 in
619 2813 814 2892 Philosophia,
826 2815 905 2893 qnod
915 2814 1091 2892 'Iheologice
1100 2833 1202 2873 verum
1213 2821 1266 2890 est,
1277 2813 1347 2891 qrria

136 2909 413 3034 ἔῗῷῗῗέἰὶἓέἵὲ
427 2894 883 3051 iridilriiilffilffl
896 2887 1344 3033 triturati-tlt·

137 3059 213 3111 tune
227 3051 429 3129 extendantur,
444 3053 482 3112 ad
495 3073 530 3113 es
542 2995 607 3132 (inse
621 3063 689 3114 snut
702 3053 928 3131 supernaturalis
941 3052 1127 3113 revelationis
1135 3059 1186 3110 aut
1199 3052 1345 3129 potentiae,

139 3139 170 3190 et
183 3131 306 3210 physica
320 3153 385 3193 cum
398 3133 629 3213 hyperphysicis,
643 3133 771 3194 humane
785 3153 851 3193 curn
864 3133 973 3192 divinis
983 3131 1213 3207 confundantur,
1234 3147 1264 3190 v.
1296 3129 1346 3190 .in

140 3211 331 3290 Philosophia
342 3233 446 3273 rerum
459 3223 512 3290 est,
528 3213 681 3292 Virginem
694 3231 753 3272 non
766 3231 875 3291 parere,
892 3211 1003 3290 Corpus
1017 3229 1106 3289 grave
1120 3209 1253 3270 deorsum
1267 3151 1344 3289 dni,

141 3289 246 3368 Ignem
258 3313 342 3354 urere
355 3293 473 3353 admota
486 3293 612 3369 materie,
636 3295 684 3352 Ex
697 3293 789 3351 nihilo
809 3291 883 3350 nihil
893 3291 967 3368 lieri,
982 3289 1036 3351 dec.
1051 3290 1158 3370 quibus
1170 3297 1345 3351 contrarium

140 3370 302 3450 Tbeologia
315 3375 435 3451 stetuit;
459 3373 517 3434 Sed
530 3393 589 3433 non
603 3373 659 3433 sibi
678 3381 831 3452 propterea
849 3371 1047 3449 adversantur,
1063 3371 1132 3450 quia
1144 3370 1204 3430 ω’
1216 3370 1286 3432 ἅλλα
1297 3376 1346 3431 sal

140 3457 208 3508 ἄλλο
221 3451 278 3512 ista
292 3451 435 3514 dicuntur.
478 3453 515 3512 In
529 3453 717 3531 Philosophia
737 3459 881 3531 negantur
900 3451 1057 3512 secundum
1070 3451 1151 3531 leges
1164 3461 1292 3530 naturam
1313 3453 1345 3512 in

139 3531 301 3670 iliheologis
313 3551 384 3593 roro
398 3531 575 3594 affirmantur
594 3541 728 3612 respectu
741 3533 954 3612 omnipotentiae
968 3533 1083 3612 divinae,
1099 3541 1129 3594 et
1142 3541 1344 3613 supernatura-

179 3689 271 3753 xlv.
293 3691 435 3770 Quemvis
455 3692 634 3772 Philosopho
655 3691 774 3752 concedi
796 3700 903 3771 posset,
925 3691 963 3752 ad
975 3693 1111 3752 tutiorem
1124 3711 1220 3752 rerum
1234 3699 1345 3750 naturae

140 3769 363 3851 indagationem,
378 3781 413 3833 ut
426 3791 445 3832 a
457 3771 637 3833 dubitatione
651 3772 769 3850 incipiat
779 3795 788 3849 3
808 3791 957 3852 perperam
971 3781 1068 3832 nmen
1081 3772 1137 3832 hoc
1147 3771 1186 3830 ad
1194 3789 1241 3829 res
1250 3769 1344 3862 Theo

141 3849 247 3929 logicas
261 3861 292 3912 et
304 3853 375 3913 fidei
398 3853 568 3929 traheretur,
593 3871 659 3930 quse
673 3853 758 3912 certis
771 3861 802 3912 et
820 3853 990 3913 indubitatis
1002 3854 1135 3913 nituntun
1146 3849 1296 3929 principius
1315 3856 1346 3908 ct

141 3933 309 3993 veritatibus
322 3953 376 4013 per
390 3951 423 3992 se
434 3933 521 4008 notis,
536 3931 573 3992 de
587 3931 693 4010 quibus
706 3931 838 3992 dubitare
852 3941 897 3992 est
916 3933 998 3992 nefas
1011 3939 1044 3991 nt
1058 3931 1094 3989 dc
1109 3931 1166 3990 Dei
1179 3927 1343 4004 existentia,

140 4011 192 4070 nisi
214 4013 343 4074 velimus
363 4012 575 4072 'conscientiam
595 4031 710 4088 exuere,
725 4020 755 4072 et
775 4011 995 4090 dependentium
1015 4009 1154 4068 moralem
1168 4028 1186 4067 a
1200 4007 1343 4085 creatore,

141 4107 199 4168 qua
212 4093 277 4154 sine
291 4093 415 4154 crimine
429 4093 526 4153 excuti
539 4111 599 4151 non
612 4099 708 4171 potest
721 4093 769 4151 vel
784 4092 822 4152 ad
834 4099 1021 4165 momentum,
1033 4090 1158 4168 ejerare;
1173 4093 1260 4164 atque
1271 4084 1345 4146 adeo

139 4172 223 4316 {rapiti
237 4171 450 4236 Academicum
464 4173 494 4231 in
508 4171 678 4252 religionem
688 4171 834 4248 invehere,
848 4177 879 4231 et
893 4169 1073 4247 Ilisolopiom
1085 4173 1176 4228 toturn
1189 4165 1345 4244 θεῳιίεατη

203 4275 261 4317 ere.
