3174 5174
263 331 321 397 542
762 351 852 394 nouus
867 351 971 393 uorsus.
1275 327 1403 408 [eumer.
1420 349 1462 388 rr.

303 493 380 553 XII.
404 491 502 570 Sexto,
525 493 600 566 Quia
619 499 736 569 peccate
748 475 896 561 levissima
909 496 1031 569 possunt
1050 509 1108 547 non
1129 487 1245 562 remitti,
1261 487 1402 564 siquidem
1416 508 1464 546 re-

261 574 362 632 missio
376 593 441 650 quae
454 572 487 631 fit
501 571 608 644 electis,
621 579 665 629 est
678 572 763 648 plane
777 572 911 648 gratuite,
927 589 1016 647 aque
1029 567 1148 645 proinde
1162 576 1262 644 posset
1274 567 1353 626 Deus
1367 569 1460 626 absti-

261 673 330 712 nere
345 652 406 710 aine
420 650 578 728 injustitia;
601 651 680 725 Ergo
694 658 815 726 possunt
828 651 859 708 in
873 657 1011 708 aternum
1021 649 1100 724 juste
1118 647 1223 723 puniri,
1238 646 1318 723 quod
1331 647 1390 705 dici
1402 666 1463 705 uon

262 740 360 808 posset
373 731 430 788 nisi
443 747 528 806 poene
542 737 649 786 aeterna
662 728 751 805 digne
765 737 870 788 essent.
901 728 1038 806 Septimo,
1055 725 1129 801 Quia
1143 725 1276 783 Christus
1296 744 1349 802 pro
1370 727 1463 784 omui-

262 811 316 868 bus
330 809 455 887 peccatis
471 807 556 866 etiam
569 808 726 866 levissimis
739 816 869 867 mortuus
883 815 946 866 est:
968 807 1048 884 Ergo
1062 803 1158 864 omnia
1172 812 1241 862 sunt
1254 805 1397 863 mortalia.

563 885 658 945 XIII.
681 885 774 946 Aliud
787 895 832 946 est
840 895 986 962 peccabam
1000 887 1127 959 mortale,
1139 882 1232 941 Aliud
1239 892 1389 957 peccatam
1400 885 1464 959 959-

298 952 388 1054 1²⁰3:
388 951 466 1054 ff*
523 985 590 1023 nerra
613 975 738 1024 mmtem.
781 966 861 1024 Illud
882 965 1017 1042 designat
1035 963 1105 1040 quid
1125 969 1269 1020 mereatur
1290 971 1441 1037 peecatum
1455 985 1462 1030 ;

430 1040 437 1052 '
524 1043 591 1102 Hoc
601 1063 720 1119 quonos
729 1043 1010 1122 ducatpeceammsi
1018 1042 1223 1120 patiemurnos
1231 1040 1269 1097 ab
1277 1058 1313 1097 eo
1321 1040 1461 1116 abstrahi,

261 1131 291 1182 et
304 1123 434 1182 inescari.
457 1122 549 1183 Omne
562 1131 712 1199 peccatum
726 1125 847 1183 mortale
861 1132 905 1182 est
917 1131 1021 1181 nature
1034 1141 1103 1196 sua;
1121 1119 1180 1178 Sed
1193 1139 1251 1176 uon
1266 1137 1352 1178 omne
1365 1127 1462 1179 tamen

261 1202 356 1279 reipsa
369 1211 398 1261 et
412 1201 448 1260 de
462 1200 538 1260 facto
552 1201 590 1260 ad
602 1210 724 1261 mortem
738 1202 826 1277 ducit,
841 1210 958 1280 propter
971 1201 1072 1277 gratiss
1085 1201 1289 1258 interventum

301 1281 392 1338 XIV.
408 1281 563 1339 Peccatum
577 1289 806 1340 consummatum
820 1281 925 1340 dicitur
935 1281 1051 1357 pipam
1064 1287 1189 1353 mortem,
1205 1277 1289 1336 Jaco.
1304 1276 1324 1334 i.
1341 1278 1389 1352 15,
1405 1297 1463 1335 non

261 1359 410 1418 exclusive
425 1359 462 1418 ed
483 1367 633 1436 peecatum
647 1367 825 1436 conceptum,
840 1360 889 1418 vel
902 1367 1024 1436 partum,
1046 1357 1099 1416 sed
1111 1365 1145 1416 ut
1158 1375 1245 1415 causa
1257 1355 1412 1432 proxima;
1434 1363 1464 1415 at

261 1435 501 1516 concupiscentiae
514 1439 650 1498 tribuitur
662 1448 695 1498 ut
709 1457 803 1497 causas
816 1447 950 1497 remota:
966 1438 1008 1498 Ut
1022 1456 1092 1513 ergo
1106 1435 1184 1513 quod
1197 1443 1242 1493 est
1255 1453 1344 1492 causa
1358 1453 1461 1506 cause,

262 1526 307 1576 est
317 1518 403 1576 etiam
418 1535 506 1576 causa
519 1518 637 1592 musali,
647 1518 716 1594 quia
728 1517 959 1596 concupiscentie
973 1535 1060 1575 causa
1074 1523 1118 1574 est
1131 1513 1242 1590 peccati
1255 1513 1379 1572 actualis
1387 1533 1462 1572 mor-

262 1605 321 1654 tam
342 1597 514 1672 generantis,
530 1597 621 1673 ipsius
641 1597 728 1655 etiam
742 1598 843 1656 mortis
863 1615 952 1656 causa
965 1595 1068 1654 merito
1080 1594 1211 1651 habetur.
1253 1592 1387 1652 Jacobua
1404 1611 1461 1650 non

262 1674 415 1750 distinguit
427 1675 524 1732 varias
538 1675 648 1751 species
661 1683 852 1752 peccatorum,
868 1674 920 1734 sed
933 1673 1064 1752 ejusdem
1077 1671 1190 1749 peccati
1197 1670 1328 1729 diversos
1343 1671 1459 1747 gradus,

261 1760 291 1810 et
304 1769 474 1828 progressus
488 1753 663 1828 tentationis,
679 1754 709 1810 in
723 1754 828 1830 quibus
842 1754 879 1813 ab
899 1761 965 1813 actu
979 1753 1071 1830 primo
1085 1752 1123 1809 ad
1138 1750 1304 1826 secundum,
1320 1751 1359 1810 ab
1372 1750 1460 1809 inter-

260 1849 299 1889 no
313 1830 352 1888 ad
365 1839 524 1907 externum,
539 1831 668 1909 adeoque
683 1832 773 1909 ipsam
788 1841 918 1908 mortem,
929 1833 1104 1911 pervenitur.
1127 1829 1242 1888 Primus
1255 1829 1365 1906 gradus
1378 1829 1460 1906 poni·

260 1909 353 1968 turin
366 1911 523 1969 tentatione
546 1911 793 1987 concupiscentie,
810 1931 861 1970 ssu
873 1913 965 1988 primo
980 1912 1044 1988 ejus
1059 1917 1159 1984 motu3
1183 1908 1335 1968 Secundus
1349 1909 1380 1965 in
1394 1927 1460 1967 con·

261 1988 392 2064 ceptione
416 1990 527 2065 peccati
545 2007 597 2066 per
613 2009 784 2049 consensum
801 1993 864 2068 ejus
883 1989 1101 2067 imperfectum
1122 1987 1237 2046 Tertius
1257 1987 1288 2044 in
1304 1995 1391 2064 partu
1409 2007 1461 2064 per

262 2086 434 2126 eonsensum
456 2068 574 2145 plenum
588 2075 617 2126 et
630 2068 805 2146 perfectum
829 2070 954 2144 Quertus
973 2069 1004 2126 in
1024 2066 1270 2127 consummatione
1283 2067 1398 2144 peceati
1411 2087 1463 2145 per

261 2163 335 2222 opus
349 2154 508 2222 externum,
524 2147 603 2223 quod
616 2155 737 2208 mortam
750 2156 878 2225 generat.

303 2224 376 2282 XV.
397 2227 516 2284 Faenum
527 2236 553 2283 et
564 2227 681 2302 supuda,
697 2228 733 2285 de
747 2227 853 2305 quibus
866 2226 969 2303 agitur,
981 2229 997 2284 1
1010 2225 1075 2284 Cor.
1089 2223 1130 2283 iii.
1147 2226 1194 2300 la,
1204 2243 1264 2282 non
1277 2230 1383 2282 notant
1395 2243 1462 2301 pec·

259 2311 326 2362 cata
339 2304 473 2379 veniulie,
490 2305 541 2363 aad
552 2304 697 2364 doctrines
710 2325 809 2381 novas,
826 2325 924 2380 vanas,
939 2312 969 2363 et
983 2303 1118 2379 curiosas,
1130 2323 1195 2380 quae
1207 2302 1277 2361 licet
1290 2301 1462 2361 fundamen·

260 2389 323 2438 tum
337 2399 395 2439 nou
415 2389 555 2458 evertant,
570 2399 629 2440 non
643 2393 711 2442 sunt
724 2385 878 2443 temenilli
895 2384 1098 2462 homogeuess3
1127 2381 1192 2441 ideo
1212 2400 1337 2440 examen
1349 2381 1461 2441 Jndicii

261 2458 362 2532 divini,
379 2459 441 2550 aive
454 2460 548 2556 lucem
563 2461 662 2536 Verbi,
679 2469 708 2520 et
721 2461 877 2522 efficaciam
893 2463 1025 2555 Spiritus,
1040 2481 1105 2539 quae
1119 2481 1176 2538 per
1188 2461 1279 2536 lenem
1292 2461 1463 2536 probantem

260 2547 734 2693 u..
747 2544 1240 2696 ttae..
1251 2539 1398 2676 trus

259 2693 359 2829 quitpr
371 2703 521 2770 peccatum
534 2695 662 2772 ipsorum
675 2716 734 2754 nou
747 2696 836 2757 fuisse
849 2707 942 2758 morte
956 2699 1094 2776 dignum3
1117 2697 1168 2756 sed
1181 2697 1305 2775 gretiam
1317 2697 1375 2755 Dei
1388 2697 1463 2756 illud

260 2791 316 2829 con
338 2791 448 2832 enasse.

302 2851 392 2910 XVI.
415 2853 570 2911 Peccatum
590 2852 621 2910 in
645 2854 782 2931 Spiritum
807 2855 946 2915 Sanctum
970 2855 1075 2915 dicitur
1095 2854 1132 2913 ad
1146 2861 1267 2918 mortem
1287 2854 1346 2912 κατ’
1367 2857 1461 2931 dcxlv,

263 2932 279 2987 1
294 2930 344 2989 Jo.
360 2949 388 2988 r.
406 2933 451 3006 16,
473 2951 532 2990 uon
545 2939 657 2991 tantum
672 2934 740 3011 quia
752 2942 874 2994 mortem
893 2943 1025 3010 meretur,
1041 2934 1094 2993 sed
1107 2935 1175 3013 quia
1187 2941 1221 2992 ut
1235 2942 1279 2992 est
1291 2935 1375 3011 plane
1389 2934 1462 2993 irre·

262 3007 410 3084 missibile,
425 3029 503 3069 mors
515 3013 677 3070 necessario
696 3021 725 3072 et
738 3013 906 3073 infallibiter
923 3013 996 3072 illud
1010 3013 1147 3090 seqnitur.
1190 3013 1301 3092 Cretera
1313 3031 1384 3072 vero
1402 3033 1462 3086 uon

261 3097 330 3181 suut
343 3089 381 3170 ed
393 3099 534 3183 mortem
551 3111 621 3184 non
634 3091 712 3186 quod
725 3111 776 3170 per
796 3113 827 3151 se
847 3093 979 3184 mortalia
991 3112 1051 3166 nou
1065 3093 1124 3152 aiut
1141 3101 1170 3150 et
1183 3099 1275 3150 morte
1289 3091 1388 3168 digna,
1411 3093 1464 3151 sed

260 3171 1399 3327 titulatittttbtttt&ttttttttttttttttsc
1412 3267 1471 3308 a..

262 3323 395 3403 nialibus,
410 3325 479 3385 licet
492 3328 765 3404 videaturquedem
776 3338 888 3389 tentum
901 3328 1034 3388 addicere
1045 3330 1184 3406 gehennas
1199 3328 1293 3406 ignis,
1309 3327 1385 3402 Quia
1399 3348 1461 3387 aco·

260 3421 316 3476 pua
330 3401 393 3478 ejus
404 3403 521 3478 quidem
535 3413 579 3464 aet
589 3407 739 3465 ostendere
753 3408 977 3484 inequalitatem
987 3408 1049 3466 dari
1057 3425 1207 3485 poenarum
1217 3427 1255 3466 ex
1266 3408 1463 3485 inequalitete

261 3487 451 3554 peccatorum,
467 3489 497 3538 et
517 3483 548 3538 in
562 3485 656 3560 speeie
670 3485 856 3546 homicidium
870 3505 928 3547 nou
942 3488 1098 3546 consistere
1111 3495 1224 3547 tantum
1237 3487 1268 3544 in
1284 3495 1352 3546 actu
1367 3495 1461 3546 exter-

261 3573 308 3648 no,
323 3565 357 3615 ut
375 3559 584 3648 pertendebant
602 3561 750 3638 Pharisaei,
774 3573 848 3624 teste
862 3568 994 3642 Joaeplso,
1011 3565 1112 3643 Autiq.
1127 3566 1178 3625 lib.
1194 3566 1244 3624 xii.
1260 3585 1323 3643 cap.
1341 3569 1387 3640 13,
1411 3566 1464 3624 sed

260 3643 348 3693 etmm
361 3635 392 3698 in
405 3636 553 3695 iracundia
566 3637 686 3714 iuterna,
697 3648 727 3699 et
740 3641 771 3699 in
785 3643 963 3703 irritantibus
978 3645 1174 3721 contumeliis3
1198 3645 1258 3704 Sed
1271 3655 1463 3722 non-peccate

261 3714 323 3772 ulla
335 3713 398 3772 dari
411 3711 555 3792 venielia;
578 3737 643 3776 cum
656 3719 705 3776 vel
718 3719 854 3780 minimus
868 3741 961 3800 poena
970 3727 971 3734 ’
975 3723 1083 3801 gradus
1095 3723 1138 3781 ibi
1151 3723 1284 3801 capitalis
1298 3724 1346 3798 eit,
1361 3731 1395 3782 ut
1407 3725 1461 3782 mi-

260 3793 356 3852 nimus
368 3795 479 3872 peccati
493 3796 600 3872 gradus
614 3803 658 3857 est
677 3793 774 3874 ἄνομος.
817 3801 881 3860 Imo
895 3801 997 3862 docere
1011 3803 1083 3877 vult,
1098 3803 1147 3862 vel
1167 3803 1291 3880 primum
1304 3802 1462 3861 iracundie

261 3873 381 3946 gradum
396 3891 493 3932 coram
508 3875 571 3935 Deo
584 3883 675 3936 morte
689 3897 752 3938 esse
766 3879 896 3956 dignum,
912 3882 980 3958 quia
993 3882 1043 3958 qui
1063 3900 1098 3940 eo
1112 3882 1268 3940 obstrietus
1287 3889 1340 3955 est,
1356 3881 1463 3941 dicitur

258 3947 337 4025 luxu
347 3955 380 4032 τῇ
392 3959 476 4032 egles,
492 3954 593 4013 eodem
607 3955 718 4016 scilicet
732 3973 827 4035 seusu,
838 3979 896 4037 quo
910 3960 1196 4020 Pharisaeivolebent
1208 3959 1383 4018 homicidam
1398 3979 1462 4019 esse

258 4027 529 4170 tttlstttt
537 4034 736 4173 tituto
755 4039 940 4177 ltili-l?
954 4039 1201 4193 pfflqc
1213 4039 1462 4177 tilttttt

258 4185 372 4278 duobus
385 4188 485 4263 primia
499 4190 637 4266 gradibus
650 4211 751 4270 poenae,
760 4196 866 4270 judieii
878 4137 995 4272 scilibet,
1010 4137 1458 4274 etqconcr'liilgdbejudiblolruma-

258 4279 305 4354 uo,
318 4283 348 4320 m
362 4267 447 4324 tertio
457 4286 536 4342 vero,
543 4271 764 4354 campique,
775 4271 811 4333 de
820 4274 920 4334 divino
934 4283 1054 4351 tentum,
1067 4295 1118 4335 scu
1133 4285 1224 4336 morte
1236 4277 1363 4337 aeterna:
1386 4277 1462 4352 Quis

257 4357 300 4432 arc
312 4353 482 4434 sequeretur
494 4346 566 4405 iram
581 4348 856 4430 mmaaonoeptem,
874 4373 928 4414 nec
948 4355 979 4411 in
999 4363 1094 4414 ectum
1116 4363 1314 4434 erumpentem
1335 4357 1462 4415 humano

253 4419 370 4510 Judrero'
380 4439 443 4480 esse
457 4425 621 4498 obnoxiam,
635 4429 797 4507 etaliquod
811 4431 874 4490 deri
887 4441 1045 4512 paccatum,
1061 4433 1140 4511 quod
1155 4443 1339 4512 peccatorem
1349 4436 1460 4513 judicio

258 4495 314 4552 Der
328 4515 387 4590 non
399 4501 532 4592 redderet
544 4505 710 4582 obnoxium,
721 4509 800 4586 qnod
813 4511 980 4575 absurdum.
1004 4513 1062 4574 Sed
1075 4509 1199 4590 figurate
1213 4523 1282 4574 suut
1295 4514 1458 4591 intelligen-
1534 4557 1537 4562 -

255 4569 301 4644 db
312 4579 345 4628 ut
359 4574 511 4640 drversrtas
524 4582 632 4656 gradus
645 4605 795 4662 poenarum
805 4588 956 4666 injudicio
971 4591 1027 4652 Dei
1041 4591 1283 4672 describaturper
1296 4592 1457 4670 analogiam
