3044 5180
202 345 261 405 296
665 355 916 410 cocoaccaarcs.
1230 333 1405 420 [corisum

245 503 284 563 V.
306 507 334 564 2.
349 503 423 578 Quia
436 521 525 562 unum
547 509 592 562 est
606 521 644 561 ex
665 500 809 579 primariis
830 499 985 578 Evangelii
1010 495 1161 577 capitibus,
1177 505 1208 557 et
1228 497 1298 558 fidei
1311 498 1404 558 funda·

205 585 317 660 mentis,
332 583 410 661 quod
424 603 483 643 non
495 589 592 660 potest
606 581 668 640 sine
688 581 797 658 insigni
812 580 951 640 Ecclesia
971 587 1001 638 et
1014 578 1144 638 fidelium
1158 576 1331 638 detrimento
1343 581 1403 639 rsti-

205 663 272 740 ceri,
287 671 386 742 utpote
400 663 479 740 quod
493 661 557 721 lons
571 669 616 720 est
630 660 816 739 gratitudinis
836 668 943 719 nostra
963 677 1034 736 erga
1048 659 1152 734 Deum,
1167 657 1254 716 radix
1267 659 1404 719 humilita-

203 744 250 818 tis,
266 741 483 802 fundamentum
496 750 526 802 ct
539 741 666 800 anchora
677 740 792 800 fiduciae
811 739 977 802 firmissima
997 739 1028 798 in
1042 738 1178 798 omnihus
1195 739 1406 815 tentationibus,

204 822 410 882 consolationis
423 821 598 881 dulcissima
611 820 744 897 fulcrum,
759 829 789 880 et
802 819 1035 898 potentissimum
1054 817 1093 877 ad
1106 817 1244 897 pietatem
1266 826 1296 878 et
1308 819 1407 878 sauch-

203 901 330 961 moniam
342 901 570 962 incitamentum.

244 981 300 1040 VI.
322 984 351 1042 3.
377 981 585 1059 Importunitas
606 979 858 1054 Adversariorum,
883 977 936 1057 qui
957 977 1127 1057 primarium
1150 977 1206 1037 hoc
1229 977 1300 1038 fidei
1321 979 1409 1056 Caput

203 1060 371 1121 exitialibus
394 1061 540 1121 erroribus
563 1068 759 1138 corruperunt,
783 1068 813 1118 et
836 1058 959 1118 infames
982 1057 1089 1134 quibus
1111 1057 1235 1118 subinde
1254 1057 1409 1118 docuinam

203 1149 333 1200 nostram
346 1141 530 1219 proscindere
544 1140 639 1200 solent
658 1139 818 1216 calumniae,
834 1138 1027 1198 Tractationis
1040 1137 1124 1197 istius
1145 1138 1347 1216 necessitatem
1359 1157 1410 1197 no·

203 1219 249 1279 his
263 1220 424 1298 imponunt,
439 1229 472 1279 ut
485 1219 593 1280 veritus
606 1219 637 1276 in
650 1227 750 1296 aperta
763 1219 828 1278 luce
848 1217 1014 1294 collocetur,
1029 1225 1060 1276 ct
1074 1217 1114 1276 ab
1132 1217 1285 1278 hominurn
1298 1218 1409 1277 malefc-

203 1299 342 1359 riatomm
356 1299 519 1360 falsissimis
532 1308 562 1358 et
571 1299 761 1376 iniquissimis
771 1295 1020 1358 criminationibus
1030 1297 1184 1375 liberetur3
1199 1298 1285 1376 quasi
1298 1297 1411 1358 fatalem

203 1387 233 1439 et
248 1380 378 1439 Stoicam
392 1379 593 1438 necessitatem
606 1377 785 1454 inducamus,
800 1379 885 1456 quasi
897 1397 950 1455 per
962 1397 1027 1436 eam
1037 1379 1245 1455 extinguamus
1258 1397 1373 1437 omnem
1383 1377 1412 1436 in

203 1458 308 1518 animis
322 1459 471 1518 hominum
485 1457 663 1536 religionem,
678 1465 708 1516 et
728 1477 778 1517 eos
792 1459 840 1517 vel
854 1458 885 1516 in
903 1457 1066 1516 securitatis
1079 1466 1110 1518 et
1123 1456 1306 1535 profanitatis
1319 1457 1412 1536 pnlri·

204 1558 265 1614 nar,
279 1539 329 1599 vel
342 1539 373 1598 in
387 1539 595 1617 desperationis
615 1537 783 1598 barathrum
802 1537 1008 1616 projiciamus;
1029 1537 1114 1614 quasi
1137 1538 1234 1596 Deum
1258 1537 1411 1613 crudelem,

203 1618 394 1696 hypocritam,
409 1627 439 1678 et
459 1620 609 1678 authorem
630 1617 750 1695 peccati,
765 1619 901 1678 horresco
923 1617 1059 1692 referens,
1081 1617 1303 1677 constituamus.
1344 1617 1413 1693 Qun

204 1699 301 1757 omnia
314 1719 380 1759 cum
395 1698 453 1758 sint
463 1697 626 1774 falsissima,
637 1698 800 1760 necessario
814 1697 921 1758 debent
934 1696 1036 1773 refelli,
1048 1697 1146 1757 sobria
1155 1705 1186 1758 et
1195 1697 1318 1758 salutari
1331 1697 1415 1758 istius

204 1777 343 1839 doctrinae
357 1799 395 1839 ex
409 1777 508 1839 Verbo
523 1777 579 1837 Dei
592 1778 796 1856 propositione.

508 1857 581 1917 VII.
604 1857 686 1917 Licet
699 1857 812 1935 profani
825 1877 884 1917 non
897 1877 962 1916 raro
974 1856 1131 1918 abutantur
1139 1857 1196 1917 ista
1206 1857 1341 1918 doctrina
1353 1877 1415 1936 per·

220 1911 430 2020 tenemusn-
467 1957 565 2017 peram
579 1937 744 2014 intellecta3
765 1957 825 1998 non
837 1945 989 2017 propterea
1006 1936 1156 2014 legitimus
1176 1938 1241 2015 ejus
1254 1957 1328 1998 usus
1347 1957 1417 2016 erga

466 2019 531 2098 pios
544 2018 632 2077 debet
644 2017 716 2094 tolli,
731 2018 789 2077 nisi
808 2017 947 2096 majorem
968 2016 1161 2095 profanorum,
1176 2036 1266 2096 quam
1286 2017 1417 2078 fidelium

203 2098 346 2159 rationem
358 2098 465 2158 hebere
479 2099 640 2174 vellemus3
662 2101 691 2156 2.
708 2098 740 2157 si
753 2106 871 2177 propter
883 2097 1005 2156 abusum
1018 2095 1199 2175 quorrmdam
1210 2097 1416 2158 abstinendum

204 2185 282 2237 essct
295 2179 332 2238 ab
346 2179 430 2238 istius
445 2176 579 2254 Mysten-ii
592 2177 797 2254 propositione,
809 2177 1011 2238 abstinendum
1024 2185 1102 2236 esset
1117 2177 1225 2255 pariter
1238 2195 1257 2236 a
1269 2176 1418 2256 plerisque

205 2256 368 2333 Religionis
382 2255 553 2316 Christianae
566 2256 720 2333 mysteriis,
736 2257 843 2334 quibus
856 2256 968 2335 profani
982 2255 1147 2331 abutuntur,
1159 2257 1208 2316 vel
1218 2277 1287 2334 quse
1296 2257 1421 2317 irrident

204 2343 234 2426 et
247 2333 444 2427 insectantur}
473 2335 572 2412 qualia
594 2344 661 2394 sunt
683 2335 825 2428 bfysteria
847 2336 1006 2412 Thinitetis,
1023 2336 1242 2412 Incarnationis,
1259 2337 1417 2397 Resurrec-

204 2413 724 2487 mm„
737 2415 1361 2573 inertissimam
1367 2437 1420 2558 „r

204 2589 283 2629 more
297 2589 360 2629 eam
375 2580 515 2630 executus
528 2579 582 2648 est,
604 2580 637 2630 ut
651 2570 880 2633 Adversantium
894 2594 929 2634 os
951 2575 1123 2636 secluderet.
1165 2575 1225 2636 Cur
1237 2595 1312 2654 ergo
1326 2577 1365 2636 ab
1385 2597 1421 2637 ea

204 2648 550 2789 nolppgetemperabimus?
570 2669 725 2730 sequamur
738 2653 825 2713 modo
840 2654 924 2715 Pauli
938 2655 1071 2734 vestigia,
1086 2664 1117 2716 et
1134 2673 1201 2716 cum
1214 2675 1251 2716 eo
1264 2656 1423 2734 loquamur

205 2737 235 2789 et
313 2749 405 2790 amus.

245 2809 336 2870 VIII.
360 2811 392 2871 Si
405 2810 524 2890 quidam
538 2810 669 2874 doctrina
683 2813 740 2875 ista
760 2815 926 2893 abutuntur,
943 2817 991 2876 vel
1011 2816 1050 2876 ad
1064 2816 1220 2890 licentiam,
1235 2816 1287 2876 vel
1301 2816 1342 2876 ad
1354 2817 1420 2878 des-

204 2891 401 2968 perationem
422 2893 478 2954 hoo
491 2912 551 2952 non
563 2894 598 2954 fit
611 2913 663 2972 per
676 2913 707 2954 se
722 2913 760 2954 ex
773 2896 838 2974 ipsa
851 2897 990 2972 doctrina,
1005 2897 1057 2956 sed
1069 2915 1122 2975 per
1131 2897 1268 2956 accidens
1278 2897 1421 2956 exhomi-

204 2989 275 3029 nnm
288 2969 369 3048 vitio,
385 2973 436 3050 qui
449 2972 622 3051 detorquent
636 2993 700 3033 eam
720 2976 845 3053 pessime
858 2975 897 3035 ad
916 2977 1063 3056 proprium
1083 2975 1215 3036 exitium.
1259 2976 1327 3036 Imo
1340 2977 1424 3036 nulla

205 3058 250 3110 est
263 3049 396 3112 doctrina
409 3071 447 3111 ex
461 3072 519 3131 qua
532 3053 709 3130 potentiores
729 3054 768 3114 ad
787 3057 924 3134 pietatem
936 3064 1071 3135 petantur
1091 3056 1210 3131 stimuli,
1225 3065 1256 3116 et
1269 3057 1421 3118 uberiores

205 3127 319 3190 fiduciae
333 3140 363 3191 et
376 3131 582 3193 consolationis
595 3133 683 3194 rivuli
697 3134 853 3211 dimanent,
867 3143 902 3195 nt
915 3156 967 3196 suo
980 3136 1045 3194 loco
1058 3135 1216 3196 videbitur.

247 3210 307 3270 IX.
330 3211 597 3272 Prsedestinationis
612 3213 786 3290 Mysterium
799 3223 844 3275 est
858 3215 1017 3289 sublimius,
1032 3234 1120 3292 quarn
1139 3223 1173 3275 ut
1186 3235 1205 3274 a
1218 3216 1306 3276 nobis
1328 3216 1422 3295 possit

206 3289 278 3365 capi,
294 3291 390 3366 quoad
403 3295 431 3350 st
444 3289 514 3365 laha,
529 3301 559 3352 et
572 3294 742 3353 temerarius
755 3302 832 3354 esset
845 3295 895 3372 qni
908 3295 996 3373 hujus
1009 3295 1136 3354 rationes
1149 3295 1198 3354 vel
1219 3315 1325 3356 ceusu
1339 3297 1421 3358 inve-

205 3367 268 3424 nire
281 3369 379 3444 vellet,
395 3371 443 3428 vel
457 3371 577 3432 reddere
588 3395 597 3448 ς
621 3373 680 3431 Sed
694 3393 752 3433 non
766 3375 863 3434 obstat
875 3383 971 3433 tarum
981 3375 1137 3452 quominus
1149 3381 1178 3434 sl
1192 3375 1230 3434 'irc
1243 3375 1323 3435 clare
1333 3376 1420 3436 doce-

206 3453 271 3504 atur
284 3446 315 3503 in
330 3447 488 3525 Scriptura,
503 3459 533 3508 et
546 3471 565 3508 a
577 3450 662 3510 nobis
676 3453 769 3512 teneri
788 3453 908 3514 firmiter
920 3453 1042 3516 debeat:
1074 3455 1142 3513 Duo
1162 3474 1234 3533 ergo
1251 3455 1303 3514 hic
1316 3455 1420 3516 distin·

205 3523 322 3602 guenda
335 3535 411 3602 sunt,
426 3528 549 3588 alterum
562 3529 642 3607 quod
651 3531 733 3591 Deus
746 3533 777 3591 in
788 3532 887 3594 Verbo
901 3531 1050 3608 revelavit,
1061 3533 1185 3593 alterum
1198 3534 1280 3612 quod
1293 3535 1420 3612 celavit3

205 3603 439 3697 illud-nspemari
460 3627 519 3667 non
532 3628 687 3704 possumus
704 3612 765 3704 nisi
784 3631 941 3706 perperam,
956 3613 1013 3672 hcc
1032 3611 1211 3691 investigare
1231 3613 1292 3674 nisi
1311 3623 1422 3675 tarnem

207 3699 387 3857 estse.
398 3687 615 3828 restis
624 3691 1420 3850 sererermssammessm

204 3843 295 3921 perba
344 3847 413 3905 Non
435 3847 499 3906 sileo
518 3851 679 3925 negandum
702 3855 840 3928 estquod
851 3861 892 3911 ert
909 3861 1048 3929 mmor,
1063 3851 1133 3929 qratia
1152 3855 1356 3930 comprehendi
1364 3875 1421 3914 non

199 3932 294 3998 potest
306 3927 384 4000 qnod
395 3935 436 3985 cst
447 3931 590 4003 mittent,
606 3936 639 3987 ut
653 3929 694 3989 ait
708 3929 788 4008 Aug.

246 4003 289 4062 X.
312 4004 414 4066 Patres
427 4015 494 4066 ante
509 4007 636 4085 August.
650 4010 766 4086 parcius
780 4011 817 4069 de
836 4011 892 4070 hoc
905 4011 1044 4089 mysterio
1062 4010 1154 4072 locuti
1167 4019 1244 4085 suut,
1259 4033 1321 4072 non
1341 4013 1421 4091 quod

200 4081 366 4157 judicarent
380 4085 540 4146 doctrinam
554 4107 618 4148 csse
632 4088 748 4149 silentio
760 4090 955 4167 premendam,
970 4089 1022 4150 sed
1035 4091 1105 4169 qnia
1124 4109 1184 4150 non
1198 4092 1324 4152 dabam
1337 4113 1419 4153 occa-

206 4159 249 4218 sio
263 4159 355 4222 fusins
369 4163 406 4223 de
420 4184 455 4224 ea
468 4165 644 4244 disputandi,
659 4167 788 4227 nondum
801 4177 904 4228 exorta
916 4169 1019 4230 haeresi
1034 4169 1203 4248 Pelagisna,
1215 4172 1275 4230 imo
1290 4174 1421 4232 securius

205 4239 361 4332 aliquando
374 4242 488 4304 locutos
501 4245 591 4306 fuisse
605 4255 714 4306 certum
729 4256 792 4308 est:
813 4267 872 4308 non
886 4257 983 4308 tamen
997 4250 1072 4308 hanc
1082 4249 1237 4310 veritatem
1250 4251 1419 4329 penitusn-

205 4331 299 4378 cusae
314 4318 394 4399 (nam
408 4322 541 4400 ignorare
555 4325 606 4402 qni
619 4325 814 4403 potneruntin
827 4328 976 4406 Scriptura
984 4349 1065 4388 secra
1078 4338 1138 4389 tam
1148 4330 1418 4410 clarepropositail

204 4395 308 4468 probet
328 4397 458 4477 August
473 4403 524 4463 lib.
538 4405 575 4464 de
598 4405 676 4464 bono
699 4407 934 4483 Perseverantia,
958 4408 1092 4469 adductis
1114 4410 1145 4468 iu
1168 4410 1247 4470 hunc
1267 4409 1362 4470 hem
1382 4431 1418 4470 ex

206 4469 370 4552 Ambrosio,
387 4479 540 4558 Cypriane,
557 4484 740 4544 Naaiauaeno
755 4486 936 4562 testimoniis,
951 4507 1014 4566 cap.
1031 4491 1083 4554 15„

205 4583 330 4634 Qum„
338 4589 445 4640 pm,
507 4562 567 4622 XI.
590 4563 673 4622 Licet
683 4583 753 4623 vero
767 4564 926 4624 docendam
935 4587 1105 4627 censeamus
1117 4567 1415 4640 Praedestiuationsm,

234 4642 323 4688 tin-tto
344 4649 376 4694 sit
404 4653 445 4696 ce
466 4659 524 4697 non
537 4649 689 4719 propterea
701 4642 821 4703 fibulam
836 4645 996 4707 curiositati
1016 4648 1151 4706 hnmanae
1169 4647 1327 4707 luaudm
1341 4647 1414 4707 arbi-

233 4700 314 4744 Μ’·
465 4725 582 4794 namur,
606 4719 657 4780 sed
679 4741 786 4798 magne
807 4725 955 4785 sobrietate
976 4737 1003 4786 et
1018 4727 1176 4804 pmdenair
1196 4727 1243 4786 hic
1262 4745 1339 4804 opus
1352 4745 1414 4786 esse
