3158 5180
277 357 337 416 376
755 373 847 417 noces
861 371 1005 425 cusanus.
1257 349 1462 438 [ecmannum

278 533 349 575 vero
364 514 402 574 ab
415 513 452 574 iis
465 514 610 576 recedant.
653 515 784 593 Quatuor
796 517 874 576 enim
887 524 917 576 et
929 515 986 595 ipsi
1000 521 1131 575 statuunt
1146 515 1282 590 Decreta,
1296 515 1353 573 dne
1365 533 1467 594 gencra-

277 595 335 671 lia3
357 604 387 654 et
400 594 459 655 dno
478 593 671 673 particularis.
713 597 842 656 Primum
859 599 992 673 pensan
1012 598 1047 654 de
1067 598 1164 655 dando
1190 595 1303 656 Gir-isto
1321 594 1352 652 in
1372 595 1468 653 Medin-

278 684 370 735 torem
391 675 499 736 Generi
518 675 654 753 hnmano,
678 677 729 753 qui
752 677 946 736 satisfactione
967 695 1020 735 sna
1039 675 1223 736 obstaculum
1239 675 1359 752 justitiae
1378 674 1469 732 divine

278 766 447 830 removeret,
462 763 492 814 ct
505 755 639 815 omnibns
653 765 683 815 et
697 757 821 833 singulis
841 757 918 814 viam
932 754 1035 816 salutis
1048 756 1183 834 aperiret.
1224 756 1352 813 Alteram
1371 757 1403 813 de
1425 755 1469 813 Vo-

278 835 386 893 catioce
400 837 559 911 ammenti,
577 855 636 912 qno
650 835 751 896 statuit
766 837 854 912 Dens,
876 836 971 914 posita
984 835 1180 894 satisfactione
1201 835 1318 909 Christi,
1338 853 1430 892 omnes
1447 843 1472 892 et

279 915 412 992 singulos
425 914 463 973 ad
476 913 598 974 salutem
613 935 726 991 vocare,
748 923 778 974 et
792 916 914 994 gratiam
928 916 959 973 in
972 914 1088 974 Christo
1107 923 1222 992 partam
1237 913 1435 973 sufficientibus
1446 913 1471 972 in

279 1013 311 1052 se
324 993 428 1053 mediis
442 993 552 1070 offerre,
574 995 654 1072 quod
673 1005 826 1072 utrumqne
846 995 956 1054 nitatur
969 997 1145 1076 φιλιιοςηιᾈ
1165 994 1223 1054 Dei
1244 1002 1275 1053 et
1294 992 1472 1052 misericordis

278 1073 445 1150 mriversali,
491 1093 530 1134 ua
551 1075 674 1134 Generis
694 1075 813 1134 humani
832 1075 974 1150 misertus,
997 1075 1143 1135 Christum
1168 1083 1309 1151 tanquam
1329 1072 1470 1132 remedium

279 1153 445 1213 universale
503 1175 534 1214 re
547 1155 680 1230 voluerit,
702 1163 735 1214 ut
748 1155 912 1233 quicunque
926 1155 1017 1215 credit
1037 1155 1068 1213 in
1082 1173 1148 1214 enm
1162 1173 1223 1212 non
1244 1161 1350 1231 pereat,
1365 1151 1412 1211 sed
1427 1153 1471 1210 hs·

279 1234 348 1292 beat
361 1233 452 1293 vitam
466 1243 611 1310 aternam,
626 1243 656 1294 et
669 1234 793 1296 eundem
807 1233 903 1294 offerri
916 1243 997 1294 curet
1010 1234 1144 1294 omnibus
1160 1243 1192 1292 et
1206 1233 1331 1310 singulis
1351 1232 1401 1290 snb
1413 1250 1470 1289 con·

281 1312 391 1372 ditione
418 1312 495 1389 fidei,
518 1322 548 1374 et
571 1313 756 1392 pmnitentim
799 1314 874 1389 Quin
894 1333 965 1374 vero
985 1314 1120 1392 praeridit
1143 1313 1291 1373 neminem
1315 1311 1472 1370 creditarum

279 1399 397 1469 propter
415 1393 544 1452 innatam
556 1393 682 1452 hominis
701 1393 882 1471 pravitatem,
904 1404 934 1454 et
953 1394 1060 1454 Christi
1078 1393 1277 1471 Evangelium
1298 1392 1335 1451 ab
1354 1391 1471 1450 onmibns

278 1471 475 1550 rejiciendum,
528 1473 665 1531 rtendunt
679 1474 774 1532 Deum
788 1472 904 1532 decreto
918 1473 1035 1552 speciali
1048 1474 1173 1550 elegisse
1195 1481 1266 1532 tunc
1281 1471 1393 1530 demum
1410 1489 1469 1528 non·

279 1551 385 1627 nullos,
400 1570 474 1628 quos
512 1553 604 1611 hristo
618 1552 707 1628 daret,
729 1552 787 1611 fide
801 1552 930 1629 donaret,
952 1573 1025 1631 qnos
1044 1552 1233 1631 postmodum
1254 1570 1367 1611 servare
1379 1550 1470 1610 consti·

279 1631 375 1705 tuerit,
391 1631 456 1689 aliis
469 1631 500 1688 in
513 1631 714 1691 incredulitate
727 1641 758 1691 et
770 1632 981 1710 impoenitentia
994 1652 1047 1692 sue
1059 1633 1227 1692 voluntaria
1246 1631 1372 1704 relictis3
1391 1629 1471 1690 uthis

280 1709 436 1768 Decretum
450 1712 557 1787 duplex
568 1713 689 1788 speciale
701 1710 909 1776 attendendum
923 1713 969 1789 eit,
991 1713 1113 1772 alterurn
1127 1712 1166 1772 de
1180 1713 1282 1771 meda
1292 1713 1354 1790 fide
1367 1709 1468 1786 quibus-

280 1789 356 1866 dem,
372 1789 495 1850 alterum
515 1789 551 1850 de
565 1793 664 1850 danda
684 1791 743 1852 illis
756 1795 854 1867 salua,
876 1793 955 1870 qnod
975 1792 1083 1854 oriatur
1103 1811 1142 1852 ex
1164 1791 1286 1870 speciali
1305 1809 1404 1864 amore,
1423 1807 1470 1864 qno

282 1869 363 1928 Dens
377 1869 484 1930 electos
498 1889 567 1930 suos
579 1871 774 1949 prosequitur.
816 1871 972 1932 Decretum
986 1873 1119 1949 generale
1134 1873 1241 1932 Genus
1253 1872 1405 1929 humanum
1417 1887 1470 1944 pro

280 1949 391 2009 miscus
405 1951 530 2029 respicit,
553 1960 583 2010 et
595 1952 670 2010 nihil
690 1951 727 2012 de
746 1951 878 2030 personis
897 1951 928 2011 in
949 1952 1089 2030 singulari
1109 1953 1224 2012 statuit.
1267 1949 1393 2027 Speciale
1411 1965 1469 2004 vcro

280 2029 358 2089 circa
371 2050 421 2090 eae
434 2031 604 2091 nominatim
618 2040 759 2107 versatur,
780 2031 852 2091 elias
865 2031 904 2090 ab
917 2031 982 2091 aliie
996 2031 1182 2092 secernendo.
1226 2029 1369 2090 Generale
1387 2045 1468 2084 versa

280 2118 330 2169 tur
342 2111 419 2170 circa
442 2111 577 2174 Gratiam
597 2113 765 2188 adjecm
785 2131 850 2189 qun
871 2111 1004 2172 omnibus
1024 2119 1053 2171 et
1073 2111 1200 2204 singulis
1220 2110 1315 2170 datur.
1356 2105 1468 2185 speciale

280 2189 358 2249 circe
370 2191 555 2266 subdecanum,
570 2193 691 2268 ejusque
703 2191 753 2250 vel
767 2190 921 2266 dationem,
936 2191 985 2252 vel
998 2190 1232 2269 deneganonenn
1274 2189 1469 2249 Genernlctcn·

281 2269 326 2327 dit
336 2269 374 2326 ad
384 2269 544 2329 tollendum
555 2272 780 2346 impedimentum
798 2279 944 2332 salemum
958 2270 1067 2346 suune,
1081 2271 1212 2348 positum
1222 2270 1254 2328 in
1267 2266 1389 2346 ι’ὶνιμίι
1400 2265 1469 2325 satis

279 2347 405 2406 faciendi
415 2349 538 2425 justitia
553 2349 609 2408 Dei
623 2369 675 2425 pro
688 2349 823 2426 peccatis.
867 2349 999 2428 Specinle
1012 2370 1081 2410 vero
1094 2359 1256 2428 occupetur
1270 2351 1300 2408 iu
1312 2343 1468 2408 removendo

279 2427 397 2502 interno,
419 2428 515 2503 posito
545 2428 576 2486 in
596 2425 722 2506 &lempst
742 2429 887 2490 credendi.
930 2430 1072 2490 Generale
1091 2430 1198 2490 nititur
1222 2430 1356 2490 musac
1373 2423 1467 2496 saluis

279 2525 331 2566 seu
344 2505 495 2565 voluntate
510 2507 585 2566 serio
598 2507 715 2585 quidem
729 2507 862 2584 cupiente
877 2509 1000 2569 salntem
1013 2510 1170 2585 hominum,
1186 2519 1219 2570 et
1232 2517 1379 2588 propterea
1391 2503 1466 2564 desti

278 2591 366 2644 nente
381 2585 527 2644 Christum
547 2586 585 2644 ad
605 2605 669 2646 eam
690 2587 901 2664 acquirendum,
924 2589 1049 2650 sednon
1066 2590 1233 2667 explicante
1254 2583 1467 2664 omnipotentiam

279 2665 317 2723 ad
331 2685 394 2723 eam
416 2663 637 2743 conferendam
662 2667 720 2726 Sed
741 2667 866 2744 speciale
885 2668 993 2746 pendet
1013 2689 1032 2728 e
1050 2670 1202 2730 voluntate
1222 2677 1354 2748 potenter
1371 2661 1466 2740 tffi0⁰0¹l

279 2763 330 2804 sen
345 2743 487 2804 effectiva.
530 2746 566 2804 In
581 2745 718 2806 Generali
732 2746 818 2805 datur
832 2747 964 2808 Christus
978 2749 1119 2824 omnibus,
1135 2749 1187 2808 sed
1202 2768 1263 2808 uon
1275 2747 1354 2821 fides,
1367 2753 1395 2804 et
1413 2761 1466 2820 pro

277 2824 403 2884 mittitur
422 2825 509 2902 salus,
532 2826 584 2885 sed
598 2827 652 2886 sub
666 2825 849 2903 conditione;
872 2827 909 2885 ln
930 2828 1048 2905 speciali
1067 2828 1247 2906 promittitur
1266 2829 1329 2906 ipsa
1347 2821 1464 2892 eonditi⁰2

279 2913 310 2964 et
323 2904 408 2964 datur
421 2904 503 2964 fides.
546 2906 689 2967 Generale
710 2905 816 2967 dicitur
829 2925 893 2966 csse
914 2909 974 2968 Dei
991 2927 1049 2985 qua
1068 2909 1262 2984 Lepirlamrri,
1283 2907 1333 2984 qni
1346 2900 1464 2989 fidemin

280 2983 428 3044 Christum
441 2985 608 3046 hominibus
621 2986 790 3064 praescribit,
804 2994 839 3046 ut
852 2987 1046 3047 conditionem
1059 2997 1089 3048 et
1102 2987 1228 3048 officinm
1242 2985 1432 3056 necessarium,
1445 2997 1464 3036 ⁸¹

280 3065 390 3124 servari
403 3065 532 3144 cupiunt„
551 3066 639 3143 juxta
652 3067 804 3126 formulam
819 3067 951 3128 Fmderis
970 3067 1149 3145 Evangelici,
1172 3067 1267 3128 Crede
1281 3076 1308 3125 et
1318 3059 1462 3124 mart.

281 3145 413 3222 speciale
426 3165 496 3205 vero
510 3146 548 3205 ab
561 3146 672 3221 eodem,
694 3155 728 3206 ut
751 3149 914 3223 Oenomaum,
935 3155 965 3206 et
985 3157 1128 3206 mmmm
1141 3148 1342 3224 ntpmatore,
1362 3139 1460 3229 pendet

279 3225 334 3284 sub
348 3243 406 3301 qna
419 3225 502 3300 ηρηι
515 3226 696 3303 determinat,
711 3245 769 3285 non
783 3235 895 3286 tantum
909 3226 980 3304 qnid
999 3227 1085 3286 homo
1098 3226 1191 3286 iacere
1205 3227 1318 3299 debeat,
1340 3221 1388 3282 scd
1404 3214 1463 3295 quid

278 3304 374 3439 qeipse
396 3305 525 3364 factiuns
545 3305 591 3381 sit,
614 3306 663 3364 rel
685 3325 744 3366 non
766 3306 902 3384 facturus,
924 3313 955 3366 et
977 3306 1047 3384 quid
1069 3306 1150 3365 Deus
1169 3306 1233 3386 ipse
1255 3307 1285 3364 in
1308 3322 1342 3362 eo
1361 3313 1461 3378 operare

301 3384 451 3444 ccreverit.

318 3453 408 3520 XIV.
431 3462 571 3537 Quamvis
591 3483 661 3524 vero
686 3465 765 3526 Ordo
785 3467 833 3526 hic
853 3467 884 3526 in
903 3465 1047 3546 precipuo
1068 3466 1167 3544 (lapite
1187 3464 1302 3525 differat
1320 3462 1355 3521 ab
1374 3455 1460 3547 ordint¹

279 3538 517 3600 Arminianorum
544 3545 733 3620 supraposito,
756 3545 851 3606 nimir.
873 3547 904 3605 in
930 3549 1051 3606 Decreta
1070 3546 1190 3622 speciali,
1212 3543 1291 3622 quod
1311 3541 1406 3602 nolnnt
1422 3539 1462 3590 nn

276 3637 443 3696 agnoscere,
468 3629 502 3680 nt
524 3620 637 3684 facilius
657 3623 741 3682 liberi
762 3625 874 3686 arbitrii
895 3623 1049 3708 ἃιιφοςίιι,
1071 3633 1100 3684 et
1120 3625 1229 3685 Gratia
1243 3618 1458 3683 resistibilitatem

276 3707 419 3776 tucantur,
436 3708 522 3778 atque
536 3701 585 3778 ita,
608 3702 658 3779 qni
671 3703 702 3760 in
716 3721 751 3762 ea
764 3711 832 3763 sunt
845 3709 996 3782 sententia,
1018 3705 1188 3765 convenient
1207 3705 1263 3763 hac
1276 3703 1306 3760 in
1318 3705 1393 3778 parta
1405 3709 1459 3752 aum

274 3779 400 3856 illisqui
415 3779 524 3840 Gratim
538 3781 795 3858 particularitatem
807 3794 933 3862 urgent:
955 3786 991 3844 In
1005 3785 1115 3844 caeteris
1134 3791 1230 3842 tamen
1252 3777 1385 3850 Decretis,
1404 3787 1459 3848 (1⁰⁸³

276 3859 424 3936 generalia
439 3870 514 3935 sunt,
530 3859 569 3919 ad
583 3861 849 3922 Rcmonstrantium
863 3865 992 3926 ordinem
1006 3863 1149 3937 accedere,
1164 3871 1194 3922 ct
1206 3863 1309 3922 iisdem
1327 3858 1408 3916 ferme
1419 3867 1456 3907 sr-

277 3940 424 4014 gnmcntis
439 3940 609 4022 confirmari,
621 3943 722 4019 negari
735 3961 794 4002 non
805 3953 910 4020 potest.
953 3945 1050 4022 Atque
1063 3943 1130 4001 hinc
1140 3944 1201 4019 jam
1216 3942 1285 4000 satis
1298 3933 1391 4011 colligi
1402 3945 1457 4007 pot

276 4027 344 4078 ennt
357 4021 493 4096 rationes,
514 4029 632 4098 propter
644 4039 718 4098 quas
731 4039 809 4082 nova
822 4023 873 4082 ills
887 4022 1051 4097 Methodus,
1066 4023 1133 4080 licet
1145 4025 1210 4097 port
1229 4024 1323 4080 πολλὲι
1336 4008 1458 4085 ΨΜ

274 4097 447 4157 obtrudatur
460 4107 598 4177 tanquam
619 4102 853 4162 commodissime
872 4103 909 4162 ad
929 4100 1100 4180 explicanda
1117 4101 1183 4160 loca
1205 4101 1361 4177 Scriptum,
1375 4101 1402 4149 et
1419 4105 1455 4178 ¹5·

274 4177 424 4236 tundenda
448 4177 507 4237 tels
525 4177 776 4256 Adversariorum
797 4183 834 4241 eb
859 4182 998 4242 Ecclesiis
1021 4180 1127 4240 nonnis
1149 4181 1238 4258 recipi
1258 4197 1315 4238 non
1336 4173 1454 4256 potem}

276 4253 361 4328 Quod
373 4257 496 4316 ulterius
509 4259 596 4318 etiam
610 4279 648 4318 ex
661 4260 861 4337 incommodis,
882 4280 948 4338 qun
961 4261 1088 4320 ordinem
1102 4260 1154 4318 hic*
1169 4259 1292 4338 positum
1304 4255 1333 4312 in
1345 4252 1454 4336 decretis

276 4332 393 4393 Divinis
408 4344 574 4412 sequuntur,
597 4347 695 4416 patere
715 4341 830 4418 poterit.
871 4341 955 4415 Nam,
976 4349 1080 4400 utnon
1093 4349 1252 4417 repetamus
1264 4355 1326 4413 qua
1338 4337 1451 4416 aniafflss

277 4409 410 4472 Decretis
424 4416 608 4491 generalibus
623 4417 859 4479 Arminianorum
873 4420 1016 4498 carpenda
1029 4419 1163 4494 diximus,
1188 4437 1251 4494 quc
1264 4414 1392 4500 adversm
1404 4409 1452 4494 [8Ὲὸ

269 4505 334 4545 non
347 4491 443 4551 minna
456 4494 598 4572 militant3
621 4495 693 4571 Quis
701 4498 849 4559 conridet
862 4499 892 4558 in
906 4498 1019 4558 dnobus
1033 4499 1096 4558 istis
1109 4497 1238 4572 decretis,
1253 4489 1371 4579 genem}¹
1383 4481 1450 4542 ⁸⁰¹¹*

275 4573 330 4636 ⁰⁰2»
345 4577 374 4625 et
388 4570 514 4650 speciali,
529 4593 565 4634 ea
578 4577 710 4635 connecti
723 4595 789 4654 quse
802 4579 886 4638 facile
900 4579 1045 4638 conciliari
1059 4587 1209 4655 nequeant,
1228 4573 1314 4634 multo
1326 4579 1411 4626 mines
1423 4564 1451 4616 ut

274 4641 359 4699 unico
374 4654 403 4702 et
417 4648 630 4725 simplicissimo
643 4655 803 4716 voluntatis
817 4666 891 4731 actu,
907 4677 965 4734 qno
979 4659 1074 4716 omnia
1086 4653 1273 4716 decernuntur
1285 4669 1301 4708 a
1315 4648 1379 4716 Det
1393 4655 1447 4716 1³⁰¹·
