3044 5180
118 342 227 393 eumer.
243 322 303 404 xc]
581 343 619 383 na
635 343 929 384 rrnnnsrmsrrone.
1266 329 1325 384 325

119 484 228 543 electus
242 491 289 543 est
303 483 445 560 credens3
467 482 519 542 sed
531 484 682 561 posteriue,
697 483 734 542 de
748 503 806 561 quo
819 484 867 544 hic
880 483 985 561 agitur,
1001 491 1132 562 negetur.
1169 484 1248 542 Hinc
1261 483 1326 544 loce

117 583 183 640 qnae
198 571 333 622 statuum
346 562 491 622 neminem
505 563 561 622 nisi
581 562 744 622 credentem
767 563 884 640 servari,
900 564 1024 641 probent
1038 563 1155 641 quidem
1169 564 1324 623 necessita·

117 655 178 702 tem
197 643 268 702 fidei
288 641 328 700 ad
349 643 471 702 salntem
493 643 724 720 consequendam
746 643 775 701 in
789 651 926 721 tempore,
950 643 1001 702 sed
1015 663 1073 702 non
1087 643 1156 703 fidei
1176 643 1324 720 previsio

117 722 1324 864 ifflrvfffilildlbllliibeZoedlmqubihlssilrdiimdidiiii

157 881 293 940 XXXI.
317 847 445 940 Si’Deus
466 882 560 940 salvat
573 881 723 942 credentes
736 900 795 958 qua
814 823 896 957 tilde,
919 822 1049 959 sdquitur
1061 882 1180 960 quidem
1193 901 1259 942 eum
1274 881 1323 940 de·

116 962 247 1020 crevisse
261 980 313 1020 eos
327 961 440 1020 salvare
454 979 513 1038 que.
526 961 606 1037 tales,
629 961 681 1020 sed
694 981 753 1020 non
766 982 824 1038 qua
837 963 910 1022 tales
924 961 1047 1039 elegisse
1057 960 1095 1021 ed
1109 962 1240 1038 salutem,
1256 962 1325 1039 qnia

115 1041 190 1100 fides
204 1061 273 1119 que
288 1051 333 1099 est
346 1059 433 1100 cause
447 1041 557 1116 salutis,
578 1050 622 1101 cst
635 1050 747 1101 tantum
758 1040 891 1100 effectum
906 1051 935 1100 et
948 1041 1074 1100 medinm
1089 1042 1257 1101 electionis:
1276 1041 1324 1100 Sic

115 1140 221 1179 verum
236 1129 283 1179 est
298 1121 393 1179 Deum
408 1121 438 1178 in
452 1131 579 1196 ternpore
594 1139 710 1180 seruere
723 1120 825 1180 eodem
839 1121 997 1198 modoque
1011 1120 1141 1181 decrevit
1154 1140 1278 1196 servare,
1295 1129 1324 1180 et

115 1209 149 1260 nt
162 1209 265 1260 servet
275 1200 307 1257 in
319 1207 447 1276 tempore
460 1199 621 1278 perfidem,
633 1200 898 1259 ita'decrevisseab
912 1209 1019 1260 eterno
1033 1220 1151 1260 servare
1162 1220 1214 1278 per
1227 1200 1323 1274 fidem,

118 1279 157 1338 id.
171 1289 206 1338 ut
219 1279 296 1338 fides
318 1279 356 1338 sit
378 1278 504 1338 conditio
530 1287 559 1338 et
579 1279 706 1339 medium
727 1279 937 1357 consequenda
955 1280 1076 1356 salutis;
1100 1281 1159 1340 Sed
1172 1300 1231 1339 non
1245 1281 1325 1339 velet

114 1360 235 1438 pffiter,
248 1359 274 1416 si
285 1358 321 1417 de
335 1378 423 1417 cause
432 1359 541 1418 decreti
551 1359 746 1436 intellige-tun
762 1360 830 1436 qnia
839 1359 912 1419 fides
922 1369 1041 1437 quaeest
1051 1379 1138 1419 ecura
1151 1360 1324 1420 antecedens

113 1438 310 1515 salutisque
331 1438 416 1498 nobis
438 1437 609 1512 decernitur,
625 1457 683 1498 non
703 1449 880 1517 potestesse
901 1439 988 1498 causa
1006 1439 1123 1515 decreti,
1146 1439 1197 1498 sed
1212 1447 1324 1500 tentum

114 1519 258 1594 medium,
274 1537 333 1595 quo
349 1516 427 1577 selus
440 1518 525 1578 nobis
539 1517 655 1578 decreta
669 1519 822 1579 obtinetur.
850 1520 933 1578 Licet
946 1528 1043 1579 autem
1057 1519 1130 1578 nihil
1143 1519 1195 1578 fiet
1207 1520 1237 1578 in
1252 1529 1322 1578 tem-

113 1619 187 1677 pore
202 1597 284 1675 quod
297 1617 356 1656 non
370 1597 516 1658 decretum
530 1599 569 1657 sit
582 1598 619 1657 cb
634 1608 749 1674 aeterno,
765 1618 824 1657 non
837 1607 933 1658 temen
952 1609 1104 1676 propterea
1123 1599 1209 1659 debet
1223 1599 1323 1658 endem

114 1697 183 1737 esse
197 1679 274 1736 retio
288 1676 397 1736 decreti
410 1697 475 1754 quae
489 1677 677 1737 executionis.
699 1679 774 1736 Nem
788 1678 935 1738 decretum
948 1679 1050 1756 incipit
1064 1699 1082 1738 e
1094 1679 1159 1754 fine,
1175 1688 1205 1738 et
1218 1679 1325 1738 desinit

114 1759 148 1816 iu
164 1757 284 1833 mediIs3
300 1755 344 1816 At
352 1757 484 1816 executio
495 1757 624 1835 incipite
637 1758 748 1833 mediis,
760 1767 788 1817 et
803 1757 909 1817 desinit
919 1759 950 1817 in
960 1759 1035 1835 fine;
1050 1759 1132 1818 Deus
1145 1759 1176 1817 in
1189 1758 1324 1836 eligendo

115 1837 284 1915 concipitur
296 1837 377 1913 prius
390 1836 553 1896 decrevisse
568 1856 692 1913 servare,
715 1836 819 1896 deinde
840 1836 989 1897 intendere
1003 1837 1071 1896 dere
1085 1839 1181 1898 media
1194 1837 1233 1896 ad
1246 1839 1323 1897 saln-

116 1929 189 1991 tem,
204 1917 269 1976 scil
283 1915 371 1975 fidem
385 1925 415 1975 et
435 1915 644 1992 obedientiam
667 1917 763 1976 sedin
777 1917 948 1976 executione
965 1917 1045 1995 prins
1058 1917 1108 1976 det
1128 1917 1224 1976 medie
1237 1937 1324 1994 quern

115 1995 262 2075 perducat
275 1995 314 2054 ad
326 1995 412 2054 finem
426 2019 433 2055 ι
455 1995 541 2056 Unde
555 1996 634 2074 quod
648 2004 693 2056 cst
706 2016 793 2056 cause
807 1995 917 2071 sslntis,
933 2015 991 2056 uon
1002 1996 1098 2056 statim
1114 1996 1200 2056 debet
1214 1999 1325 2057 censeri

115 2095 209 2135 causa
223 2075 381 2150 electionis,
397 2075 454 2134 imo
468 2077 565 2152 potins
575 2073 729 2137 effectum:
752 2075 800 2134 Sic
816 2075 949 2136 Medicus
961 2076 1042 2153 prius
1055 2075 1180 2135 intendit
1200 2077 1323 2136 senedo-

117 2175 187 2214 nem
202 2155 276 2232 eegri
288 2175 376 2233 quem
390 2156 499 2233 cogitet
512 2155 549 2214 de
562 2154 705 2231 remediis,
718 2155 770 2214 sed
783 2155 813 2213 in
825 2155 994 2232 exequendo
1008 2155 1087 2233 prius
1101 2155 1220 2214 adhibet
1234 2175 1324 2215 reme·

116 2235 171 2294 clia
183 2254 272 2312 quum
287 2243 378 2294 senet.
421 2235 504 2294 Licet
525 2255 595 2312 ergo
613 2236 693 2294 Dens
712 2235 742 2294 in
764 2234 935 2312 exequendo
955 2235 1036 2313 prius
1058 2235 1108 2294 det
1127 2234 1214 2294 fidem
1237 2257 1324 2313 quem

107 2315 255 2390 ,salntem
266 2333 326 2374 non
339 2323 436 2374 tamen
450 2314 517 2374 inde
530 2314 629 2374 inferri
642 2323 739 2392 potest
748 2315 843 2374 Deum
856 2315 887 2373 in
901 2315 1035 2393 eligendo
1049 2315 1130 2394 prius
1143 2315 1324 2376 considerare

117 2393 209 2454 fidem
223 2413 311 2472 quam
326 2394 457 2454 salntem.

162 2473 313 2532 XXXII.
336 2474 418 2534 Licet
440 2475 522 2534 Deus
539 2473 725 2552 predestinet
745 2473 878 2534 homines
902 2475 940 2534 ad
961 2473 1057 2550 fidem,
1074 2484 1106 2535 ut
1127 2474 1165 2534 ad
1187 2475 1322 2552 medium,

117 2574 173 2632 per
186 2553 268 2632 quod
280 2553 318 2612 ed
332 2554 454 2613 salutem
467 2555 653 2632 pervenient;
675 2575 734 2614 non
747 2575 865 2614 necesse
879 2565 924 2614 est
938 2563 971 2614 ut
983 2555 1090 2632 pariter
1104 2556 1186 2616 Deus
1199 2556 1324 2633 predes-

116 2635 196 2693 tinet
218 2634 356 2710 reprobos
378 2632 416 2692 ed
437 2633 668 2694 incredulitatem
690 2643 719 2694 et
740 2635 778 2693 ad
802 2635 1058 2713 inpoenitentiam:
1088 2636 1157 2712 qnia
1177 2635 1234 2695 alin
1257 2647 1324 2696 sunt

116 2712 226 2789 medie,
239 2733 305 2790 que
320 2713 400 2774 Deus
413 2714 525 2773 invenit
538 2715 569 2772 in
582 2714 675 2789 nobie,
697 2714 755 2773 elis
768 2733 833 2792 qnae
847 2714 934 2788 lacit3
949 2714 1136 2774 incredulitas
1150 2726 1179 2774 et
1193 2716 1325 2794 impoeni-

119 2794 215 2853 tentis
228 2813 288 2852 non
300 2803 446 2871 ponuntur
459 2813 478 2852 e
492 2794 564 2869 Deo,
580 2793 631 2853 sed
645 2795 831 2854 inveniuntur
844 2794 875 2852 in
883 2795 986 2871 nobis3
1009 2794 1052 2854 At
1065 2795 1138 2854 fides
1152 2815 1169 2853 a
1183 2796 1246 2855 eolo
1260 2797 1325 2856 Deo

120 2874 226 2948 oritur,
243 2892 303 2930 non
316 2893 334 2931 e
345 2873 438 2932 nobie.

163 2953 332 3012 XXXIII.
354 2953 437 3012 Licet
457 2953 621 3030 reprobatio
641 2952 717 3012 secte
739 2953 777 3012 eit
798 2972 836 3011 ex
856 2953 962 3012 intuitu
982 2954 1102 3030 peccati,
1117 2971 1175 3012 nou
1196 2954 1326 3030 sequitur

108 3033 295 3092 'electionem
307 3033 415 3110 pariter
428 3032 533 3092 factam
547 3032 636 3092 fuisse
650 3053 688 3091 ex
702 3033 809 3092 intuitu
819 3032 888 3091 fidei
901 3041 931 3091 et
943 3032 1084 3090 bonorum
1098 3051 1234 3108 operum3
1257 3035 1326 3168 (pile

119 3112 288 3190 reprobatio
302 3121 347 3172 est
360 3119 442 3172 actus
451 3113 582 3190 justitie,
595 3132 659 3189 quae
674 3111 810 3190 supponit
823 3110 985 3170 necessario
999 3119 1163 3188 peccetum3
1186 3110 1238 3168 sed
1252 3131 1267 3170 e
1280 3133 1326 3171 ec-

119 3192 165 3252 tio
178 3200 225 3251 est
238 3201 322 3252 actus
335 3192 547 3267 misericordie,
562 3213 627 3270 que
640 3191 714 3249 nihil
728 3191 865 3268 supponit
877 3190 934 3248 nisi
950 3187 1112 3250 miseriam:
1134 3191 1182 3249 Ite
1195 3190 1326 3252 homiues

119 3279 279 3350 potuerunt
292 3272 323 3330 in
337 3271 588 3350 predestinatione
603 3271 727 3350 spectari
740 3271 771 3329 in
791 3279 866 3329 statu
880 3270 1007 3346 mderr'oe,
1029 3270 1059 3328 in
1074 3289 1160 3347 quem
1175 3290 1228 3329 sua
1241 3271 1326 3349 culpe

121 3351 296 3425 inciderunt,
312 3350 436 3410 sednon
450 3351 480 3409 in
501 3361 576 3411 etate
586 3352 697 3429 pratioe,
718 3351 756 3410 ed
769 3369 855 3428 quern
869 3369 921 3427 per
934 3349 1080 3410 decretum
1094 3350 1243 3410 electionis
1264 3359 1326 3410 tcu-

122 3439 185 3490 tnm
198 3441 283 3490 erant
296 3430 474 3491 traducendi.

163 3510 327 3570 XXXIV.
349 3511 494 3570 Voluntas
508 3510 596 3570 dnndi
617 3509 748 3585 salutem,
763 3518 796 3570 nt
816 3529 952 3570 coronam
972 3519 1001 3571 et
1018 3511 1167 3589 praemium
1181 3511 1326 3587 fidelibus,

121 3590 764 3748 metitltttttttflltt
777 3590 1329 3749 tttttttttttttttrtllt
1377 3651 1381 3658 ·

120 3749 298 3826 previsione
312 3751 379 3810 telis
399 3751 467 3810 fidei
480 3750 613 3829 pendeat,
638 3770 703 3810 cum
717 3751 779 3810 haec
793 3751 803 3808 i
824 3771 856 3810 se
869 3750 942 3809 fides
955 3751 992 3809 nb
1006 3750 1057 3808 illo
1072 3749 1187 3808 decreto
1202 3750 1328 3810 oriatur:

124 3829 249 3890 Justitie
269 3849 339 3908 ergo
359 3831 487 3908 postulet
507 3838 540 3891 ut
559 3829 708 3908 premium
722 3851 781 3889 non
795 3771 880 3890 dbtnr
892 3829 949 3888 nisi
963 3837 1030 3906 post
1050 3829 1253 3902 obedientiam,
1277 3830 1328 3888 sed

125 3928 183 3968 non
196 3911 326 3988 posmlat
347 3920 380 3970 ut
400 3911 560 3970 destinetur
580 3919 696 3988 propter
718 3909 912 3970 obedientiam
931 3909 1092 3986 previsam,
1116 3908 1242 3966 maxime
1263 3927 1329 3966 cnm

126 4008 236 4049 merces
250 3989 302 4048 ills
315 3990 354 4050 sit
363 4009 442 4049 mere
456 3991 590 4068 mentita
602 4010 666 4068 quse
680 3991 773 4050 aDeo
781 4009 840 4048 non
850 3987 936 4047 modo
946 3987 1123 4064 promittitur
1133 3996 1166 4047 ut
1180 3988 1329 4064 praemium

126 4069 164 4128 ed
176 4089 232 4128 nos
245 4068 416 4129 excitandos
427 4070 464 4128 ad
478 4070 610 4146 officium,
623 4069 676 4129 sed
684 4070 845 4129 destinetur
858 4068 944 4127 etiam
958 4075 992 4126 ut
1002 4067 1110 4125 donum
1124 4074 1153 4124 et
1165 4066 1329 4126 heredites.

128 4149 176 4208 Sic
199 4149 282 4209 Deus
303 4151 477 4228 preparavit
497 4169 618 4228 regnum
640 4150 778 4209 coelorum
800 4146 989 4224 diligentibus
1011 4165 1051 4221 se,
1069 4149 1084 4202 1
1108 4145 1172 4204 Cor.
1194 4145 1224 4204 ii.
1246 4147 1274 4220 9,
1297 4155 1331 4207 ut

125 4229 243 4289 dilectio
258 4229 296 4288 sit
310 4229 438 4289 conditio
451 4229 617 4308 precedens
630 4227 838 4307 possessionis;
862 4225 911 4284 sed
926 4244 985 4283 non
1004 4233 1122 4303 propter
1135 4223 1329 4302 dilectionem,

125 4309 216 4368 nteit
236 4329 325 4368 cause
344 4310 501 4387 impulsiva
513 4309 739 4387 prreperctionis.
776 4307 876 4382 Neque
900 4306 948 4363 hic
970 4305 1043 4364 bene
1068 4303 1235 4364 distinxeris
1256 4306 1331 4365 inter

126 4389 209 4466 σῄηι
224 4391 330 4467 Pace,
345 4409 410 4468 qne
425 4390 553 4449 obtineat
566 4388 597 4447 in
611 4386 876 4459 Prredeetinatione,
892 4393 921 4444 et
935 4384 1145 4460 extrav-ladini,
1160 4404 1225 4462 quse
1235 4385 1330 4446 locum

126 4469 261 4528 habitura
275 4470 358 4529 sitin
372 4469 419 4528 die
433 4469 553 4545 Judicii,
568 4477 602 4528 nt
615 4468 731 4529 collatio
746 4467 848 4526 salutis
861 4485 919 4524 non
934 4474 993 4525 tam
1008 4465 1046 4524 sit
1059 4472 1141 4524 ectus
1155 4465 1264 4545 gretie,
1280 4467 1331 4544 qui

127 4549 251 4626 pendeat
265 4569 304 4608 ex
318 4549 467 4626 electione,
482 4568 569 4626 quem
589 4559 671 4608 ectus
688 4547 819 4625 justitiae,
834 4546 885 4623 qui
906 4545 1045 4606 retribuat
1058 4545 1213 4624 unicuique
1230 4566 1330 4606 secun·

127 4627 195 4689 dum
209 4650 299 4708 opera
313 4649 374 4690 sua.
410 4629 493 4689 Licet
513 4629 589 4689 enim
606 4628 722 4705 justitia
741 4625 889 4687 fidelitatis
908 4625 937 4684 in
956 4626 1185 4687 remuneratione
1205 4627 1332 4704 gratuita
