3044 5180
115 445 216 496 unm.
230 423 331 508 urm]
561 446 600 488 on
615 445 674 488 neo
688 445 757 511 orto,
773 447 812 488 nr
824 446 924 518 ramo.
1247 427 1305 486 sel

110 588 215 666 ponitur
232 595 319 648 natus
341 605 382 647 ex
401 585 525 666 Virgine
545 587 577 648 in
599 596 737 668 tempore,
759 596 792 650 ut
812 590 851 650 sit
871 587 987 668 genitus
1007 586 1045 647 ab
1065 595 1173 647 eterno
1193 606 1211 645 a
1233 586 1306 664 Deo,

112 667 189 728 Ριοι.
200 667 260 727 viii.
280 672 331 727 22.
376 668 424 728 Ita
443 677 489 728 est
509 669 595 728 Patre
615 669 709 731 minor
728 670 839 729 ratione
858 669 1031 730 voluntaria
1051 667 1257 728 exinanitionis
1277 675 1307 728 et

111 757 250 826 ”sumpte
273 747 383 824 carnis,
404 757 438 808 ut
459 748 498 808 sit
517 757 615 809 tamen
634 749 663 809 ei
681 769 735 828 par
753 758 887 828 respectu
907 757 1021 810 aeternas
1043 749 1168 808 Deitatis
1187 747 1245 826 ipsi
1262 748 1306 806 ab

109 837 203 984 ἔζηιιιο
215 828 448 966 eorrpmunicate,
470 829 520 889 Jo.
534 849 564 890 v.
581 831 617 888 18
630 851 638 908 ;
658 829 701 890 ita
719 830 908 890 mortificatus
921 849 1020 907 carne;
1041 836 1075 889 ut
1089 829 1127 889 sit
1141 827 1306 888 vivificatus

146 907 248 984 ’'tu,l
291 917 332 968 et.
347 907 391 967 iii.
407 911 454 969 18.

530 1147 725 1226 QUAESTIO
745 1149 875 1211 XXIX.

450 1325 490 1368 DE
503 1326 633 1369 manae
646 1327 719 1370 nm
732 1327 953 1370 nassamones.

285 1467 1008 1557 summosemeqesesaramr
1048 1468 1109 1530 se.

141 1625 166 1686 Ι.
186 1625 314 1703 Quaestio
334 1626 502 1706 praecedens
521 1630 659 1706 leucate,
685 1637 715 1690 et
734 1629 915 1692 identitatem
937 1629 1121 1691 essentialem
1144 1629 1213 1689 Filii
1237 1649 1304 1689 eum

107 1704 186 1764 Patre
204 1709 347 1784 assemit3
375 1708 437 1768 Ista
456 1710 521 1787 ejus
541 1711 742 1770 demonem
755 1712 938 1770 Pomonalem
957 1711 995 1770 ab
1016 1730 1060 1786 so,
1078 1709 1254 1770 ineffabilem
1274 1719 1305 1770 et

108 1793 232 1845 eternam
246 1787 312 1865 ejus
323 1787 556 1866 Generatiouem,
565 1789 706 1850 adversus
719 1788 1026 1852 Anti-Trinitariorum
1038 1790 1241 1870 blasphemias,
1254 1789 1304 1850 de·

109 1867 278 1927 monstrabit.
1196 1913 1200 1920 .

423 1947 466 2007 11.
488 1947 555 2008 Non
575 1949 720 2028 quaeritur,
743 1950 794 2009 An
815 1949 948 2010 Christus
967 1948 1060 2028 possit
1080 1948 1138 2008 dici
1158 1949 1274 2027 genitus
1286 1968 1305 2007 a

363 2027 427 2088 Deo
446 2048 499 2106 per
511 2029 713 2090 miraculosam
729 2030 854 2108 Spiritus
876 2029 907 2090 S.
926 2028 1161 2108 conceptionem
1184 2029 1232 2104 Et,
1254 2028 1305 2086 An

360 2107 455 2168 Filius
478 2109 535 2168 Dei
547 2109 645 2170 vocari
663 2108 756 2188 possit
769 2129 820 2188 per
840 2110 996 2187 gratiosam
1017 2108 1304 2168 communicationem

105 2187 268 2267 existentis,
283 2189 445 2268 potestatis,
461 2199 491 2248 et
505 2189 603 2267 glorie
618 2188 743 2249 divinae:
763 2189 819 2249 hoc
833 2189 910 2249 enim
923 2189 1008 2248 facile
1017 2189 1181 2268 largiuntur
1189 2186 1304 2246 Adver-

104 2267 185 2344 sarii3
204 2278 234 2328 et
253 2270 363 2328 nullam
384 2269 472 2327 aliam
493 2269 657 2329 Filiationis
678 2270 741 2347 ejus
761 2289 879 2329 causam
899 2277 1070 2347 agnoscunt.
1114 2267 1180 2345 Sed,
1202 2267 1253 2327 An
1267 2268 1306 2328 sit

104 2348 213 2422 genitus
226 2349 264 2408 ab
278 2357 386 2409 aeterno
400 2369 418 2408 a
433 2349 527 2424 Patre,
543 2357 580 2424 et,
593 2350 644 2409 An
656 2357 778 2409 vocetur
792 2350 885 2410 Filius
899 2359 1016 2429 propter
1025 2368 1159 2408 arcanmn
1167 2356 1196 2408 et
1204 2347 1304 2408 meffa-

103 2425 187 2566 lpgem
208 2449 247 2488 ex
268 2430 355 2490 Patre
374 2429 612 2508 generationem?
632 2428 711 2508 quod
733 2429 902 2509 blaspheme
923 2436 1033 2508 negant
1056 2429 1219 2507 Sociniaui;
1242 2429 1304 2488 Nos

150 2528 283 2570 rmamus.

134 2009 212 2057 Statua
222 2011 306 2062 Quae·

178 2071 257 2118 tionis.

140 2587 198 2647 III.
220 2589 265 2650 Ut
275 2608 347 2648 vero
360 2587 469 2648 veritas
489 2596 605 2648 aeterne
624 2588 710 2650 istius
730 2589 926 2668 generationis
946 2589 1050 2651 melius
1069 2588 1163 2669 possit
1182 2588 1302 2666 adstrui,

101 2666 207 2746 aliquid
220 2669 252 2728 in
265 2678 446 2730 antecessum
460 2667 497 2727 de
511 2668 576 2747 ejus
589 2677 692 2728 natura
705 2669 927 2731 observandum.
956 2671 1023 2730 Non
1036 2671 1115 2748 quod
1136 2689 1171 2730 ea
1184 2689 1202 2728 a
1219 2670 1304 2730 nobis

100 2749 210 2827 concipi
232 2749 334 2827 possit,
358 2748 408 2808 vel
428 2747 560 2827 exprimi.
602 2749 661 2808 Hic
670 2751 744 2809 entia
768 2771 826 2810 νοω
849 2751 918 2826 salet,
944 2771 1021 2809 niens
1047 2751 1144 2831 dejicit,
1163 2769 1221 2810 noa
1241 2759 1304 2810 tan-

99 2837 158 2886 tem
170 2849 241 2904 mea,
256 2831 308 2888 sod
319 2830 404 2888 ιιὶαιιι
423 2829 604 2906 Angelorum
625 2837 657 2888 ut
678 2828 826 2890 Ambrosi.
843 2831 875 2890 li
896 2832 933 2890 de
953 2829 1011 2889 fide
1031 2850 1094 2908 cap.
1116 2833 1145 2888 5.
1165 2830 1302 2908 loquitur,

97 2917 127 2967 et
140 2908 249 2982 Grego.
266 2908 348 2967 Neri.
362 2907 481 2968 fibulam
502 2908 596 2986 injicit
609 2909 769 2969 curiositati
782 2918 897 2984 nostre,
920 2929 1009 2985 quum
1023 2909 1088 2968 vult
1104 2929 1167 2969 sam
1189 2909 1305 2970 silentio

97 2987 162 3064 wll,
170 2997 235 3048 eet
245 2989 347 3060 γῖηιισις
361 2992 445 3070 crespi
453 2991 574 3065 τιμᾶσθο,
583 2987 652 3066 pcipe
662 2995 700 3048 rol
714 2995 741 3046 ri
755 2995 838 3048 ultis
848 2990 884 3048 irs
898 2987 1044 3064 pivimus,
1056 2997 1089 3048 ul
1101 2989 1149 3046 hio
1157 2988 1211 3048 rite
1222 3009 1305 3048 usur·

95 3068 159 3146 peri
171 3069 266 3148 possit
278 3069 361 3145 illud,
377 3070 436 3128 lsa.
449 3069 501 3128 liii.
521 3071 550 3145 8,
570 3068 640 3128 licet
659 3069 717 3128 elio
738 3070 825 3128 etiam
845 3069 988 3146 respiciat,
1012 3067 1227 3128 occansonem
1247 3071 1305 3143 ejus

95 3149 158 3226 qua
170 3150 343 3209 amobit!
385 3149 444 3209 Sed
456 3157 570 3208 tautum
583 3156 616 3208 ut
630 3148 826 3243 distinguuntur
837 3168 857 3206 a
869 3145 1104 3226 generationibus
1117 3145 1260 3224 humanda,
1276 3155 1306 3207 et

95 3229 927 3387 nellllvlliibiiiriiiliigiirieinlibtldicitqcibliiimtiiriicationem
948 3305 1080 3368 aasentias
1100 3327 1119 3367 a
1138 3315 1219 3386 parte
1240 3306 1305 3386 gig-

95 3390 193 3450 nentia
207 3389 317 3466 genito,
338 3408 390 3467 per
402 3408 489 3466 qnam
503 3389 620 3466 genitus
632 3388 684 3448 list
698 3387 800 3447 similis
814 3388 954 3466 gignenti,
977 3396 1008 3448 et
1020 3388 1142 3448 eandem
1155 3407 1222 3448 cnm
1241 3387 1306 3468 ipso

95 3477 231 3530 naturam
254 3468 424 3547 participet,
447 3468 495 3529 Ita
516 3469 673 3529 Generatio
693 3468 750 3529 ista
771 3467 949 3529 admirabilis
976 3476 1054 3528 recte
1080 3469 1235 3548 exponitur
1253 3488 1307 3549 per

97 3548 388 3609 communicationem
402 3548 535 3608 essentie
549 3568 568 3606 a
581 3548 676 3626 Patre,
734 3569 849 3628 nquam
863 3549 984 3610 eandem
998 3568 1064 3609 cum
1078 3549 1129 3609 illo
1149 3549 1306 3610 escendam

98 3629 193 3689 Filius
206 3627 424 3687 indivisibiliter
436 3627 574 3706 possidet,
589 3629 676 3688 atilli
709 3637 723 3688 t
736 3629 919 3690 simillimus:
962 3629 1021 3689 Sed
1041 3629 1249 3709 qualiscunque
1269 3630 1308 3688 sit

98 3709 173 3768 inter
193 3707 396 3788 genemtiones
416 3708 564 3768 naturales
585 3715 616 3768 et
634 3709 783 3785 humanas,
805 3716 836 3768 et
856 3710 1102 3788 supernaturalem
1122 3718 1153 3768 et
1176 3708 1306 3767 divinam

101 3789 242 3866 analogia,
258 3787 326 3846 Non
340 3795 494 3848 esttamen
508 3788 565 3847 ista
578 3807 616 3846 ex
629 3787 689 3848 illis
701 3789 855 3866 metienda,
870 3789 919 3848 vel
937 3789 976 3848 ad
988 3789 1054 3848 illas
1070 3787 1223 3865 exigenda,
1238 3787 1308 3864 quia

103 3887 238 3948 magnum
251 3868 329 3928 inter
342 3887 391 3927 eas
404 3867 566 3928 discremen
579 3867 739 3944 intercedit,
755 3869 818 3928 sive
833 3869 1016 3946 principium,
1039 3869 1101 3926 aive
1114 3869 1221 3942 modus,
1244 3867 1307 3926 sive

106 3949 233 4007 ιαιιιὺιιιιι
246 3946 422 4008 attendatur.
464 3947 540 4006 Nam
554 3948 585 4006 in
597 3947 719 4025 physica
732 3949 918 4026 generatione
930 3947 1107 4026 Principium
1115 3965 1174 4004 non
1188 3956 1233 4007 est
1243 3955 1306 4004 tau·

105 4036 163 4086 tum
175 4028 313 4103 activum,
336 4027 389 4086 sed
402 4035 431 4088 et
450 4027 599 4105 passivum
613 4037 643 4087 et
656 4029 821 4103 materiale;
843 4027 895 4087 sed
915 4028 946 4086 in
968 4027 1077 4086 Divina
1096 4025 1183 4084 datrrr
1194 4033 1307 4084 tautum

104 4109 236 4167 activum.
279 4107 317 4165 In
331 4107 382 4166 illa
395 4107 616 4167 communicatio
629 4107 663 4166 lit
676 4127 735 4166 nou
748 4108 838 4166 totius
852 4107 993 4182 essentie,
1016 4105 1068 4164 sed
1081 4104 1172 4183 pertis
1185 4111 1306 4182 tantum,

104 4207 164 4266 quse
176 4185 324 4248 deciditur
336 4206 355 4245 a
368 4187 506 4265 gignente
527 4195 557 4246 et
576 4185 614 4246 ab
634 4207 670 4246 eo
690 4187 851 4246 alienetur:
875 4185 934 4245 Sed
953 4185 984 4243 in
1005 4185 1061 4245 ista
1081 4183 1309 4244 communicatur

103 4267 198 4327 eadem
211 4286 335 4327 numero
348 4266 473 4326 essenus
487 4266 549 4326 sine
562 4265 708 4327 decisione
722 4275 752 4326 et
765 4265 946 4325 aliemtione.
975 4264 1012 4323 In
1020 4264 1072 4323 illa
1083 4263 1309 4342 productusnon

106 4347 184 4408 node
197 4347 356 4407 dbtinctus
369 4356 415 4406 est
426 4366 446 4405 a
459 4347 606 4425 gignente,
628 4345 782 4406 sedetiam
796 4353 954 4424 separatus,
975 4345 1044 4422 quia
1064 4363 1206 4422 generans
1227 4353 1311 4404 extra

108 4447 134 4487 se
146 4437 267 4504 generat
279 4426 481 4504 terminativ03
504 4425 600 4486 sedin
614 4426 671 4486 ista
684 4427 808 4505 gignens
821 4425 853 4483 in
867 4444 897 4484 se
912 4432 941 4484 et
955 4443 1015 4484 non
1027 4433 1112 4484 extra
1125 4443 1156 4484 se
1170 4433 1308 4504 generat3

108 4507 150 4568 lta
161 4507 257 4567 Filius
271 4505 389 4582 genitrra
408 4506 478 4566 licet
492 4507 530 4566 eit
543 4505 707 4582 distinctus,
728 4525 876 4584 nunquem
896 4511 994 4565 tamm
1014 4513 1060 4564 est
1078 4503 1117 4563 ab
1130 4523 1165 4564 eo
1186 4503 1307 4584 divisus,

107 4607 158 4646 non
169 4585 260 4647 modo
275 4585 408 4663 ὅμωιὺσιὶς
423 4587 476 4646 sed
489 4594 519 4646 et
533 4585 663 4662 ipooime.
1223 4597 1227 4608 ·

140 4668 175 4728 V.
197 4666 360 4729 Generatio
375 4667 432 4726 ista
444 4666 521 4727 facta
534 4673 579 4726 est
592 4668 708 4760 ἅχςόιυς,
723 4685 782 4726 ιιοιι
796 4665 827 4725 in
837 4673 974 4746 tempore,
990 4665 1088 4728 sedab
1098 4671 1206 4726 esterno
1216 4687 1225 4742 3
1242 4665 1309 4725 ideo

106 4749 175 4808 nulla
194 4747 246 4808 hic
266 4747 403 4826 prioritas
423 4747 472 4807 vel
491 4745 689 4824 posteriorrtas
709 4746 870 4806 durationis
890 4747 1037 4808 observari
1057 4754 1161 4826 potest,
1182 4745 1252 4804 licet
1272 4746 1310 4806 sit
