3174 5174
134 359 252 408 cumsr.
267 338 349 420 suu]
582 359 621 399 un
635 359 836 402 unumunurm
850 360 910 402 usi.
1281 346 1339 404 473

45 567 53 578 ,
135 499 254 560 modius
267 519 320 578 per
333 517 369 560 os
381 496 529 576 designari
542 499 646 559 volunt
657 501 763 579 Lspsm
775 499 868 580 ipsum
882 501 939 560 Dei
952 509 1012 560 tum
1025 501 1173 579 moralem,
1187 521 1274 581 quum
1289 521 1343 562 cee-

135 580 337 650 remonislem,
351 599 417 657 qum
430 599 487 638 non
499 579 572 639 tona
585 579 700 656 dicitur,
715 579 763 640 rel
777 581 846 658 quis
858 581 964 640 innotis
977 579 1015 640 sd
1035 581 1167 657 sulutem,
1182 583 1251 660 quis
1264 581 1344 640 infirn

136 680 186 719 me
199 660 231 718 in
255 677 350 735 cerne,
365 659 451 718 Rom.
467 659 529 717 viii.
543 661 572 736 3,
586 660 635 718 vel
656 661 726 736 quis
747 661 863 737 inorata
886 668 916 720 et
939 660 1078 736 insuavis,
1093 669 1126 720 ut
1145 663 1246 720 tonum
1266 681 1343 738 saepe

137 739 264 800 sumitur
276 758 330 818 pro
336 740 474 814 jucundo,
490 739 565 798 Gen.
580 738 621 797 iii.
632 741 659 816 6,
675 749 704 799 et
722 739 764 798 ite
777 748 898 800 vocetur
910 740 980 798 nlibi
991 741 1096 817 jugum
1111 761 1200 818 greve
1215 750 1244 800 et
1257 742 1343 810 ἐβίω-

136 845 229 879 mm
240 819 311 878 Act.
325 839 376 877 xv.
388 821 434 892 10,
449 818 498 876 vel
511 818 580 896 quis
592 820 681 878 noxio
694 827 724 878 et
737 819 867 895 scitialis,
882 838 941 878 non
954 839 1006 897 per
1019 840 1059 896 se,
1070 820 1123 879 sed
1135 840 1187 898 per
1200 820 1343 896 accidens,

137 908 257 977 propter
269 898 396 957 bominis
408 897 608 976 pervicaciam,
624 917 682 975 quo
696 917 783 958 seusu
797 899 867 957 alibi
879 909 1000 960 vocetur
1014 900 1097 959 litero
1110 901 1243 975 occidens,
1253 909 1280 958 ct
1292 900 1343 958 mi-

136 979 286 1038 nisterium
299 978 543 1053 condemnationis,
558 982 577 1036 2
593 979 658 1037 Gor.
673 978 713 1035 iii.
729 981 756 1053 6,
773 981 801 1036 7.
852 1006 862 1018 -

179 1057 349 1117 XXXIII.
370 1057 466 1130 Quum
480 1056 604 1116 dicimus
623 1077 689 1116 cnm
705 1057 853 1134 Scriptura
871 1065 991 1135 peccata
1007 1057 1156 1118 homiuum
1171 1078 1189 1117 s
1203 1059 1266 1118 Deo
1280 1077 1343 1136 per·

137 1138 223 1213 mitti,
240 1145 270 1197 et
284 1135 437 1195 efficaciter
450 1135 489 1194 sd
501 1136 609 1196 bonum
622 1136 710 1195 finem
724 1136 819 1214 dirigi,
835 1157 892 1196 nou
906 1137 1041 1198 volumus
1061 1147 1180 1216 peccate
1193 1146 1222 1198 et
1236 1139 1345 1198 scelera

136 1218 281 1277 malorum
294 1235 360 1275 esse
373 1215 451 1274 bons
463 1219 569 1293 opere}
591 1215 643 1275 sed
662 1217 693 1274 iu
713 1217 937 1294 operibusque
957 1237 976 1276 s
994 1218 1079 1277 mulis
1092 1226 1250 1296 patrentur,
1265 1219 1344 1296 ipsos

136 1307 235 1356 motus
249 1305 279 1356 et
293 1295 422 1354 notiones
436 1315 499 1355 esse
514 1314 600 1372 opere
613 1295 690 1355 bone
702 1297 733 1354 in
747 1315 852 1373 genere
866 1296 950 1372 entis,
966 1305 996 1356 et
1004 1297 1086 1374 juste
1103 1299 1160 1357 Dei
1169 1298 1290 1376 judicie,
1306 1299 1343 1359 si·

138 1387 188 1436 ent
201 1375 294 1450 ἀνομία
306 1383 437 1435 motuum
451 1383 481 1435 et
501 1375 647 1434 actionum
660 1385 706 1436 est
725 1376 872 1436 moraliter
890 1377 975 1453 mult,
990 1385 1021 1436 et
1033 1397 1052 1436 s
1064 1378 1158 1436 melis.
1200 1377 1247 1437 Its
1267 1380 1344 1442 mals

136 1457 265 1514 hominis
280 1453 410 1530 intentio,
425 1463 573 1514 nonesto
587 1455 651 1514 Deo
664 1455 695 1513 iu
708 1475 814 1532 genere
827 1456 924 1530 moris,
939 1456 992 1515 sed
1004 1465 1117 1516 mutum
1131 1455 1161 1515 in
1176 1477 1281 1536 genere
1291 1477 1342 1520 en-

135 1537 184 1595 tis.
227 1535 256 1594 N
258 1555 292 1594 ec
305 1533 331 1593 si
343 1533 411 1592 finis
424 1533 577 1592 conciliare
591 1534 697 1594 dicitur
719 1535 823 1593 mediis
843 1535 1002 1594 bonitatem
1017 1544 1045 1594 et
1059 1537 1273 1612 amabilitatem,
1296 1559 1341 1599 se-

96 1608 102 1617 ”
137 1616 238 1692 quitur
250 1621 378 1692 peccata,
394 1614 462 1690 quie
482 1612 651 1673 ordinentur
670 1633 688 1672 n
708 1613 773 1674 Deo
786 1613 824 1673 ed
837 1614 945 1674 bonum
965 1614 1061 1690 finem,
1076 1634 1140 1674 esse
1154 1615 1248 1693 bons;
1273 1620 1342 1694 quie

137 1695 255 1754 axioma
268 1693 348 1753 vnlet
361 1701 474 1752 tuntum
487 1692 524 1752 de
537 1692 650 1768 mediis,
664 1713 729 1772 quae
742 1712 794 1770 per
808 1713 839 1752 se
853 1693 890 1752 od
903 1693 1011 1753 bonum
1030 1694 1117 1754 finem
1130 1695 1261 1772 tendunt,
1282 1718 1342 1756 non

136 1773 175 1834 de
189 1775 234 1848 iis,
250 1793 317 1850 quae
329 1781 434 1850 prster
447 1779 579 1832 nutumm
593 1792 675 1833 susm
688 1793 707 1832 s
720 1771 777 1833 Dei
791 1773 932 1852 sepientis
945 1782 974 1833 et
983 1775 1113 1853 potentia
1126 1775 1165 1834 sd
1177 1775 1260 1834 illum
1274 1777 1342 1836 diri-

139 1861 255 1932 guntur,
271 1853 358 1930 qunle
371 1861 417 1912 est
429 1861 588 1931 peccatum.
691 1879 693 1886 >

140 1981 142 1988 ,
183 1932 343 1991 XXXIV.
365 1932 480 2009 Regula
493 1932 630 2010 Apostoli
644 1933 729 1992 Rom.
744 1932 785 1992 iii.
800 1933 828 2008 8,
843 1932 1056 2008 Nonsocs'cndo
1069 1937 1226 2012 escensio,
1242 1945 1341 1996 nseve-

139 2012 220 2072 nicnt
232 2013 314 2088 tono,
329 2031 388 2070 non
401 2012 459 2071 buc
472 2013 604 2090 pertiuet,
620 2012 688 2088 quis
701 2012 781 2071 uliud
795 2017 946 2088 estfacers
959 2015 1045 2088 mola,
1061 2013 1140 2072 uliud
1153 2033 1222 2073 vero
1233 2034 1341 2092 esper-

137 2093 255 2168 mittcrs,
269 2091 320 2151 vel
333 2091 371 2150 nd
384 2093 578 2229 bonumptnom
591 2092 723 2168 diripere,
738 2101 768 2151 st
781 2093 812 2150 in
825 2092 934 2152 bonum
948 2097 1114 2151 convertere
1125 2114 1133 2169 ;
1163 2092 1236 2152 illud
1250 2095 1342 2171 iujus-

137 2171 218 2246 u‘tise,
240 2172 296 2230 hcc
318 2171 474 2248 sapientius,
510 2172 635 2246 onitetis,
658 2179 687 2230 et
706 2171 851 2248 potentis.
893 2176 922 2231 2.
938 2171 1122 2248 Hominibus,
1137 2171 1188 2249 qui
1209 2173 1338 2251 ὕπΰθνκι,

138 2271 198 2310 uon
212 2252 308 2310 solum
322 2269 380 2310 non
393 2251 462 2309 licet
475 2251 551 2309 muln
564 2250 667 2326 fecere,
683 2250 734 2310 sed
748 2251 915 2328 nequidem
929 2251 1102 2328 permittere,
1117 2271 1171 2310 neo
1189 2252 1257 2311 talis
1276 2274 1341 2332 per·

137 2330 239 2390 nuncio
252 2339 352 2408 posset
364 2330 395 2387 in
409 2330 468 2388 illis
481 2329 544 2388 duri
557 2331 619 2389 sine
632 2329 715 2389 vitio.
748 2330 806 2389 Sed
818 2331 874 2390 Dei
884 2331 934 2407 qui
945 2339 989 2390 cst
1002 2329 1164 2406 inscitum,
1180 2350 1238 2390 uon
1246 2341 1342 2410 potest

138 2429 203 2469 csse
217 2409 319 2468 eadem
333 2409 414 2484 rstio,
430 2409 480 2486 qui
495 2409 617 2486 optimus
631 2419 661 2468 et
680 2409 907 2488 sapientissimas
924 2411 1013 2470 babet
1031 2411 1216 2488 permittendi
1230 2432 1341 2472 censes.

137 2493 167 2548 3.
184 2489 216 2548 Si
230 2489 386 2566 uliqunndo
401 2489 549 2566 Scriptura
569 2488 640 2548 dicit
654 2489 749 2548 Deum
769 2488 863 2549 fucere
880 2491 997 2565 mulum,
1012 2491 1068 2549 hoc
1081 2511 1140 2550 non
1153 2491 1291 2569 intelligit
1304 2493 1341 2551 de

137 2569 217 2628 mulo
230 2568 439 2646 mduplicetive
453 2586 511 2644 qus
524 2569 609 2643 mulo,
625 2588 683 2646 quo
697 2588 784 2627 sensu
804 2588 862 2628 non
876 2579 971 2647 potest
988 2570 1095 2628 hebere
1108 2569 1248 2630 rationem
1262 2571 1340 2646 boni,

138 2648 191 2707 sed
206 2657 350 2725 quatenus
371 2647 460 2706 bsbet
480 2647 620 2706 rationem
638 2647 751 2725 Judicii,
766 2656 796 2707 et
816 2657 861 2708 est
879 2649 1060 2708 conducibile
1081 2657 1110 2708 et
1124 2649 1283 2709 ordinabile
1304 2652 1342 2710 nd

138 2728 240 2806 gloriae
254 2745 316 2786 suae
328 2727 557 2801 illustrationem,
572 2747 631 2804 quo
645 2747 731 2786 sensu
745 2727 833 2786 hebet
846 2729 986 2788 rationem
1000 2729 1078 2788 boni.
1237 2779 1240 2785 .

180 2807 324 2865 XXXV.
356 2806 570 2882 Qunlisounque
594 2807 632 2865 sit
653 2807 710 2865 Dei
733 2806 809 2866 ectio
829 2807 906 2866 circs
923 2817 1081 2884 peccatum,
1096 2807 1178 2866 ntrlln
1190 2817 1342 2888 propterea

138 2885 336 2945 excusationis
349 2886 422 2944 ratio
435 2894 530 2963 potest
539 2885 657 2944 obtendi
670 2905 688 2944 a
701 2893 850 2963 peccatore
863 2908 871 2944 ε
894 2887 961 2944 Sive
972 2886 1041 2962 quia
1054 2887 1154 2964 implet
1162 2888 1342 2948 voluntatem

17 2971 18 3020 ἶ
140 2965 196 3024 Dei
207 2971 216 3042 ;'
237 2965 308 3042 quin
320 2965 456 3024 voluntas
469 2983 528 3023 nou
541 2972 586 3024 est
599 2963 728 3024 revelate
742 2973 771 3023 et
785 2964 870 3040 signi,
886 2983 951 3041 qun
963 2965 994 3022 iu
1010 2965 1140 3040 regulam
1154 2967 1223 3023 vitae
1236 2987 1340 3044 propo-

139 3045 225 3118 nitur,
240 3043 295 3104 sed
318 3045 431 3103 occulte
454 3053 484 3105 et
506 3043 689 3120 beneplaciti,
703 3062 790 3120 quum
810 3044 925 3120 ignorat
948 3053 977 3101 et
996 3043 1113 3101 minime
1136 3045 1266 3119 attendit,
1282 3066 1341 3104 non

139 3124 265 3200 probans
278 3131 328 3182 sut
342 3123 494 3199 imperans,
510 3123 562 3182 sed
577 3122 738 3200 justissIme
759 3121 934 3196 decernens;
949 3122 1027 3180 'Sive
1047 3123 1116 3198 quis
1129 3121 1272 3181 voluntati
1293 3124 1342 3184 isti

17 3239 18 3248 .
139 3203 234 3262 resisti
258 3202 360 3279 nequit
383 3202 420 3261 nb
442 3202 577 3276 homine;
609 3201 678 3277 quis
701 3200 839 3278 quicquid
863 3208 907 3259 est
927 3201 975 3259 hic
994 3202 1168 3276 necessitatis,
1183 3200 1217 3260 fit
1230 3203 1341 3262 rstione

140 3291 258 3357 mcum,
281 3300 341 3340 non
362 3281 473 3341 rstione
494 3281 573 3340 modi
592 3282 715 3356 opmdi5
743 3281 954 3355 infallibilitate,
976 3300 1034 3339 non
1057 3282 1205 3340 coactionis
1214 3305 1227 3354 ,·
1247 3302 1340 3342 comcs

140 3363 267 3438 quentioe,
282 3369 312 3420 et
324 3363 473 3420 secundum
487 3361 563 3436 qnid,
578 3379 637 3418 non
657 3361 790 3419 moolntoe
804 3368 834 3418 et
850 3360 1035 3436 consequentis
1042 3383 1055 3433 ‚·
1077 3359 1163 3419 Unde
1179 3361 1287 3420 Paulus
1308 3381 1341 3421 os

139 3441 296 3500 occludens
309 3439 414 3518 impiis,
432 3441 503 3507 Quis
516 3459 544 3498 es
558 3459 574 3497 ο
588 3441 677 3514 horno,
693 3439 795 3515 inquit,
808 3439 861 3515 'qni
878 3459 1026 3515 responsas
1039 3441 1113 3514 Deo,
1128 3440 1213 3500 Rom.
1228 3439 1278 3499 iu.¹
1293 3444 1339 3517 19,

139 3522 204 3578 20?
226 3520 295 3579 Sive
309 3520 378 3596 quis
392 3520 473 3578 Deus
483 3519 546 3596 ipse
560 3518 693 3578 indurare
704 3526 735 3578 st
744 3538 891 3577 exsuccare
902 3519 1026 3595 dieitur;
1048 3519 1117 3597 quis
1127 3519 1201 3578 sotio
1217 3519 1272 3578 Dei
1282 3541 1341 3579 ιιοιι

18 3617 19 3620 ’
139 3599 244 3658 evertit
257 3599 420 3658 libertatem
433 3598 554 3657 actionis
567 3598 701 3674 hominis,
717 3597 786 3676 quis
798 3598 839 3656 its
852 3598 1002 3658 induratur
1016 3606 1045 3657 et
1059 3606 1223 3658 excoecmur
1236 3620 1254 3657 n
1268 3601 1340 3675 Deo,

138 3686 173 3737 ut
186 3679 313 3755 seipsum
327 3679 413 3737 etism
426 3677 571 3736 libertinis
585 3686 715 3736 excoecet
728 3686 758 3737 et
769 3677 893 3752 induret,
914 3685 976 3736 tum
990 3678 1058 3753 quie
1071 3678 1147 3737 ectio
1162 3677 1218 3736 Dei
1235 3679 1341 3754 judici-

138 3757 194 3816 alis
207 3767 260 3833 cst,
275 3777 363 3836 quem
376 3757 508 3816 homines
521 3755 647 3834 peccetis
661 3757 722 3816 suis
734 3756 965 3835 procedentibus
979 3763 1047 3816 sunt
1055 3756 1117 3832 jum
1131 3756 1287 3832 promeriti

587 3993 781 4070 Qumsmo
802 3994 894 4054 v111.

139 4153 187 4212 An
207 4173 245 4212 cos
258 4154 401 4214 Doctrina
422 4162 520 4212 nostru
540 4161 683 4230 reptatur,
698 4161 725 4211 ct
745 4153 868 4228 optuma
888 4151 1081 4228 conseqstentio
1099 4151 1161 4210 clici
1177 4151 1275 4227 possit,
1290 4171 1341 4212 nos

178 4235 274 4292 Deum
279 4235 382 4308 socors
395 4234 542 4292 authorem
551 4233 664 4309 peccati
671 4234 685 4292 t
700 4231 784 4309 ng,
794 4239 895 4291 oontm
905 4229 1080 4306 Pontificios,
1095 4230 1272 4307 Soeiuienos,
1283 4231 1340 4290 Re·

178 4321 381 4387 monstrantes,
397 4320 426 4371 et
440 4312 631 4371 Lutbersnos.

179 4469 205 4528 1.
227 4470 313 4530 Licet
325 4469 491 4528 innocentis
505 4470 652 4530 Doctrinae
667 4469 843 4530 Ortbodoxae
857 4469 933 4528 ciros
945 4468 1001 4528 boc
1015 4475 1225 4546 argumentum,
1237 4469 1343 4548 sepius

137 4550 180 4607 its
193 4548 271 4609 clnrs
284 4557 316 4608 st
328 4548 420 4610 solide
433 4556 545 4608 esserto
558 4549 598 4608 sit
616 4569 635 4608 n
648 4549 763 4609 Nostris
782 4549 922 4608 adversus
936 4555 1047 4607 atroces
1061 4547 1227 4624 culumniss,
1242 4557 1272 4608 et
1285 4549 1342 4606 illi-

137 4627 248 4687 beralis
270 4627 407 4705 convitio,
430 4628 537 4705 quibus
560 4627 706 4706 proscindi
731 4628 806 4690 solet
825 4627 862 4706 sb
877 4627 1071 4706 Adversariis,
1086 4636 1119 4687 ut
1138 4628 1212 4686 nihil
1224 4647 1342 4688 necesse
