3250 5176
172 399 287 451 oussr.
302 379 359 464 nn]
486 461 488 466 Ι
679 397 718 438 ns
733 397 874 441 succino.
1318 385 1377 444 565

173 551 257 621 pacto
272 540 388 620 penitus
409 539 578 599 obstrueret.
620 537 689 598 lloc
707 539 784 598 enim
804 549 948 619 praetextu
964 542 1076 621 judicis
1089 543 1189 603 divina
1202 542 1301 604 Judaei
1316 563 1378 602 car·

173 623 289 702 pehant,
305 620 384 700 quod
403 620 587 678 immerentes
601 627 717 696 propter
738 630 889 697 parentum
909 631 1028 698 peccata
1047 625 1248 700 plecterentur,
1263 631 1296 682 ut
1309 643 1377 681 con-

175 711 233 761 stat
246 721 282 760 cx
297 700 451 778 proverbio
465 698 544 776 quod
557 700 742 776 usurpabant,
761 701 861 760 Patras
881 703 1042 778 omphaccm
1061 707 1245 779 comederunt,
1261 713 1288 761 ct
1299 704 1378 781 filio·

173 802 238 839 rum
253 784 346 840 dentes
359 781 579 856 obstupumnt;
601 779 769 856 Respondet
784 781 865 839 Deus
879 800 910 840 se
924 781 955 838 id
968 782 1086 840 mInime
1097 784 1252 860 crgaipsos
1266 783 1376 859 prasti-

175 870 279 938 turum,
296 861 347 919 sed
360 877 594 935 unumquemque
607 867 725 936 propter
747 861 863 937 propria
876 869 996 937 peccata
1014 862 1190 939 puniturum,
1205 871 1238 920 ut
1255 861 1379 921 habetur

174 959 203 1000 v.
219 943 267 1000 30.
309 941 384 999 Vult
397 958 467 1015 ergo
480 937 512 995 in
525 957 585 996 rem
593 945 765 1014 praesentem
779 959 829 998 eos
843 940 994 1015 deducere,
1007 941 1157 1000 studeam
1169 940 1378 1000 confessionem

174 1019 300 1097 adigere,
316 1029 353 1078 ut
365 1025 524 1096 agnoscent
539 1017 634 1076 Deum
647 1035 711 1076 esse
725 1018 755 1076 in
770 1019 830 1078 suis
839 1019 959 1096 judiciis
969 1021 1090 1097 justum,
1106 1041 1159 1079 nec
1177 1039 1249 1098 opus
1263 1039 1326 1080 csse
1347 1028 1380 1079 ut

174 1107 288 1177 quaerat
302 1099 331 1157 in
345 1098 476 1176 patribus
489 1105 607 1173 peccata
621 1095 659 1154 ad
678 1095 754 1156 filios
768 1099 935 1176 plectendos
947 1122 954 1176 ;
978 1101 1048 1158 satis
1069 1119 1132 1158 esse
1146 1100 1176 1158 in
1191 1101 1261 1178 ipsis
1284 1100 1378 1158 orimi-

174 1199 253 1254 num,
269 1179 356 1238 etism
371 1176 497 1255 seposita
510 1177 596 1234 alieni
609 1177 721 1252 pcccati
734 1177 931 1256 imputatione,
947 1187 980 1239 ut
993 1189 1023 1238 ct
1036 1181 1072 1238 iis
1086 1199 1158 1258 quas
1168 1179 1247 1258 passi
1256 1177 1377 1254 fuerant,

175 1267 205 1318 et
219 1257 402 1336 gravioribus
415 1257 502 1316 etiam
523 1255 616 1333 poenis
629 1255 844 1316 mulctarentur.
888 1259 934 1317 Ita
954 1279 1012 1317 non
1025 1259 1073 1318 hic
1094 1259 1127 1318 fit
1140 1259 1201 1318 ulla
1214 1260 1298 1318 Jaris
1312 1261 1377 1337 defi-

174 1339 251 1412 nido,
268 1338 319 1396 sed
333 1345 445 1395 tantum
454 1337 537 1413 pacti
547 1335 674 1412 speciales
688 1339 842 1396 declaratio
848 1362 860 1412 ;
880 1357 938 1397 non
953 1338 1024 1398 dicit
1038 1339 1108 1416 quid
1121 1341 1192 1414 jure
1205 1340 1303 1414 possit,
1327 1338 1379 1397 ssd

177 1417 317 1477 adversus
339 1415 552 1476 criminationes
573 1415 681 1493 populi,
697 1415 768 1493 quid
781 1419 883 1491 facere
896 1419 968 1476 velit.
1012 1419 1055 1476 Eo
1078 1437 1131 1476 nos
1149 1417 1260 1477 ducunt
1274 1437 1378 1494 scopus

176 1497 328 1574 Prophetes
343 1505 372 1555 et
393 1497 482 1554 series
495 1495 658 1554 verborum.
702 1495 835 1572 Denique
857 1496 936 1555 aliud
958 1505 1003 1554 est
1017 1500 1068 1571 jus
1080 1517 1225 1570 summum,
1242 1496 1377 1571 aliudjaa

175 1578 290 1655 taranah
310 1585 501 1652 temperatum.
544 1575 592 1632 Ex
612 1574 663 1632 illo
684 1575 764 1632 Deus
785 1583 881 1652 potest
895 1575 1012 1634 visitare
1036 1585 1155 1653 peccata
1174 1583 1325 1652 parentum
1347 1575 1377 1633 in

174 1658 269 1734 lilios;
294 1656 353 1716 Sed
366 1675 403 1714 ex
417 1655 474 1714 isto
487 1674 546 1713 non
560 1655 681 1712 ulterius
691 1672 777 1730 quam
789 1654 827 1712 sd
836 1663 1002 1732 peccatores
1012 1656 1091 1732 ipsos
1101 1675 1215 1732 posnam
1227 1655 1376 1730 extendit;

176 1736 262 1796 Unde
277 1737 340 1796 Jer.
355 1735 438 1793 xxxi.
453 1737 501 1810 29,
519 1734 664 1812 Propheta
681 1733 804 1810 loquens
818 1734 854 1792 de
868 1742 996 1812 tempore
1012 1735 1090 1794 Novi
1103 1735 1281 1794 Testamenti
1302 1735 1377 1794 inter

174 1817 232 1874 alio
245 1815 307 1874 hmo
321 1815 416 1891 habet,
434 1817 452 1847 “
463 1816 500 1872 In
514 1813 616 1872 diebus
637 1813 730 1888 istis,”
745 1812 847 1890 inquit,
872 1816 959 1873 “non
979 1815 1084 1891 dicent,
1102 1815 1203 1874 Patres
1221 1814 1375 1873 manduca-

173 1902 279 1955 verunt
292 1915 379 1954 uvam
393 1895 534 1968 acerbam,
549 1901 579 1952 et
593 1893 694 1952 dentes
708 1892 832 1950 filiorum
846 1894 1064 1970 obstupuerunt,
1077 1895 1128 1953 sed
1138 1895 1336 1972 unusquisque
1347 1895 1378 1952 in

174 1983 292 2052 peccato
307 1995 359 2035 suo
373 1975 540 2050 morietur,”
556 1972 609 2032 &a
625 1981 657 2032 ut
670 1972 773 2032 doceat
788 1973 883 2032 Deum
903 1973 1002 2032 mitius
1015 1993 1103 2052 quam
1121 1983 1206 2032 antea
1220 1993 1285 2032 cum
1306 1974 1378 2050 ipsis

174 2063 313 2114 acturum.
755 2069 757 2075 '

214 2134 374 2194 XXVIII.
397 2133 491 2194 Actus
505 2132 590 2192 unius
604 2153 662 2192 non
675 2141 772 2212 potest
785 2153 848 2194 esse
863 2142 892 2194 et
903 2134 959 2194 dici
973 2133 1181 2211 universorum,
1197 2133 1222 2194 si
1237 2133 1274 2194 sit
1295 2141 1377 2192 actus

173 2233 252 2273 mere
266 2215 434 2291 personalis,
450 2213 613 2292 cujusmodi
637 2221 705 2273 sunt
723 2225 841 2290 peccata
862 2235 926 2292 quoe
941 2209 1069 2292 quotidie
1091 2235 1108 2273 a
1129 2214 1252 2292 singulis
1272 2213 1376 2272 admit-

175 2301 293 2353 tuntur:
317 2295 367 2352 scd
390 2314 448 2352 non
471 2301 567 2371 potest
588 2293 711 2370 intelligi
732 2293 768 2352 de
789 2303 855 2353 actu
870 2295 1014 2353 communi
1029 2313 1079 2353 seu
1094 2293 1259 2368 universali
1274 2293 1324 2371 qui
1339 2292 1377 2350 ad

174 2381 267 2433 totum
281 2393 373 2451 genus
387 2375 545 2434 humanum
559 2374 690 2448 pertinet,
701 2373 795 2451 qualis
804 2373 858 2432 fuit
872 2385 953 2434 actus
964 2374 1071 2433 Adami
1082 2375 1237 2453 peccantis.
1279 2373 1377 2430 Adam

174 2471 243 2512 sane
256 2451 312 2512 fuit
324 2473 400 2512 unus
414 2453 573 2527 individuo,
589 2461 617 2512 et
631 2473 754 2530 persona
768 2453 931 2531 siugularis,
948 2454 1042 2512 sedin
1057 2456 1111 2513 hoo
1126 2462 1201 2526 actu,
1216 2472 1274 2512 non
1296 2471 1376 2531 spac-

174 2541 252 2592 tatur
265 2540 298 2592 ut
307 2553 430 2612 persona
441 2533 604 2610 singularis
617 2532 668 2592 sed
676 2534 772 2610 potius
783 2542 816 2593 ut
825 2534 997 2613 principium
1008 2543 1037 2592 et
1048 2533 1142 2613 Caput
1152 2534 1241 2593 totius
1252 2532 1376 2611 generis,

175 2631 241 2670 omn
255 2632 313 2689 quo
329 2614 409 2672 Deus
423 2613 531 2690 inipso
545 2612 640 2672 foedus
653 2605 806 2672 contrahit.
854 2616 988 2673 Voluntas
1002 2634 1071 2692 ergo
1085 2615 1193 2672 Mami
1204 2621 1301 2692 potest
1319 2612 1378 2671 dici

176 2693 329 2768 supulcris
349 2701 428 2750 aona
443 2693 629 2768 proprietate,
654 2693 820 2751 universalis
840 2695 1094 2771 rqoraesmtationis
1106 2697 1185 2769 jure,
1211 2692 1375 2770 singularis,

175 2771 287 2848 quiaab
296 2789 354 2829 uno
364 2790 403 2828 ex
411 2771 569 2830 individuis
577 2771 711 2830 humanis
722 2772 851 2849 profecta
864 2782 917 2846 est,
928 2773 1110 2848 universalis,
1118 2773 1186 2850 quia
1194 2771 1377 2830 individuum

174 2850 249 2908 illud
262 2849 431 2907 universum
445 2869 536 2925 genus
550 2851 707 2908 humanum
726 2853 958 2928 repraesentabat.
1002 2853 1050 2910 Sic
1068 2852 1183 2929 justitia
1205 2851 1313 2909 Christi
1333 2859 1378 2908 est

155 2938 257 2996 ‚actus
270 2927 365 3004 unius,
381 2937 410 2986 et
423 2929 496 2986 bene
510 2935 607 2986 tamen
621 2929 727 2988 dicitur
740 2930 866 2988 omnium
883 2930 1012 2989 lideIIum
1033 2950 1086 3008 per
1105 2931 1233 2988 divinam
1253 2931 1376 3006 imputa·

175 3011 282 3068 tionem
295 3031 302 3085 ;
318 3015 350 3066 ut
364 3008 443 3084 quod
455 3027 531 3065 unus
544 3006 621 3079 fecit,
637 3027 736 3066 omnes
757 3016 928 3067 censeantur
947 3009 1059 3086 fecisse,
1077 3011 1094 3042 “
1106 3009 1131 3068 si
1151 3027 1226 3066 unns
1246 3017 1377 3066 mortuus

176 3098 229 3164 est,
245 3107 345 3148 omnes
359 3096 427 3146 sunt
439 3086 605 3162 mortui,”2
621 3087 686 3145 Cor.
700 3107 730 3144 v.
747 3089 794 3145 14.

217 3167 349 3228 XXIX.
370 3167 454 3226 Licet
475 3165 602 3224 omnium
623 3185 775 3242 personam
800 3165 969 3225 sustinuerit
990 3165 1122 3226 Adamus
1142 3165 1297 3244 peccando,
1318 3184 1378 3224 non

174 3249 281 3325 pariter
294 3246 492 3306 remissionem
513 3245 679 3320 obtinendo,
695 3253 727 3304 ut
740 3253 774 3304 ut
787 3265 915 3304 essemus
930 3265 1011 3322 acque
1026 3246 1057 3303 in
1070 3247 1134 3324 ejus
1154 3244 1280 3322 lumbis;
1302 3245 1378 3320 Quia

175 3335 338 3404 statusque
353 3327 469 3402 excidit,
484 3325 624 3384 natumhs
634 3324 697 3399 fuit,
712 3325 778 3383 ideo
793 3343 892 3383 omnes
906 3325 1048 3403 implicuit
1062 3327 1125 3402 ejus
1138 3325 1254 3403 lapsus;
1270 3324 1321 3383 sed
1340 3325 1379 3383 ad

175 3426 275 3466 omnes
288 3427 346 3465 non
360 3406 461 3465 debuit
473 3405 616 3484 pertinere
630 3405 693 3481 ejus
707 3405 860 3480 restitutio,
875 3421 940 3482 quas
954 3405 1180 3482 supernaturalis
1198 3413 1228 3464 et
1242 3404 1377 3482 gratuita,

176 3505 210 3545 ao
223 3486 343 3564 proinde
357 3487 444 3544 etiam
458 3485 627 3562 personalis.

217 3565 329 3624 XXX.
351 3565 408 3639 Qui
430 3565 511 3624 nullo
533 3564 620 3622 modo
644 3563 699 3624 fuit
722 3564 753 3622 in
778 3563 902 3639 Adnmo,
917 3583 972 3623 nec
995 3565 1132 3643 potentia,
1154 3584 1207 3623 nec
1229 3573 1303 3640 actu,
1319 3583 1377 3622 non

175 3653 272 3724 potest
285 3643 342 3703 diei
355 3663 490 3722 peccasse
503 3645 534 3701 in
549 3643 674 3704 Adamo.
718 3643 777 3703 Sed
790 3643 924 3721 quamvis
936 3664 995 3703 non
1016 3645 1155 3704 fuerirnus
1175 3653 1250 3717 actu,
1266 3651 1295 3702 et
1313 3663 1377 3720 per·

177 3723 314 3784 sonaliter
327 3725 358 3781 in
372 3724 443 3800 ipso,
458 3722 565 3782 fuimus
579 3731 676 3782 tamen
689 3723 826 3801 potentia,
842 3731 904 3782 tum
918 3725 1096 3799 seminaliter,
1112 3731 1255 3801 quatenus
1270 3722 1298 3778 in
1313 3723 1376 3798 ipso

175 3811 314 3879 tanquam
324 3803 414 3862 totius
425 3803 531 3881 speciei
539 3801 636 3861 radice
650 3803 876 3878 continebamur,
889 3803 957 3861 Act.
969 3803 1041 3860 xvii.
1053 3806 1101 3877 26,
1116 3810 1178 3860 tum
1191 3809 1377 3876 repreasenta-

177 3883 237 3956 tioc,
253 3889 396 3959 quatenus
409 3901 446 3940 ex
460 3882 560 3940 ordine
575 3883 632 3940 Dei
645 3901 796 3960 personam
810 3891 938 3940 nostram
952 3881 1102 3956 referebat,
1117 3889 1147 3940 et
1168 3882 1249 3939 Deus
1263 3881 1293 3937 ln
1314 3879 1377 3956 ipso

177 3981 244 4020 cum
264 3969 326 4019 toto
347 3980 452 4036 genero
472 3961 598 4020 humano
623 3961 717 4020 foedus
740 3961 899 4038 pepigerat.
942 3961 988 4020 Ita
1008 3961 1141 4038 quamvis
1162 3979 1220 4018 non
1240 3959 1377 4018 fuerimus

175 4049 243 4101 actu
254 4041 284 4098 in
299 4040 422 4115 Christo,
437 4058 526 4117 quum
539 4059 591 4117 pro
604 4041 690 4099 nobis
705 4049 836 4100 mortuus
856 4050 909 4117 est,
925 4059 1003 4099 mors
1022 4049 1119 4099 tamen
1133 4041 1197 4117 ejus
1210 4039 1294 4098 nobis
1304 4039 1378 4098 bene

176 4122 335 4200 imputatur
348 4126 466 4198 propter
478 4119 613 4178 unionem
628 4139 693 4198 quae
706 4121 791 4178 nobis
803 4139 870 4179 cum
884 4120 948 4197 Ipso
962 4120 1122 4179 Interocdit.

216 4200 347 4260 XXXI.
370 4200 526 4277 Repugnat
535 4199 658 4277 justitias
671 4198 786 4273 divine,
796 4199 898 4276 punire
909 4199 1035 4276 aliquem
1045 4199 1083 4257 oh
1094 4199 1218 4258 alienum
1228 4205 1378 4275 peccatum

176 4281 254 4356 quod
268 4281 306 4340 sit
320 4280 488 4357 simpliciter
501 4287 531 4337 et
544 4278 623 4338 omni
636 4278 723 4336 modo
739 4279 882 4354 alienum;
905 4277 957 4337 sed
976 4298 1035 4336 non
1055 4279 1142 4355 quod,
1159 4278 1228 4336 licet
1248 4279 1288 4336 sit
1308 4278 1378 4335 alic·

176 4377 247 4416 num
261 4359 371 4417 ratione
384 4377 524 4436 personas,
537 4377 688 4416 commune
697 4365 794 4415 tamen
803 4365 847 4416 est
857 4358 1118 4434 repraesentationis
1127 4366 1156 4415 et
1169 4355 1378 4414 communionis

177 4436 300 4512 alicujus
311 4437 386 4513 jure,
401 4455 459 4512 quo
472 4436 506 4495 tit
519 4444 552 4494 ut
565 4445 663 4495 reatus
677 4437 739 4512 ejus
753 4437 860 4494 multos
874 4436 1023 4495 involvat:
1043 4437 1099 4494 hoo
1113 4436 1189 4494 enim
1210 4443 1240 4493 et
1260 4435 1377 4491 commi-

177 4515 256 4573 natio
272 4515 368 4590 Legis,
384 4523 414 4572 et
431 4515 542 4591 judicio
562 4514 643 4572 varia
664 4515 728 4590 Dei,
747 4515 853 4591 quibus
873 4515 1016 4592 impletur,
1032 4525 1061 4574 et
1081 4514 1246 4590 exemplum
1261 4511 1376 4588 Christi,

177 4595 225 4653 oui
238 4601 358 4672 peccata
370 4601 469 4651 nostra
482 4611 550 4650 vere
565 4591 705 4670 imputata
719 4602 795 4666 sunt,
806 4594 967 4670 justissime
981 4595 1043 4652 fieri
1057 4593 1263 4651 demonstrant.

216 4672 363 4732 XXXII.
385 4672 525 4746 Quamvis
539 4670 734 4731 inobedientia
744 4672 852 4730 Adomi
865 4672 950 4731 nobis
963 4674 1104 4750 Imputata
1116 4671 1163 4745 sit,
1177 4691 1235 4728 non
1250 4671 1379 4747 sequitur
