3158 5180
301 367 360 428 404
782 381 874 428 cocus
888 381 1025 430 aurnuns.
1302 363 1417 444 [ochsn
1430 385 1474 425 ru.

301 547 376 602 uem,
393 524 553 600 stultitiam,
569 523 694 582 furorem
708 523 911 582 interminatur
924 522 1086 582 istiusmodi
1101 520 1277 600 Astrologis,
1293 523 1347 582 Isa.
1361 523 1423 582 xliv.
1436 529 1475 600 25,

303 607 344 666 Et
358 625 420 682 cap.
435 603 518 662 xlvii.
532 607 578 677 12,
593 605 639 678 13,
651 602 809 662 vanitatem
823 611 853 661 et
866 601 945 678 artis,
960 611 991 661 et
1003 601 1144 661 artificum
1159 611 1190 662 et
1202 603 1314 662 illorum
1327 603 1374 679 qui
1385 604 1417 662 ab
1430 603 1476 662 illis

303 684 478 744 deluduntur
492 682 690 742 credulitatem
704 683 880 759 perstringit,
905 684 922 714 “
939 682 991 740 Sta
1000 683 1063 759 jam
1077 703 1142 740 curn
1156 682 1376 742 incantatoribus
1385 683 1442 756 tuis,
1454 693 1477 742 et

304 785 370 826 cum
383 761 568 822 multitudine
582 761 792 840 praestigiarum
806 770 921 820 tuarum
934 761 965 818 in
979 762 1085 838 quibus
1106 761 1245 821 laborasti
1258 783 1276 819 a
1288 762 1402 838 pucritia
1413 764 1477 836 tua,”

304 841 359 902 &a
376 846 394 876 “
411 843 494 902 Stant
504 844 567 919 jam
581 841 741 918 Astrologi,
757 841 808 918 qui
822 841 1052 918 contemplantur
1066 841 1173 915 stellas,
1189 842 1240 918 qui
1253 851 1334 899 notas
1347 841 1441 900 faciunt
1455 842 1478 898 in

304 942 419 982 menses
433 921 633 1000 praedictiones
647 941 722 996 suas,
738 929 768 980 ct
781 929 897 979 servent
910 929 939 980 te
953 920 991 979 ab
1005 921 1041 980 iis
1055 940 1119 997 quse
1133 930 1339 998 superventura
1352 929 1413 979 sunt
1429 921 1478 978 tihi.

306 1004 383 1062 Ecce
398 1009 466 1060 sunt
478 1010 615 1077 tanquam
630 1000 764 1077 stipula,’'
780 997 834 1058 dcc.
865 1001 909 1058 Eo
918 1001 1052 1077 pertinet,
1067 1000 1145 1077 qnod
1161 1001 1242 1059 Dens
1256 999 1341 1058 edicit
1354 999 1480 1074 Isratlitis,

305 1103 342 1141 ne
356 1080 470 1140 discant
483 1080 561 1137 viam
575 1080 713 1156 gentium,
724 1088 753 1138 ct
763 1099 799 1138 ue
814 1099 832 1137 a
845 1080 937 1158 signis
950 1080 1016 1138 cosli
1030 1088 1168 1154 metuant,
1180 1099 1246 1156 quae
1257 1087 1381 1138 metuunt
1389 1088 1479 1156 gentes,

308 1162 371 1222 Jer.
386 1181 417 1218 x.
432 1164 459 1234 2,
477 1157 603 1218 “Juxta
615 1159 694 1216 viam
709 1160 839 1236 gentium
859 1179 896 1218 ue
910 1159 1091 1234 assuescetis,
1106 1169 1136 1218 et
1154 1159 1192 1217 oh
1214 1158 1433 1236 signaculorum
1451 1177 1479 1214 ne

308 1238 538 1313 consternemini,
554 1238 623 1314 quia
643 1246 862 1297 consternantur
881 1247 984 1315 gentes
1004 1238 1042 1296 ob
1060 1238 1124 1313 ea,''
1147 1240 1187 1296 Et
1201 1259 1244 1297 ca.
1260 1237 1350 1295 xxvii.
1364 1239 1389 1312 9,
1404 1239 1419 1269 “
1431 1236 1479 1294 Vos

306 1328 403 1379 autem
416 1337 453 1376 ne
467 1316 635 1377 auscultatis
650 1317 803 1394 Prophetis
817 1318 930 1392 vestris,
946 1325 976 1376 et
988 1317 1201 1396 conjectoribus
1215 1317 1327 1392 vestris,
1342 1325 1369 1375 et
1382 1317 1479 1374 somniis

308 1397 467 1536 vestrishet
481 1396 639 1534 arlr3grpilhps
653 1398 767 1472 saeuis,
782 1404 812 1456 et
826 1397 924 1474 Magis
938 1397 1051 1472 vestris,
1061 1398 1112 1477 qui
1125 1397 1227 1456 dicunt
1238 1397 1276 1456 ad
1289 1416 1349 1472 vos,
1364 1396 1422 1454 Non
1433 1413 1478 1453 ser·

307 1478 395 1537 vietis
438 1497 453 1535 e
476 1477 483 1490 '
528 1497 545 1534 a
565 1497 602 1535 e.
1234 1473 1238 1476 ’

348 1557 405 1617 VI.
431 1497 558 1630 hnguia
574 1556 721 1634 Scriptura
734 1555 894 1616 futurorum
913 1557 1107 1636 cognitionem
1129 1557 1266 1616 amolitur
1286 1557 1322 1615 ah
1337 1553 1445 1626 homine,
1457 1560 1480 1610 ct

310 1637 373 1696 Deo
388 1636 442 1694 soli
456 1635 621 1695 transcribit
634 1643 771 1712 tanquam
791 1639 907 1717 ιςιτιίςιοι
919 1637 982 1696 veri
996 1637 1053 1696 Dei
1071 1637 1264 1714 dignoscendi
1284 1635 1320 1694 ab
1339 1633 1422 1706 idolis,
1436 1631 1479 1690 lsa

308 1717 360 1774 xli.
375 1719 424 1790 21,
439 1719 487 1791 22,
512 1714 691 1774 “Producite
705 1735 821 1774 causam
835 1723 970 1792 vestram,
986 1717 1027 1776 ait
1040 1717 1062 1776 J
1064 1716 1166 1790 chora,
1182 1715 1333 1775 admoveto
1346 1713 1478 1771 finnauen·

308 1805 339 1855 ta
348 1803 454 1870 vestra,
470 1795 511 1853 ait
525 1795 592 1852 Rex
600 1796 621 1855 J
623 1795 714 1870 acobi,
723 1795 888 1874 Proponant
902 1804 931 1855 et
945 1797 1119 1855 annuncient
1130 1796 1216 1855 vobis
1227 1815 1261 1854 ea
1270 1815 1334 1872 quae
1344 1793 1476 1852 obventura

308 1876 406 1950 sunt,”
423 1872 476 1933 dcc.
487 1875 527 1933 Et
542 1875 617 1932 Dan.
631 1875 661 1934 ii,
677 1877 725 1934 28.
744 1877 762 1908 ‘⁴
777 1875 832 1935 Est
846 1877 926 1934 Deus
940 1876 970 1933 in
984 1876 1058 1934 coelo
1071 1875 1206 1935 revelans
1220 1895 1330 1948 meana,
1344 1871 1389 1949 qui
1401 1879 1478 1928 notum

308 1955 378 2014 facit
393 1955 476 2032 Regi,
487 1954 517 2014 id
531 1954 609 2032 quod
618 1954 745 2014 futurum
755 1965 800 2014 est
814 1956 1054 2032 consequentibus
1067 1955 1277 2033 temporibus.”
1299 1955 1339 2011 At
1347 1953 1407 2010 sier
1415 1949 1479 2006 mnis

310 2035 367 2094 ista
382 2035 519 2112 cognosci
531 2044 661 2112 possunt,
677 2043 707 2093 et
720 2035 837 2112 praedici
857 2036 894 2094 ab
912 2034 1085 2109 homiuibus,
1101 2055 1153 2094 cur
1169 2035 1297 2094 Chaldaei
1311 2029 1443 2105 Astrologi
1457 2025 1478 2082 id

309 2135 368 2173 non
376 2122 531 2191 potuerunt
545 2116 668 2190 assequi,
679 2113 730 2172 sed
745 2115 851 2173 Daniel
864 2116 919 2174 hoo
933 2123 1070 2191 tanquam
1085 2115 1140 2172 soli
1150 2116 1216 2174 Deo
1229 2113 1370 2192 proprium
1382 2107 1478 2168 tibuit?

349 2194 424 2252 VII.
447 2197 474 2252 3.
498 2193 573 2268 Quia
592 2214 687 2253 mores
711 2201 740 2252 et
762 2196 890 2254 actiones
910 2195 1059 2254 hominum
1080 2203 1148 2253 suut
1167 2193 1339 2253 voluntaria
1358 2188 1478 2258 etlihers,

309 2271 1173 2428 1111111111111121111111111111
1194 2265 1479 2422 ⁰⁰t⁸tlll⁰df⁰ltl

912 2397 919 2426 ,
1174 2375 1210 2412 m

308 2449 460 2488 causarum
474 2429 560 2488 etism
574 2430 764 2489 secundarum
778 2433 935 2490 necessitas
948 2433 979 2490 in
989 2442 1094 2492 natura
1106 2435 1308 2492 constituetur.
1328 2433 1354 2488 4.
1369 2428 1397 2488 si
1408 2441 1480 2482 mores

308 2517 338 2568 et
352 2517 473 2568 eventus
486 2507 613 2585 pendent
626 2528 664 2567 ex
678 2510 784 2586 Astris,
801 2511 909 2570 similes
930 2521 1015 2571 erunt
1028 2533 1130 2590 mores,
1153 2521 1185 2572 et
1206 2513 1298 2572 simile
1310 2510 1392 2569 fatum
1404 2521 1479 2563 11111111

309 2589 436 2647 omniurn
450 2607 572 2665 quorum
585 2587 663 2647 idem
673 2598 718 2648 cst
730 2590 916 2667 horoscopus,
932 2599 962 2651 et
975 2593 1135 2652 nativitatis
1148 2602 1299 2670 puuctum.
1322 2587 1397 2664 Quod
1406 2595 1479 2644 11111111

309 2667 415 2726 falsum
436 2687 499 2726 csse
520 2668 697 2744 experientia
711 2670 835 2746 evincit;
865 2691 931 2730 cum
949 2672 1034 2731 multi
1054 2692 1112 2731 uno
1126 2673 1288 2750 eodemque
1301 2665 1423 2745 temporis
1434 2681 1477 2751 uo·

308 2755 407 2805 mento
421 2746 543 2806 edanhrr
555 2747 586 2805 in
599 2747 702 2823 lucem,
718 2749 769 2826 qui
782 2758 879 2809 tamen
892 2751 1021 2810 moribus
1040 2760 1069 2810 et
1085 2760 1189 2810 natura
1210 2761 1278 2811 sunt
1289 2749 1403 2808 maxime
1415 2743 1477 2828 disse

309 2827 402 2900 miles,
418 2835 447 2885 et
461 2826 664 2886 diversissimis
678 2838 819 2906 urgentur
832 2830 906 2906 fatis,
922 2839 956 2889 ut
969 2831 1017 2890 vel
1037 2851 1095 2890 uno
1110 2832 1247 2910 exemplo
1262 2829 1347 2889 Esari
1359 2837 1386 2885 ct
1397 2819 1477 2884 11111111

309 2905 498 2983 gemellorum
511 2914 599 2984 patet.
622 2907 669 2967 lta
684 2909 772 2967 maris
786 2918 815 2968 et
828 2909 953 2969 foeminac
967 2931 1004 2970 ex
1018 2910 1119 2969 codem
1132 2919 1218 2971 utero
1227 2909 1379 2970 circaidem
1391 2913 1478 2976 tempu

309 2995 442 3045 natorum
467 2985 583 3045 diversa
607 2997 674 3047 sunt
698 2989 803 3065 studia,
829 2989 951 3050 diversae
975 2991 1060 3065 vires,
1083 2990 1194 3049 diversi
1220 2999 1337 3050 eventus
1357 2995 1383 3044 et
1406 2995 1476 3042 casus·

310 3065 399 3125 Multi
413 3065 509 3142 etiam,
524 3086 646 3143 quorum
660 3067 873 3128 diversissimus
887 3069 942 3128 fuit
961 3070 1145 3147 horoscopus,
1169 3071 1273 3129 eodem
1287 3067 1380 3127 mortis
1397 3075 1477 3140 genere

309 3156 439 3223 pereunt,
455 3154 488 3205 ut
508 3147 559 3224 qui
579 3146 680 3205 codem
701 3148 800 3224 praelio
822 3147 936 3223 cadunt,
959 3169 1032 3226 quos
1055 3149 1156 3208 eadem
1176 3150 1304 3209 involvit
1324 3155 1428 3221 strages
1442 3133 1477 3193 111

309 3227 394 3285 ruina
407 3226 518 3301 domus,
534 3226 583 3284 vel
596 3235 679 3285 terrac
693 3238 797 3304 motus,
812 3228 861 3286 vel
878 3230 995 3288 morbus
1017 3228 1202 3306 epidemicus,
1219 3230 1267 3288 vel
1280 3227 1387 3306 publica
1403 3220 1477 3293 aliqua

309 3305 467 3363 calamitas.
490 3304 540 3363 An
554 3325 583 3364 v.
598 3325 627 3382 g.
650 3307 859 3384 AEgyptiornm
872 3309 1071 3386 primogenitis
1085 3307 1121 3366 ab
1133 3307 1252 3386 Angelo
1264 3305 1374 3367 Domini
1386 3315 1476 3385 1111111·

310 3381 350 3439 sis
365 3382 504 3458 similiter,
519 3383 569 3440 rel
583 3385 736 3461 AEgyptiis
750 3387 781 3444 in
797 3389 870 3445 mari
885 3388 1036 3464 Erythraeo
1051 3387 1217 3466 submersis,
1233 3389 1281 3447 vel
1302 3379 1432 3446 Cannncis
1448 3394 1475 3432 11·

308 3460 370 3518 mul
384 3462 474 3535 caesis,
491 3462 539 3518 vel
554 3461 712 3522 infantibus
726 3465 888 3524 Betlehemi
903 3467 989 3526 simul
1006 3467 1156 3546 jugulatis,
1178 3469 1273 3528 sidera
1293 3466 1385 3526 eodem
1402 3455 1476 3536 positu

307 3539 338 3596 in
360 3539 513 3598 nativitate
536 3541 683 3600 illuxere?
710 3543 831 3621 Rursus,
855 3546 905 3603 An
925 3565 984 3605 non
1007 3547 1122 3607 illorum
1143 3548 1230 3608 etiam
1250 3545 1368 3625 ingenia,
1390 3547 1415 3598 et
1433 3534 1477 3592 1111

308 3637 348 3677 sae
369 3638 384 3676 e
399 3617 564 3694 conformia,
580 3621 631 3696 qui
644 3620 842 3682 diversissimo
857 3625 983 3684 siderum
997 3627 1093 3704 positu
1107 3627 1191 3686 nati?
1428 3693 1433 3707 ¹

381 3697 440 3758 III.
466 3700 494 3757 5.
517 3699 591 3774 Quia
609 3707 724 3778 tempus
744 3705 940 3781 conceptionis
961 3715 990 3765 et
1011 3707 1172 3767 nativitatis
1193 3706 1323 3780 hominis,
1342 3721 1376 3761 cx
1394 3693 1476 3774 qmbsss

307 3777 460 3856 horoscopi
487 3776 555 3837 duci
582 3779 676 3840 solent
699 3783 857 3842 seeundum
885 3785 1019 3844 horarum
1042 3787 1267 3862 observationes,
1291 3787 1416 3843 incertum
1435 3779 1474 3830 111

309 3857 511 3936 Conceptionis
525 3859 650 3936 quidem,
670 3861 739 3937 quia
752 3883 829 3941 saepe
848 3865 927 3942 ipsos
948 3875 1119 3942 generantes
1139 3867 1227 3944 latet;
1249 3859 1403 3926 nauvinse
1415 3867 1475 3918 vero,

308 3937 377 4075 puis
397 3937 445 3996 val
468 3947 564 4015 potest
584 3941 734 4016 anteverti,
756 3943 805 4001 vel
828 3943 948 4021 produci
971 3954 1088 4023 propter
1110 3947 1281 4022 parientium
1303 3937 1474 4001 infimitatem·

339 4017 396 4076 dds
406 4017 484 4096 quod
495 4027 633 4094 punctum
644 4021 804 4081 nativitatis
810 4023 1076 4084 nullusmortslium
1082 4035 1214 4085 accurate
1219 4041 1339 4104 unquam
1344 4013 1474 4078 subduccre
1530 4048 1531 4074 l

307 4097 401 4174 possit
409 4119 417 4174 ;
440 4117 562 4174 cumea,
578 4119 642 4176 quae
657 4119 723 4158 cunr
737 4111 817 4161 motu
831 4104 985 4180 conjuncta
998 4125 1062 4164 esse
1077 4105 1159 4181 solet,
1181 4111 1321 4165 momento
1336 4117 1388 4157 non
1400 4085 1474 4150 absd-

307 4184 402 4236 vatur.
435 4176 506 4251 Quis
519 4180 612 4238 nescit
625 4199 694 4239 vcro
708 4179 822 4240 leodem
837 4201 900 4240 esec
911 4183 1120 4244 aberrationem
1133 4186 1163 4242 in
1177 4185 1275 4262 paucis
1287 4184 1359 4240 bora
1371 4183 1473 4233 momen-

307 4255 355 4319 tis.
370 4255 476 4334 quibus
490 4264 587 4316 tamen
597 4278 703 4335 magna
716 4260 779 4319 lieri
789 4261 862 4320 solet
878 4261 954 4321 Solis
965 4271 994 4322 et
1005 4265 1153 4324 stellarum
1167 4273 1281 4342 propter
1293 4251 1473 4337 rapidississffl}n

307 4355 366 4414 quo
386 4345 540 4395 moventur
559 4346 677 4414 motum,
699 4339 870 4400 inclinatio?
895 4341 981 4402 Unde
1004 4353 1115 4403 mutata
1137 4341 1353 4410 constellatione,
1367 4327 1433 4392 aliud
1450 4340 1473 4378 ¹¹¹

308 4414 410 4473 eodem
430 4415 547 4475 homine
567 4417 657 4476 satum
671 4418 748 4477 circa
762 4420 877 4479 diversa
890 4423 1018 4481 membra
1032 4423 1067 4482 de
1089 4423 1269 4484 rehendctur.
1308 4420 1407 4476 Rursus
1422 4419 1475 4463 111111

306 4493 456 4551 hominum
478 4494 607 4571 fortunas,
630 4505 660 4556 ct
680 4498 748 4574 vita,
772 4519 830 4560 non
851 4521 889 4558 ex
908 4501 1002 4579 unius,
1025 4523 1056 4561 se
1099 4524 1137 4562 ex
1161 4503 1335 4563 diversorum
1351 4487 1476 4550 hominum

306 4571 456 4630 voluntate
471 4580 500 4630 et
513 4574 617 4634 studiis
637 4576 789 4654 pendeant,
805 4579 949 4656 quomodo
963 4602 1001 4640 ex
1014 4583 1100 4642 unius
1118 4583 1243 4642 hominis
1263 4581 1406 4647 horoscopo
1417 4579 1475 4641 Pfae·
1529 4571 1530 4582 ¹

307 4645 365 4702 dici
377 4655 523 4722 possunt?
544 4653 584 4712 Et
597 4655 675 4730 quod
689 4657 783 4733 majus
797 4667 850 4734 est,
864 4679 924 4718 non
938 4659 1031 4721 solum
1045 4663 1133 4740 hujus
1147 4663 1194 4722 vel
1215 4663 1293 4722 illius
1305 4647 1421 4718 hominia
1434 4635 1475 4698 “d
