3158 5180
142 401 262 450 auser.
278 381 338 463 ιιι]
641 401 680 442 ns
695 401 872 444 cnuarross.
1297 387 1354 448 389

140 562 206 600 non
219 543 251 600 in
265 541 431 602 Gresliona.
452 545 481 602 2.
497 541 533 600 ln
547 541 693 602 miraculis
708 543 855 621 patrandis
876 541 1007 604 hormines
1022 561 1052 601 se
1066 541 1230 601 habuerunt
1243 550 1355 605 tantum

140 623 303 698 moraliter,
320 631 354 681 nt
375 622 566 681 instrumenta
580 623 708 697 moralis,
724 623 762 682 ad
781 643 904 700 quorum
924 617 1113 701 praesentiam
1122 622 1203 680 Deus
1217 622 1354 700 operaba-

141 711 204 778 tur,
220 702 272 760 sed
285 721 345 760 non
361 703 486 778 physice,
502 702 543 762 ita
556 711 589 762 ιιι
603 703 674 761 reali
687 703 785 780 aliqua
798 704 911 764 actione
925 722 998 780 opus
1011 702 1215 762 miraculosum
1230 703 1354 780 attinge·

140 792 229 856 reut3
252 780 329 840 unde
344 781 481 858 Apostoli
495 790 604 860 negant
618 801 648 840 ss
669 783 785 860 propria
798 783 905 842 virtute
919 783 1058 841 miracula
1072 781 1165 856 cdere,
1181 781 1233 840 sed
1247 781 1354 842 virtute

143 861 257 922 Christi
281 869 403 937 tantm,
427 861 494 922 Act.
516 861 557 920 iii.
581 865 627 937 12,
649 862 783 939 quamvis
804 863 881 922 enim
905 861 1024 922 effectus
1046 861 1161 939 physici
1181 881 1240 920 non
1262 862 1355 939 possit

142 959 212 1000 esse
226 960 314 1000 causa
326 940 445 999 moralis
458 949 579 1016 tautum,
602 950 697 1018 potest
710 949 808 1001 tamen
821 961 884 1002 asse
899 941 996 1020 aliqua
1009 962 1096 1002 causa
1108 941 1226 1000 moralis
1246 941 1353 1000 instru-

140 1021 284 1080 mentalis
298 1019 386 1078 simul
399 1040 465 1079 curu
479 1021 609 1098 physica.
646 1021 704 1080 Sed
718 1021 747 1080 in
762 1023 906 1082 creatione
917 1042 982 1100 quse
995 1021 1028 1081 fit
1041 1030 1196 1096 momento,
1212 1027 1242 1080 et
1255 1021 1285 1078 in
1296 1041 1354 1099 qua

140 1100 260 1160 nullum
274 1101 446 1178 supponitur
459 1100 630 1178 subjectum,
645 1102 726 1160 nulls
746 1110 843 1181 potest
859 1101 922 1161 dari
942 1122 1029 1162 causa
1049 1101 1284 1178 instrumentalis,
1299 1121 1353 1162 nec

140 1181 277 1258 physica,
292 1199 347 1239 nec
359 1179 486 1239 moralis.

187 1260 282 1319 VIII.
301 1261 383 1319 Deus
393 1260 502 1319 creavit
512 1260 608 1319 omnia
621 1281 673 1338 per
687 1263 816 1338 Ver-dum,
831 1281 890 1321 uon
899 1269 1036 1340 tanquam
1050 1282 1102 1339 per
1114 1261 1232 1320 modum
1247 1261 1352 1320 instru-

141 1341 237 1399 menti
257 1348 285 1399 et
304 1359 400 1398 causae
420 1339 623 1415 ministerialis,
647 1340 699 1400 sed
717 1341 873 1401 efficienter
894 1349 923 1402 et
946 1342 1143 1420 principaliter
1163 1361 1215 1419 per
1233 1342 1354 1406 Verbum

136 1423 303 1497 personale,
320 1419 428 1478 Filium
443 1419 499 1478 Dei
510 1429 658 1496 eternum,
670 1421 797 1500 ejusdem
811 1441 877 1481 curn
888 1423 974 1482 Patre
985 1421 1126 1496 essentiae,
1142 1423 1193 1500 qui
1205 1420 1272 1479 ideo
1287 1441 1352 1480 cum

142 1501 235 1560 Patre
248 1509 278 1560 at
300 1499 410 1577 Spiritu
432 1499 462 1560 S.
476 1499 592 1558 unicam
606 1520 723 1560 causam
736 1501 854 1562 totalem
869 1501 1022 1561 creationis
1036 1501 1199 1577 constituit;
1221 1501 1305 1578 cujus
1319 1509 1353 1560 ut

141 1579 248 1640 eadem
263 1590 308 1639 est
327 1588 439 1655 ustura,
461 1579 502 1638 ita
515 1579 615 1639 eadem
630 1589 675 1640 est
688 1581 851 1657 causalitas,
866 1590 896 1641 et
909 1583 955 1640 vis
969 1583 1109 1663 ingenui,
1126 1589 1240 1640 servato
1254 1589 1352 1639 tamen

141 1660 248 1718 ordina
262 1660 377 1737 agendi,
400 1659 450 1738 qui
470 1659 528 1718 illis
550 1661 694 1738 competit.
738 1661 799 1720 Nec
814 1662 838 1720 si
852 1661 923 1721 Joh.
937 1662 957 1721 i.
973 1665 1000 1736 3,
1017 1663 1113 1720 omnia
1126 1659 1262 1720 dicuntur
1275 1661 1353 1719 facta

143 1737 190 1798 lul
204 1740 289 1814 alpia,
306 1739 360 1798 hoc
370 1740 464 1817 magis
475 1759 591 1799 causam
605 1740 853 1800 instrumentalem
867 1749 956 1816 notat,
969 1761 1056 1818 quam
1067 1761 1132 1800 curu
1144 1741 1239 1802 omnia
1251 1740 1350 1800 dicun·

143 1832 196 1880 tur
209 1839 271 1879 esse
286 1817 320 1878 δι’
333 1823 410 1878 αὐτοῦ
418 1839 475 1896 ρει
488 1820 587 1896 ipsam,
603 1820 665 1880 scil.
681 1821 785 1895 Deum,
802 1821 886 1879 Rom.
902 1821 942 1880 xi.
957 1824 1006 1881 36.

191 1899 250 1958 ΙΧ.
270 1900 410 1975 Quamvis
431 1900 512 1958 Deus
534 1919 592 1959 nou
607 1900 703 1959 valeat
723 1900 934 1959 communicare
948 1901 1008 1958 vim
1029 1901 1186 1959 creativam
1204 1897 1350 1976 creature,

144 1999 210 2038 non
224 1981 349 2057 sequitur
361 1981 418 2038 hoc
431 1979 630 2056 impotentiam
648 1979 679 2038 in
694 1980 757 2039 Deo
771 1999 901 2057 arguere,
917 1979 1053 2058 quiahoc
1067 1999 1125 2038 non
1139 1979 1172 2038 fit
1185 1999 1224 2038 ex
1238 1979 1352 2038 delectu

146 2059 272 2135 virtutis,
288 2059 339 2118 sed
350 2080 388 2118 ex
399 2059 463 2137 ejus
476 2059 661 2137 perfectione,
672 2079 738 2136 quse
749 2079 807 2119 non
821 2067 917 2137 potest
927 2059 1046 2118 extendi
1059 2057 1097 2117 ad
1111 2058 1350 2133 contradictoria;

143 2139 227 2198 Talis
247 2148 343 2199 autem
364 2139 585 2199 communicatio
604 2139 743 2217 implicat,
759 2148 821 2199 tum
842 2159 860 2197 a
878 2147 959 2216 parte
975 2138 1039 2214 Dei,
1062 2139 1112 2216 qui
1133 2139 1254 2216 gloriam
1269 2157 1351 2198 susm

142 2219 231 2278 alteri
249 2219 338 2294 duret,
358 2229 452 2278 tuma
472 2227 553 2296 parte
568 2221 721 2296 ereatura,
737 2219 805 2296 quia
822 2219 864 2278 sic
883 2227 961 2280 esset
975 2219 1036 2278 Eua
1057 2217 1201 2278 infinitum
1215 2226 1245 2277 et
1258 2217 1350 2276 omni·

141 2309 258 2378 potens,
273 2300 312 2359 id.
327 2319 386 2358 non
401 2300 548 2359 Creatura.

186 2379 231 2439 X.
252 2380 393 2457 Ejusdem
407 2387 451 2439 est
464 2379 581 2439 virtutis
595 2399 700 2455 creare,
716 2387 745 2439 et
763 2399 908 2456 recreare;
931 2379 971 2438 Et
985 2379 1010 2438 si
1023 2378 1117 2438 virtus
1130 2377 1243 2438 infinita
1255 2377 1351 2456 requi·

139 2460 219 2518 ritur
232 2460 270 2519 ad
283 2460 447 2536 creandum,
462 2479 521 2518 non
534 2459 628 2517 minor
642 2459 770 2537 exigitur
785 2459 823 2518 ad
843 2457 1039 2518 recreandum.
1082 2457 1169 2519 Unde
1182 2459 1269 2518 toties
1282 2477 1349 2517 con-

138 2540 242 2599 versio
252 2541 367 2599 nomine
378 2540 532 2599 creationis
542 2538 720 2616 exprimitur,
731 2548 761 2600 et
770 2540 879 2600 invicta
890 2539 947 2598 Dei
956 2539 1085 2616 potentia
1095 2539 1125 2598 in
1135 2559 1170 2598 ea
1181 2540 1351 2615 celebratur,

140 2620 223 2698 Eph.
237 2621 256 2679 i.
274 2623 319 2697 19,
335 2624 383 2696 20,
399 2627 428 2678 et
442 2619 482 2678 iii
500 2622 545 2695 16,
561 2622 610 2678 20.
652 2619 713 2678 Nec
728 2619 752 2678 si
772 2620 853 2679 Deus
873 2639 925 2698 ρει
937 2619 1128 2679 ministerium
1147 2620 1305 2694 hominum,
1322 2627 1352 2678 et

140 2701 321 2779 preconium
335 2698 426 2758 Verbi
441 2700 527 2759 istam
541 2707 682 2776 operatur,
698 2701 754 2758 hoc
768 2699 801 2759 fit
814 2719 866 2777 per
879 2719 929 2760 eos
943 2709 976 2760 ut
995 2719 1047 2776 per
1060 2719 1176 2760 causam
1189 2700 1350 2778 physicum,

135 2780 199 2840 sed
225 2789 337 2840 tantum
362 2780 517 2856 moralem
548 2799 613 2838 eum
639 2779 763 2857 Spiritus
790 2780 819 2840 S.
844 2779 972 2839 efficacia
995 2779 1058 2839 sola
1081 2779 1137 2839 hoc
1158 2779 1251 2857 possit
1277 2797 1350 2856 opus

139 2881 291 2940 peragere.

608 3099 803 3176 QUAESTIO
824 3099 885 3160 111.

265 3261 312 3320 Aa
327 3260 453 3320 Mundus
459 3259 553 3337 fioerit
566 3260 601 3318 al
615 3268 727 3334 eterra,
742 3261 786 3319 rel
798 3277 855 3318 esre
867 3260 966 3318 ιιιὶιειιι
974 3256 1125 3335 paueat!
1146 3257 1221 3335 Nag.

140 3457 165 3506 1-
350 3473 387 3504 ω-
693 3417 996 3496 u
1179 3417 1352 3559 ami

172 3517 390 3630 mimam
404 3521 539 3657 pozilili,
555 3580 605 3638 An
619 3543 744 3656 potierit
758 3579 859 3639 saltam
873 3518 946 3640 sssld.
983 3579 1080 3639 Prima
1095 3520 1248 3640 iniercsdit
1265 3578 1350 3639 uobis

173 3634 341 3694 mmm·
406 3680 472 3719 cum
482 3660 630 3719 veteribus
641 3659 834 3738 Philosophia,
846 3659 896 3737 qui
906 3660 1007 3719 muudi
1017 3661 1206 3719 aeternitatem
1220 3679 1348 3719 asserue-

138 3748 219 3815 runt,
234 3741 285 3799 rel
306 3741 492 3800 materialiter
512 3748 632 3814 tantum,
648 3749 681 3800 ut
700 3741 794 3816 Plato,
810 3741 920 3799 ratione
941 3741 1076 3815 materias,
1099 3759 1184 3816 quam
1205 3739 1351 3799 statuebat

138 3829 316 3880 coaeternam
333 3821 413 3898 Deo;
438 3841 527 3898 aquo
541 3820 680 3922 figmento
694 3821 781 3879 alieni
801 3839 860 3878 non
881 3820 997 3882 luerunt
1019 3819 1120 3894 Stoici,
1136 3818 1194 3878 duo
1208 3817 1349 3896 principia

139 3919 239 3959 rerum
259 3909 409 3978 ponentes,
427 3909 476 3960 retr
495 3905 541 3959 ul
556 3901 624 3974 lass,
639 3909 756 3960 merum
770 3909 800 3958 ct
812 3901 971 3958 materiam.
1002 3899 1060 3958 Vel
1081 3899 1167 3958 etiam
1174 3899 1348 3974 formaliter,

139 3988 176 4040 ut
188 3981 359 4056 Aristoteles,
372 3982 422 4057 qui
436 3981 575 4040 mundum
590 3980 676 4039 etiam
686 3979 843 4038 formaliter
856 3988 994 4038 aeteruum
1009 3978 1139 4052 assentit,
1152 3987 1181 4036 ct
1195 3978 1231 4036 ab
1243 3985 1350 4037 eterno

140 4059 231 4119 fuisse
242 4061 324 4120 vices
335 4061 526 4120 mutationum
537 4061 567 4119 in
577 4059 761 4138 generatione
769 4068 800 4117 et
813 4058 994 4134 corruptione
1004 4057 1156 4134 pertendit,
1168 4065 1253 4134 prout
1263 4055 1350 4116 hodie

140 4149 308 4216 cernuntur,
329 4141 382 4200 lib.
397 4141 459 4202 viii.
475 4141 592 4218 Physic.
609 4140 691 4199 Licet
709 4158 779 4197 vero
796 4139 917 4196 Thomas
937 4137 1027 4197 nimio
1041 4137 1232 4214 Praeceptoris
1252 4155 1349 4198 amore

139 4229 263 4280 conetur
275 4241 343 4280 eum
357 4241 505 4298 excusare,
521 4221 605 4298 quasi
620 4240 678 4279 non
700 4217 868 4297 simpliciter
889 4216 1011 4276 senserit
1025 4215 1168 4276 Mundum
1187 4237 1251 4276 esse
1266 4225 1347 4276 arter-

140 4321 220 4376 num,
237 4301 290 4360 sed
304 4307 418 4360 tautum
432 4301 553 4379 negarit,
569 4309 620 4360 aut
633 4299 781 4360 materiam
796 4297 926 4376 primam,
942 4305 993 4356 sut
1013 4297 1117 4356 coelum
1131 4295 1219 4358 fuisse
1233 4317 1285 4374 per
1298 4316 1350 4374 ge-

141 4382 322 4441 nerationem
335 4381 484 4458 producta,
501 4381 585 4440 sacile
604 4389 699 4440 tamen
720 4378 834 4439 ostendi
854 4386 958 4456 potest,
973 4378 1099 4438 rationes
1120 4397 1192 4454 quas
1212 4376 1296 4436 affert
1316 4397 1350 4436 eo

140 4461 270 4538 tendere,
291 4469 441 4521 utcontra
456 4462 608 4520 Platonem
622 4460 765 4520 Mundum
786 4459 901 4518 initium
914 4477 1063 4536 nunquam
1076 4457 1212 4517 habuisse
1230 4457 1350 4536 probet:

141 4541 192 4600 Ad
206 4561 257 4602 aas
271 4541 416 4602 accedunt
429 4541 516 4602 hodie
531 4540 819 4602 Paeudodhrisriani
832 4548 862 4600 et
876 4538 975 4616 Athei,
990 4539 1041 4618 qui
1055 4537 1169 4616 Mundi,
1184 4538 1233 4598 vel
1247 4537 1349 4600 saltem

141 4621 283 4698 Materiae,
300 4621 492 4682 aeternitatem
506 4621 600 4682 adhuc
614 4628 740 4681 tuantur.
