3158 5190
277 381 342 438 -116
759 396 849 439 tosus
864 395 1022 440 secusnus.
1275 373 1397 457 [auser.
1415 393 1486 438 xxv.

284 544 397 597 tuaest.
439 537 465 596 E
487 536 601 596 Nostris
620 537 675 596 Vir
692 536 818 598 Docties.
833 539 952 597 Ianusue
971 536 1081 596 Vossius
1101 533 1238 614 peculiari
1258 535 1489 598 becuminem

283 617 371 676 variis
384 616 543 675 rationibus
556 615 723 676 confirmare
738 617 852 693 sategit.

324 695 379 754 IV.
401 695 463 755 Nos
472 713 542 756 vero
554 695 625 755 licet
637 714 695 755 non
709 695 880 755 diffiteamur
893 713 1006 773 magnae
1020 713 1083 754 csse
1097 693 1279 754 authoritatis
1293 693 1324 752 in
1339 694 1486 768 Ecclesia,

282 774 485 835 authoritatem
499 783 595 834 tamen
608 773 687 833 illam
701 775 855 834 humanam
865 793 1023 849 censemus,
1037 793 1096 831 non
1105 773 1241 848 divinam,
1253 782 1353 853 utpote
1364 793 1431 852 quae
1446 773 1488 833 ab

283 853 493 931 interpretibus
505 861 617 912 mnurm
630 855 757 914 humana
770 853 911 913 industrie
924 853 1063 912 odornata
1077 853 1122 926 sit,
1137 872 1195 912 non
1208 873 1279 912 voro
1295 873 1314 912 a
1328 853 1488 931 Prophetis

281 941 312 992 et
325 932 405 992 Viris
419 931 583 998 emtum
597 933 762 993 immediata
777 933 902 1010 Spiritus
919 933 949 992 S.
964 933 1158 1009 inspiratione.

323 1011 361 1071 V.
384 1013 450 1071 Non
463 1013 601 1089 quaeritur
622 1032 701 1090 ergo,
716 1011 767 1070 An
780 1011 906 1090 aliquam
924 1012 1127 1071 authoritatem
1140 1011 1246 1070 habere
1259 1011 1366 1070 debeat
1378 1012 1410 1069 in
1425 1011 1485 1070 Ec·

276 1089 387 1152 elesia:
409 1091 600 1151 concedimus
613 1093 690 1150 enim
703 1091 801 1169 magni
815 1110 878 1150 esse
891 1091 1035 1170 penderis,
1050 1099 1080 1150 et
1093 1091 1194 1150 merito
1211 1091 1275 1149 aliis
1289 1089 1487 1150 versionibus

281 1170 417 1248 praeferri.
462 1174 488 1232 1.
510 1170 594 1246 Quod
615 1171 653 1230 sit
673 1171 800 1230 omnium
820 1171 1028 1247 antiquissima
1050 1179 1117 1231 ante
1131 1170 1176 1230 bis
1189 1170 1268 1229 mille
1289 1189 1381 1228 annos
1395 1170 1485 1245 faeta,

282 1269 347 1327 quae
361 1249 426 1309 ideo
440 1249 477 1308 ob
491 1250 625 1309 canitiem
638 1250 771 1310 omnibus
784 1249 951 1310 honoranda
971 1250 1018 1309 sit.
1060 1253 1088 1308 Β).
1111 1249 1194 1325 Quod
1207 1269 1225 1307 a
1238 1248 1354 1308 Judaeis
1373 1249 1486 1326 ubique

281 1336 422 1388 terrarum
435 1329 572 1407 dispersis
585 1329 699 1407 publice
720 1337 750 1389 et
762 1329 898 1407 privatim
918 1328 1045 1406 perlecta
1057 1327 1152 1388 fuerit
1195 1331 1223 1388 3.
1245 1329 1330 1404 Quod
1345 1328 1486 1405 Apostoli

282 1415 312 1466 et
333 1408 529 1486 Evangelistae
553 1427 587 1468 aa
610 1409 777 1486 plerumque
801 1408 832 1466 in
853 1407 989 1466 citatione
1010 1407 1140 1466 locorum
1154 1407 1192 1467 V.
1213 1408 1248 1466 T.
1269 1408 1315 1466 usi
1337 1408 1485 1485 legantur,

281 1487 615 1642 mutuatus
627 1486 1326 1643 amatumttumum
1335 1487 1486 1644 itit&

281 1643 356 1702 inter
371 1644 481 1704 Gentes
495 1644 627 1703 Ecclesia
640 1647 746 1722 genita,
762 1652 790 1704 et
807 1645 894 1722 hujus
914 1645 989 1704 lecte
1009 1645 1135 1704 enutrita
1148 1644 1241 1704 fuerit.
1283 1648 1312 1704 5.
1334 1645 1411 1720 Quia
1426 1645 1483 1706 Ec·

281 1721 370 1781 clesia
384 1724 487 1784 Graes
509 1732 539 1782 et
553 1723 665 1800 Latina,
680 1743 743 1784 sam
757 1743 809 1802 pro
823 1723 942 1801 vulgata
955 1743 1006 1801 per
1020 1725 1079 1784 600
1092 1743 1183 1783 annos
1203 1722 1313 1784 hebuit.
1356 1727 1384 1784 6.
1407 1725 1485 1800 Quia

281 1800 384 1862 Patres
402 1808 432 1862 et
447 1801 606 1879 Scriptores
620 1802 816 1862 Ecclesiastioi
836 1803 947 1879 antiqui
965 1803 1039 1862 hane
1060 1804 1271 1862 commentariis
1289 1803 1484 1880 explicarunt,

279 1881 1484 2021 tettttffl⁵tttttt‘.⁰.‡.:t.⁰.ttt3.¹¹ttttittffitt

283 2039 342 2100 Sed
355 2041 501 2118 queritur,
517 2040 568 2098 An
580 2041 648 2100 talis
668 2041 706 2100 sit
719 2041 775 2100 ista
788 2040 967 2113 Autboritas‚
982 2047 1016 2099 ut
1027 2049 1179 2117 propterea
1192 2041 1358 2100 authentica
1372 2041 1487 2101 eeneeri

281 2118 386 2180 debeat
399 2129 429 2180 et
441 2120 569 2180 fontibus
583 2119 771 2196 equiparari3
793 2119 871 2196 quod
884 2119 994 2178 vellent
1007 2118 1186 2194 Adversarii,
1202 2121 1263 2179 Nos
1277 2139 1431 2198 negamus.

311 2234 397 2284 Vento
408 2231 484 2282 m
549 2199 619 2266 ¹VI.
642 2197 780 2259 Rationes
794 2205 869 2272 sunt,
888 2202 914 2258 1.
926 2198 1000 2274 Quia
1010 2199 1136 2256 humano
1150 2199 1246 2257 studio
1259 2208 1290 2258 ct
1299 2199 1398 2258 labore
1413 2218 1485 2259 cen·

523 2277 638 2414 tuat
652 2285 717 2413 ιι.
733 2276 1486 2433 ..seam

281 2441 402 2493 vocatur
420 2433 548 2511 sigillum
563 2373 770 2509 prophetari-im
783 2453 802 2492 a
813 2375 936 2510 ilndseis,
952 2376 1118 2496 dpsimpp
1139 2377 1221 2495 edin
1233 2455 1268 2496 eo
1288 2437 1378 2495 ctiam
1391 2379 1484 2514 pailet,

278 2513 349 2590 quia
367 2512 445 2590 apud
458 2511 613 2571 Aristeem
627 2511 762 2571 dicuntur
774 2515 946 2589 Interpretea
959 2515 1033 2574 inter
1051 2535 1081 2574 aa
1094 2515 1245 2591 cantabero,
1261 2516 1437 2592 depotentes
1459 2525 1487 2576 et

277 2595 451 2668 commater
464 2592 537 2651 inter
549 2609 578 2650 sc
588 2593 623 2650 do
635 2609 669 2650 rc
681 2591 810 2667 poetes,
820 2594 907 2652 donec
921 2597 1033 2653 tandm
1046 2595 1076 2653 io
1089 2615 1174 2653 unam
1187 2613 1281 2654 omncs
1294 2597 1483 2670 coemerent,
1561 2658 1566 2681 Ι

280 2669 335 2730 dre.
377 2670 420 2730 At
438 2669 464 2730 si
477 2671 552 2730 inter
565 2688 596 2728 se
616 2670 807 2747 contulerunt
822 2691 881 2731 nou
893 2673 1117 2750 prophetanmt:
1148 2691 1215 2732 nam
1229 2674 1303 2733 sacri
1320 2674 1485 2752 Scriptores

280 2768 427 2827 nunquam
446 2767 511 2810 oum
532 2749 597 2808 aliis
616 2749 806 2825 monuerunt,
821 2750 1001 2829 disputantes
1021 2753 1057 2812 de
1078 2753 1207 2830 qualibet
1219 2771 1250 2811 re
1269 2771 1359 2829 quam
1373 2753 1483 2814 scribe·
1562 2746 1566 2755 '

279 2837 352 2905 rent
368 2828 420 2888 sed
437 2837 523 2909 prout
538 2847 557 2887 a
571 2828 679 2906 Spiritu
702 2829 732 2889 S.
746 2828 842 2900 edocti
855 2837 945 2906 erent,
968 2832 1029 2890 sine
1048 2831 1110 2892 ulia
1122 2829 1317 2909 disputatione
1331 2832 1380 2891 vel
1400 2851 1485 2892 mora

278 2907 395 2986 seriptis
408 2909 504 2969 omnia
516 2907 697 2967 mandarunt.
739 2911 767 2968 h.
789 2909 864 2984 Quia
883 2909 909 2968 si
928 2910 1051 2987 Spiritus
1069 2911 1099 2970 S.
1114 2909 1212 2970 afflatu
1225 2909 1411 2989 scripserunt,
1426 2929 1482 2972 nu·

279 3005 376 3049 merus
388 2988 456 3049 telis
469 2985 630 3066 superfluus
643 2985 752 3063 fuisset,
764 3007 830 3048 cnm
844 3007 918 3048 unua
929 2987 1079 3064 sufficeret,
1088 3008 1142 3049 nee
1156 3007 1228 3068 opus
1242 2998 1319 3049 esset
1328 2991 1401 3049 viris
1410 2989 1482 3050 doo-
1576 2977 1577 3005 ¹

278 3068 355 3128 trina
368 3067 463 3145 claris,
477 3078 507 3129 st
519 3067 561 3126 lin
603 3087 628 3126 e
638 3065 793 3128 Hebretoe
806 3075 836 3127 et
847 3067 957 3128 Graece
969 3067 1077 3146 peritis,
1093 3067 1119 3128 si
1133 3069 1195 3128 sine
1209 3067 1305 3128 studio
1318 3077 1350 3128 et
1362 3069 1482 3130 auxiliis

279 3147 413 3208 humanis
427 3145 557 3208 confecta
599 3147 676 3206 'sset
711 3149 740 3206 3.
754 3147 829 3222 Quia
841 3165 895 3206 nec
908 3147 994 3206 rebus
1007 3167 1061 3206 nec
1074 3147 1173 3207 verbis
1186 3147 1322 3207 convenit
1335 3147 1366 3206 in
1380 3149 1482 3208 multis
1575 3161 1576 3166 ’

278 3247 345 3287 cum
359 3227 494 3302 fontibus,
517 3226 569 3286 sed
582 3226 678 3285 varias
696 3223 785 3286 habet
805 3249 984 3307 πωςιςμιινις,
1000 3233 1029 3286 et
1042 3226 1257 3304 discrepantias,
1276 3234 1311 3286 ut
1331 3235 1482 3286 ostensum
1575 3241 1576 3248 ¹

278 3313 324 3364 est
344 3306 382 3363 ab
399 3305 458 3364 illis
476 3305 527 3382 qui
544 3307 600 3364 hoe
613 3313 813 3382 argumentum
826 3315 1001 3380 tractarunt3
1023 3305 1099 3365 unde
1113 3307 1245 3364 Morinos
1257 3305 1376 3366 tandem
1396 3305 1481 3365 fateri

278 3389 395 3442 coactus
409 3393 454 3442 est
468 3385 573 3441 Exere.
583 3383 633 3440 vii.
648 3403 710 3461 cap.
722 3384 761 3442 iv.
782 3385 987 3444 Aetheritotem
999 3385 1088 3444 aliam
1108 3403 1165 3444 aon
1184 3385 1402 3445 adscribendam
1421 3403 1482 3444 aare

278 3461 342 3518 lucio
354 3462 488 3536 Vmiooi,
501 3462 657 3538 poemat&
667 3461 806 3522 inductio
816 3466 940 3522 humana
946 3465 1043 3540 sactis.
1064 3467 1093 3522 4.
1109 3463 1249 3538 Quisnon
1258 3463 1384 3524 habetur
1393 3463 1480 3524 hodia
1565 3469 1567 3480 '

278 3555 358 3615 pura,
375 3539 426 3598 aad
439 3539 543 3598 mirram
557 3540 588 3598 in
600 3539 718 3598 modum
733 3550 867 3620 corrupta
887 3552 916 3603 et
936 3543 1123 3619 interpolata3
1146 3543 1221 3620 Ejus
1240 3543 1346 3602 rudera
1366 3551 1480 3602 tantam

278 3625 308 3676 et
328 3615 440 3692 autam
458 3617 606 3692 habemns,
627 3626 661 3678 nt
673 3618 726 3676 vix
745 3621 837 3698 possit
854 3621 916 3698 jam
929 3622 1026 3681 vocari
1040 3621 1146 3682 Versio
1161 3621 1264 3681 LXX.
1286 3622 1391 3682 similis
1410 3623 1481 3681 navi

278 3695 712 3836 ffittttttt‘ttt
727 3717 781 3838 il?
792 3699 902 3838 hill
922 3701 1052 3840 'stt‘
1072 3700 1202 3839 mii?-
1215 3701 1401 3840 ‘hilql'l
1420 3719 1481 3838 li

279 3855 423 3936 Paralipo.
466 3854 552 3916 Unde
576 3855 652 3915 inter
674 3797 782 3916 Doitos
807 3823 976 3935 feme'jam
998 3799 1146 3936 silidam
1169 3801 1224 3935 ede
1248 3824 1328 3918 iliani
1339 3801 1417 3918 eespp
1440 3823 1480 3918 ari

278 3934 509 4075 gersiplrppnamgi'
531 3953 597 4014 quoe
615 3941 739 4002 awmls
752 3937 837 3996 etiam
858 3935 1015 4015 dicebatur,
1035 3945 1109 4000 teste
1129 3937 1230 3998 Hiero.
1249 3937 1288 3996 ad
1309 3937 1429 3997 Suniam
1450 3947 1481 3998 et

307 4024 365 4076 rete
438 4061 445 4076 ι
467 4162 472 4174 Ι
558 4093 632 4153 VII.
656 4095 688 4156 Si
703 4095 731 4153 A
752 4095 837 4154 ostoli
851 4113 891 4154 se
910 4093 956 4155 ius
968 4096 1015 4155 usi
1029 4103 1096 4156 sunt
1109 4096 1165 4156 ista
1174 4096 1324 4172 Versione,
1339 4115 1399 4154 non
1413 4094 1480 4154 ideo
1559 4076 1563 4103 ⁵

293 4157 498 4266 mmuh*
518 4171 655 4266 iecerunt,
670 4193 709 4250 qu
769 4191 832 4268 eam
845 4115 1039 4268 authenticam
1059 4175 1210 4234 crederent
1222 4184 1252 4234 et
1265 4175 1405 4267 divinam,
1428 4173 1482 4234 sed

518 4271 588 4328 qu1a
597 4259 666 4312 tunc
680 4261 817 4330 temporis
829 4261 1017 4314 mrtaussrma
1030 4263 1092 4314 erat
1102 4261 1131 4313 et
1141 4262 1256 4332 recepta
1269 4261 1345 4312 mter
1358 4273 1479 4329 omnes3

278 4333 309 4415 et
321 4325 397 4417 quie,
409 4328 460 4387 ubi
474 4348 575 4388 sensus
588 4339 618 4390 et
630 4330 761 4390 veritatis
774 4331 847 4390 ratio
859 4332 1029 4409 patiebatur,
1044 4333 1199 4392 noluerunt
1212 4341 1262 4391 ant
1275 4332 1481 4409 intempestive

278 4417 376 4492 pren,
392 4413 442 4464 aut
462 4409 627 4485 scrupulum
648 4427 744 4470 creare
764 4409 976 4488 intimioribus,
999 4411 1050 4470 sed
1070 4431 1122 4490 per
1141 4419 1270 4471 sanctam
1288 4411 1481 4470 oeconomiam

278 4489 459 4540 immutatum
478 4486 662 4563 reliquerunt,
683 4489 760 4565 quod
780 4497 921 4550 mutatum
942 4489 1107 4566 offenderet,
1126 4509 1193 4549 cum
1213 4490 1372 4568 presertim
1392 4490 1481 4548 etiem

278 4573 337 4612 non
350 4567 491 4619 mutatum
505 4581 565 4621 rem
584 4567 746 4628 conficeret.
789 4565 872 4642 Quod
891 4587 949 4626 nou
967 4569 1009 4628 ita
1021 4569 1131 4628 faciunt
1143 4577 1248 4644 temen,
1264 4567 1335 4644 quin
1345 4587 1481 4626 nonnun-

277 4649 363 4710 quam
384 4635 434 4694 ubi
454 4655 501 4697 res
522 4644 667 4717 postulare
688 4643 718 4704 id
738 4645 861 4720 ridetur,
883 4665 972 4723 quum
994 4667 1052 4706 non
1077 4656 1187 4706 tautum
1211 4645 1403 4722 incommoda,
1429 4645 1483 4706 sed
