3158 5190
265 367 303 424 42
722 355 814 425 cocus
829 379 948 424 mus.
1265 359 1391 442 [suasu
1405 381 1471 424 nn.

262 525 314 601 dit,
329 520 366 584 de
379 541 470 602 regno
484 541 546 599 suo,
561 531 592 582 et
604 519 641 582 de
655 522 750 584 musis
760 522 940 584 naturalibus
952 519 1173 600 intelligendum
1188 528 1242 599 est,
1256 535 1318 581 uon
1331 521 1370 582 de
1381 539 1473 601 ram

262 605 363 682 gratia
376 612 406 663 et
419 605 449 662 in
463 601 563 662 ordine
577 604 806 684 supernaturali..
827 604 952 663 Psocant
962 621 1032 680 ergo
1042 603 1093 680 qui
1105 602 1173 661 hinc
1186 609 1360 680 argutantur
1372 611 1472 662 cona-s

263 685 442 744 creationem
456 682 564 759 mnndi,
578 683 818 760 Incamationem,
830 691 860 742 et
871 682 1120 742 Resurrectionem
1132 691 1321 758 mortuorum,
1333 681 1473 759 quiahsec

264 764 412 842 Scriptura
421 763 483 822 fieri
493 762 586 839 docet,
596 782 655 822 non
665 782 717 842 per
724 764 861 824 virtutem
871 781 1021 822 securum
1031 762 1213 838 naturalium,
1221 762 1273 822 sed
1281 781 1334 840 per
1342 763 1471 841 omnipo-

261 843 381 902 tentiam
393 843 458 902 Dei.
493 846 522 902 2.
537 842 632 918 Quum
646 851 790 921 praetextu
805 843 1007 921 Philosophia,
1022 842 1096 902 falsa
1108 841 1214 920 placita
1228 842 1471 919 Philosophorum
1562 901 1563 908 ,

261 931 454 998 assumuntur,
465 930 495 983 et
504 943 541 982 cx
550 923 608 983 illis
619 943 729 983 errores
740 924 770 981 in
780 924 940 1001 'lheologia
950 931 1123 982 exn-cucun-
1130 922 1178 982 vel
1188 921 1393 998 defenduntur,
1402 941 1471 1000 qua·

260 1001 298 1061 lis
312 1012 356 1062 est
370 1003 467 1082 opinio
481 1003 649 1063 Ariaoulis
662 1003 699 1062 de
713 1005 872 1064 eternitate
884 1002 993 1078 mundi,
1011 1002 1141 1062 Platonis
1153 997 1191 1062 de
1205 1001 1280 1080 Igne
1291 1003 1471 1080 purgatorio,
1562 1059 1563 1064 ,

264 1083 425 1142 Stoicorum
436 1082 473 1142 ‹le
486 1082 566 1143 fatali
580 1103 676 1144 nerum
689 1083 868 1158 necessitate,
884 1081 938 1142 aa.
970 1082 1145 1142 strueres
1160 1081 1406 1160 Philosophorum
1414 1101 1473 1142 non

262 1171 330 1222 sunt
343 1162 459 1223 decreta
469 1162 674 1242 Philosophiae,
683 1172 716 1224 ut
726 1173 821 1223 errata
834 1162 988 1222 Artificum
1001 1181 1060 1220 non
1073 1171 1141 1222 sunt
1154 1161 1324 1239 imputanda
1337 1161 1397 1239 ipsi
1408 1163 1472 1222 arti.
1562 1193 1563 1200 κ

261 1243 452 1320 Philosophia,
464 1244 559 1321 inquit
572 1243 663 1304 Clam.
679 1244 755 1303 Stre.
772 1247 867 1320 1,noa
880 1252 921 1302 est
933 1243 1053 1302 &aaa
1066 1243 1171 1318 Stoica,
1185 1261 1236 1301 uec
1248 1243 1412 1319 Platonica
1423 1251 1474 1302 aut

262 1323 417 1398 Epicrate,
440 1333 490 1382 cut
503 1324 690 1400 Arr'stoteliea,
705 1325 757 1383 sed
775 1341 946 1401 uacunque
959 1324 995 1382 ab
1008 1323 1051 1382 his
1063 1324 1142 1382 meti
1155 1330 1229 1382 reete
1241 1321 1407 1404 ‘limma
1422 1324 1473 1382 hoe

262 1411 350 1461 utum
363 1405 493 1462 ashoure
506 1403 654 1462 dicendum
667 1413 708 1462 est
720 1403 910 1480 Philosophia.
953 1405 981 1463 3.
1003 1403 1100 1478 Quum
1109 1401 1299 1480 Philosophia
1312 1401 1392 1460 clrca
1402 1402 1471 1462 arti-

262 1483 344 1542 culos
357 1482 425 1542 fidei
439 1482 637 1561 magisterium
652 1483 708 1542 sibi
721 1484 850 1559 assumit,
866 1502 924 1542 non
939 1490 1074 1542 contenta
1086 1481 1253 1557 ministerio,
1269 1481 1351 1559 quod
1364 1481 1472 1543 &tem

262 1579 281 1620 a
296 1563 482 1622 Scholasticis
502 1563 553 1640 qui
567 1563 755 1622 Aristotelem
768 1563 799 1622 in
817 1563 922 1622 throno
941 1557 1127 1638 cohoearu'ut,
1148 1569 1179 1621 et
1198 1581 1215 1620 a
1237 1561 1403 1622 Sociaianis
1422 1562 1473 1640 qui
1563 1577 1564 1600 ³

262 1643 401 1719 mysteria
414 1642 571 1718 Trinitatis,
589 1642 808 1718 Incamationis,
824 1640 878 1702 &a
893 1641 996 1701 nolunt
1009 1641 1169 1718 admittere,
1184 1641 1254 1719 quia
1274 1641 1472 1722 Philosophia

261 1721 410 1800 principiis
422 1741 482 1781 non
495 1721 631 1781 videntur
643 1741 811 1800 congruere.
833 1725 861 1780 4.
876 1723 972 1797 Quum
985 1721 1056 1780 nori
1068 1721 1184 1781 termini
1194 1729 1227 1781 et
1239 1721 1361 1800 phrases
1372 1741 1392 1781 e
1404 1722 1472 1781 Phi·

262 1801 394 1880 Iosophie
402 1803 433 1861 in
443 1800 631 1879 thuregum
645 1801 806 1862 inferuntur
819 1801 891 1861 citra
903 1801 1113 1880 necessitatem,
1125 1801 1180 1862 sub
1190 1801 1296 1880 quibua
1305 1820 1386 1862 nova
1394 1819 1473 1882 sapa

263 1890 293 1941 et
305 1883 467 1961 periculosa
479 1883 572 1942 latent
585 1881 729 1958 dogmata

306 2021 357 2068 Fon

525 2122 584 2196 ceri
600 2123 630 2181 in
645 2123 848 2201 Philosophia,
870 2121 921 2182 scd
941 2142 1001 2181 non
1020 2123 1150 2200 sequitur
1163 2141 1198 2180 ea
1217 2121 1318 2198 negari
1338 2123 1377 2182 ab
1397 2123 1471 2200 ipsa,

263 2200 331 2278 quie
344 2199 452 2262 limites
466 2201 650 2262 scientiarum
676 2223 734 2261 non
749 2211 817 2262 sunt
829 2200 1040 2279 confundendi;
1064 2201 1106 2263 Ut
1119 2201 1303 2263 neomenia
1322 2221 1383 2261 non
1396 2211 1473 2262 trac·

262 2289 306 2338 tat
320 2279 462 2356 Medicus,
478 2301 532 2340 nco
547 2281 674 2358 Ph>⁷sica
686 2282 927 2358 «Iurisconsultus,
944 2283 991 2341 Its
1006 2283 1083 2342 iutra
1095 2281 1233 2341 terminos
1246 2299 1315 2341 suos
1329 2283 1473 2342 oonhneri

262 2359 350 2417 debet
371 2359 566 2436 Philosophia,
581 2379 635 2418 nse
655 2361 758 2418 falcem
779 2361 810 2418 in
831 2361 953 2420 alienam
973 2379 1097 2421 messem
1117 2361 1288 2438 humittere3
1310 2361 1380 2423 licet
1399 2379 1473 2440 erge

261 2436 335 2494 nihil
348 2435 535 2574 dpaiir'nitate
545 2448 579 2499 et
589 2439 792 2498 Incematione
803 2439 906 2518 nodat,
918 2459 976 2500 non
989 2449 1141 2521 propterea
1154 2441 1205 2500 illa
1214 2443 1354 2521 mysteria
1362 2460 1473 2521 negare

262 2533 368 2574 censen
420 2524 473 2576 est.

302 2594 394 2654 VIII.
417 2595 525 2656 Paulus
545 2595 695 2675 001.ii.8,
710 2615 809 2658 vernn
824 2599 1041 2680 Philosophiam
1054 2600 1086 2660 in
1099 2619 1130 2661 se
1144 2609 1302 2681 speetetm
1315 2621 1376 2661 non
1388 2601 1471 2662 sinm-

261 2681 320 2749 nat,
337 2674 388 2734 sed
402 2694 507 2734 vanam
521 2685 551 2736 et
564 2677 674 2756 falsam,
687 2695 752 2755 qua
765 2687 828 2738 erat
841 2679 871 2738 iu
883 2680 1067 2762 Philosophia
1081 2680 1160 2741 illius
1174 2683 1237 2757 avi,
1250 2700 1268 2741 a
1280 2681 1389 2760 quihus
1402 2682 1471 2742 doc·

261 2754 337 2813 trina
351 2753 505 2832 Evangelii
526 2757 769 2838 corrumpebatur,
784 2759 879 2836 qualis
899 2779 1011 2840 semper
1024 2761 1165 2840 reperitur
1178 2762 1208 2820 irr
1221 2771 1366 2838 concreto,
1380 2780 1471 2842 quum

262 2831 352 2892 fertur
365 2843 448 2894 extra
461 2837 592 2915 proprios
605 2837 721 2915 limites,
735 2848 765 2900 et
775 2839 918 2917 judicium
933 2841 988 2900 sibi
1002 2841 1090 2901 sumit
1103 2837 1140 2900 ds
1159 2841 1247 2902 rebus
1268 2853 1471 2920 supernatus·

260 2911 338 2973 libus
351 2923 382 2975 et
393 2915 511 2995 divinis,
526 2936 585 2996 quo
598 2917 756 2997 respiciunt
768 2920 825 2979 ista
838 2921 995 2998 Eudemi,
1009 2921 1061 2981 lib.
1075 2925 1103 2998 i,
1119 2930 1207 2982 ωηεν.
1222 2923 1348 3000 Summa

466 3033 579 3116 Quippe
592 3035 685 3110 misor
698 3046 804 3098 usuro
817 3039 906 3098 αοὶεηι
918 3039 945 3099 si
957 3039 1098 3100 intendere
1112 3049 1196 3100 unet

462 3117 574 3194 Aemus,
589 3137 625 3177 cc
633 3127 787 3195 peueuare
800 3119 860 3180 Dei
872 3121 983 3180 decreta
996 3119 1128 3197 supremi,

466 3197 538 3264 Qut
552 3199 655 3258 dubitet
667 3199 737 3259 vieto
742 3200 882 3277 fragilem
897 3203 1044 3260 basescere
1057 3200 1126 3276 υἰειι,

468 3277 585 3354 Vimque
590 3279 726 3355 satiqatoe
739 3281 836 3340 mentis
849 3281 898 3338 suh
907 3289 1022 3358 pectore
1030 3299 1127 3356 parvo

466 3357 593 3415 hurbari
604 3358 788 3436 invalidisque
802 3359 920 3420 hebetem
933 3361 1108 3420 sucumbere
1122 3359 1220 3420 curbi

464 3435 524 3492 Sed
527 3435 627 3508 facilh
630 3438 707 3514 fidei
717 3439 773 3515 via,
789 3437 835 3512 du

264 3547 364 3640 Talem
384 3555 481 3607 autem
503 3550 720 3631 Philosophiam
741 3553 865 3614 Paulum
885 3553 1047 3635 intelligere
1065 3565 1147 3635 patet
1169 3560 1195 3618 1..
1216 3575 1255 3616 ex
1275 3556 1472 3639 descriptione

264 3626 371 3704 addita
391 3628 460 3704 quia
479 3647 543 3689 sam
561 3640 648 3691 vocet
669 3632 734 3702 arrh
747 3631 847 3702 hemia
866 3651 972 3694 vunan
992 3637 1187 3715 deceptiom
1228 3641 1257 3697 2.
1279 3637 1317 3697 ab
1336 3639 1471 3718 exemplo

263 3707 300 3768 ds
314 3708 583 3788 Angelorum-utha,
598 3729 628 3772 v,
644 3715 691 3790 18,
706 3714 756 3792 qui
770 3733 847 3774 verse
862 3714 1056 3794 Philosophiae
1076 3715 1185 3795 dogma
1200 3735 1260 3794 non
1272 3725 1326 3794 est
1342 3718 1397 3778 sed
1409 3737 1470 3779 car·

263 3790 385 3848 oinoma.
427 3790 455 3850 3.
477 3809 495 3850 a
514 3791 585 3869 pari,
607 3793 675 3869 quia
696 3793 805 3854 Paulus
826 3793 945 3855 damuat
963 3799 1153 3874 rimantes,
1169 3815 1198 3857 v.
1214 3799 1242 3872 4,
1263 3817 1324 3856 non
1344 3817 1469 3875 omnen,

263 3867 405 3947 siqnidem
425 3877 456 3929 st
475 3870 537 3949 ipso
558 3891 593 3930 ea
611 3893 683 3933 usus
700 3874 810 3952 legitur
828 3893 888 3934 non
906 3878 1004 3953 semel,
1020 3877 1072 3938 sed
1085 3877 1326 3960 πηιλομζοπιι,
1350 3879 1400 3938 lta
1412 3897 1470 3938 uon

262 3950 381 4010 damnat
393 3969 507 4010 omnem
523 3951 747 4031 Philosophiam,
760 3953 812 4014 sed
822 3964 934 4016 tantum
947 3958 1023 4018 mele
1036 3977 1136 4017 sanam
1148 3967 1179 4018 et
1188 3958 1390 4037 deceptricem,
1400 3977 1469 4037 qna·

565 1958 640 2022 VII.
662 1961 755 2022 Aliud
767 1971 813 2023 est
826 1981 844 2022 a
858 1960 1045 2041 Philosophia
1058 1961 1176 2040 negari;
1198 1959 1291 2020 Aliud
1311 1961 1350 2021 ab
1363 1978 1400 2022 sa
1412 1981 1472 2022 non
1564 2030 1565 2034 ¹

335 2023 475 2128 „mli
522 2041 639 2103 docsri:
662 2043 729 2101 Non
748 2061 887 2121 negamus
900 2043 983 2102 varia
1001 2041 1141 2120 mysteria
1153 2040 1333 2118 Theologioa
1343 2058 1406 2102 non
1421 2041 1472 2102 do—
1564 2077 1565 2119 3

1564 3457 1566 3540 l

261 4029 319 4090 lem
334 4029 444 4091 scilicet
455 4031 675 4114 Pssudepostoli
688 4033 825 4096 invehere
835 4037 1021 4114 conabantur,
1033 4047 1066 4098 ut
1080 4038 1122 4098 sic
1131 4057 1151 4097 a
1160 4037 1344 4116 simplicitate
1354 4046 1385 4098 at
1395 4038 1468 4098 seri·
1565 4073 1566 4076 =

261 4117 322 4170 tate
346 4111 501 4191 Evangelii
523 4109 625 4174 fideles
646 4111 831 4192 abducerent,
854 4116 923 4176 duur
947 4117 1001 4178 sub
1021 4126 1165 4196 pretextu
1185 4137 1297 4178 arcam
1316 4119 1469 4196 cujusdam

261 4189 409 4267 sapientia
429 4193 584 4256 obtrudere
604 4195 775 4274 satagebant
789 4197 1008 4258 Colossensibus
1025 4217 1118 4258 novas
1131 4207 1162 4259 et
1174 4215 1308 4258 erroneas
1322 4197 1470 4260 decumas
1565 4183 1566 4242 3

261 4265 297 4326 da
311 4270 391 4328 cultu
405 4270 595 4350 Angelorum,
611 4293 649 4335 cx
664 4275 877 4336 Platonicorum
891 4275 1002 4336 lacunis
1015 4278 1089 4338 forte
1102 4279 1266 4356 traductss3
1288 4278 1338 4339 vel
1350 4295 1469 4360 σιρο-

260 4352 360 4420 ascesis
374 4355 404 4406 ct
417 4349 642 4427 sophismatibus
655 4355 811 4418 studebant
821 4357 1062 4418 Carsmonisrnm
1071 4358 1219 4437 legalium,
1229 4367 1259 4419 et
1267 4357 1468 4420 'l'raditionum

260 4425 450 4485 humanarum
462 4449 548 4491 usum
568 4440 598 4492 et
617 4435 818 4497 necessitatem
838 4436 1047 4515 commendere,
1061 4446 1094 4499 et
1112 4438 1155 4500 sie
1167 4439 1307 4518 panlafim
1320 4459 1339 4498 a
1352 4439 1469 4499 chriae

259 4503 299 4564 ad
313 4504 425 4564 Mosam
439 4525 490 4566 sos
503 4510 649 4574 mdnoere.

302 4581 361 4644 IX.
384 4584 544 4663 Apostolus
566 4590 650 4652 Rom.
672 4594 690 4652 i.
713 4598 762 4669 21,
783 4599 831 4672 22,
854 4615 911 4656 non
927 4597 1045 4660 damnat
1058 4617 1156 4658 veram
1172 4597 1398 4676 Philosophiam,
1415 4597 1466 4658 ssd

257 4672 371 4726 tantum
384 4665 507 4727 abusum
520 4668 601 4748 ejns;
624 4689 677 4731 nec
690 4673 818 4751 loquitur
831 4675 867 4736 de
883 4677 1078 4756 Philosophia,
1095 4678 1146 4738 sed
1160 4678 1196 4738 de
1209 4678 1402 4756 Philosophia,
1415 4677 1466 4756 qui
