<?xml version="1.0" encoding="UTF-8"?>
<!DOCTYPE html PUBLIC "-//W3C//DTD XHTML 1.0 Transitional//EN"
    "http://www.w3.org/TR/xhtml1/DTD/xhtml1-transitional.dtd">
<html xmlns="http://www.w3.org/1999/xhtml" xml:lang="en" lang="en">
 <head>
  <title>
</title>
<meta http-equiv="Content-Type" content="text/html;charset=utf-8" />
  <meta name='ocr-system' content='tesseract 3.04.00' />
  <meta name='ocr-capabilities' content='ocr_page ocr_carea ocr_par ocr_line ocrx_word'/>
</head>
<body>
  <div class='ocr_page' id='page_1' title='image "./francisciturret01pictgoog_0300.png"; bbox 0 0 3044 5180; ppageno 0'>
   <div class='ocr_carea' id='block_1_1' title="bbox 113 355 1318 440">
    <p class='ocr_par' dir='ltr' id='par_1_1' title="bbox 113 355 1318 440">
     <span class='ocr_line' id='line_1_1' title="bbox 113 355 1318 440; baseline 0.004 -20"><span class='ocrx_word' id='word_1_1' title='bbox 113 377 219 427; x_wconf 76' lang='lat' dir='ltr'><strong>Quaen.</strong></span> <span class='ocrx_word' id='word_1_2' title='bbox 233 355 339 440; x_wconf 75' lang='lat' dir='ltr'><strong>nvn]</strong></span> <span class='ocrx_word' id='word_1_3' title='bbox 530 375 570 416; x_wconf 86' lang='lat' dir='ltr'><strong>na</strong></span> <span class='ocrx_word' id='word_1_4' title='bbox 584 374 643 416; x_wconf 83' lang='lat' dir='ltr'><strong>nuo</strong></span> <span class='ocrx_word' id='word_1_5' title='bbox 656 375 724 433; x_wconf 82' lang='lat' dir='ltr'><strong>uso,</strong></span> <span class='ocrx_word' id='word_1_6' title='bbox 740 375 778 416; x_wconf 84' lang='lat' dir='ltr'><strong>nr</strong></span> <span class='ocrx_word' id='word_1_7' title='bbox 792 375 892 417; x_wconf 80' lang='lat' dir='ltr'><strong>ramo,</strong></span> <span class='ocrx_word' id='word_1_8' title='bbox 1259 368 1318 425; x_wconf 76' lang='grc'><strong>245</strong></span> 
     </span>
    </p>
   </div>
   <div class='ocr_carea' id='block_1_2' title="bbox 98 515 1320 4765">
    <p class='ocr_par' dir='ltr' id='par_1_2' title="bbox 105 515 1320 1640">
     <span class='ocr_line' id='line_1_2' title="bbox 105 515 1320 614; baseline 0.002 -32"><span class='ocrx_word' id='word_1_9' title='bbox 105 517 316 614; x_wconf 70' lang='lat' dir='ltr'><strong>exemplunm</strong></span> <span class='ocrx_word' id='word_1_10' title='bbox 336 515 536 612; x_wconf 80' lang='lat' dir='ltr'><strong>eontrarium:</strong></span> <span class='ocrx_word' id='word_1_11' title='bbox 558 517 632 576; x_wconf 88' lang='lat' dir='ltr'><strong>Nam</strong></span> <span class='ocrx_word' id='word_1_12' title='bbox 656 536 721 612; x_wconf 80' lang='lat' dir='ltr'><strong>quse</strong></span> <span class='ocrx_word' id='word_1_13' title='bbox 742 525 879 611; x_wconf 79' lang='lat' dir='ltr'><strong>petuntur</strong></span> <span class='ocrx_word' id='word_1_14' title='bbox 902 536 941 577; x_wconf 88' lang='lat' dir='ltr'><strong>ex</strong></span> <span class='ocrx_word' id='word_1_15' title='bbox 958 517 1047 613; x_wconf 76' lang='lat' dir='ltr'><strong>variis</strong></span> <span class='ocrx_word' id='word_1_16' title='bbox 1072 517 1226 599; x_wconf 73' lang='lat' dir='ltr'><strong>Scriptura</strong></span> <span class='ocrx_word' id='word_1_17' title='bbox 1247 523 1320 586; x_wconf 89' lang='lat' dir='ltr'><strong>locis</strong></span> 
     </span>
     <span class='ocr_line' id='line_1_3' title="bbox 107 597 1317 764; baseline 0.003 -23"><span class='ocrx_word' id='word_1_18' title='bbox 107 598 869 758; x_wconf 42' lang='grc' dir='ltr'><strong>Ἧὲξιὲξαθἵιέιξῼίιέιὲῐέἓθιέᾗξὲὲῗιὲῗὴᾜ</strong></span> <span class='ocrx_word' id='word_1_19' title='bbox 870 597 1305 755; x_wconf 50' lang='grc' dir='ltr'><strong>Θῖ,1ἓῗ1ῃ11ξ“ιῗῐι1ἰ1ιῦἕέεοξῗιέοοιῗέ</strong></span> <span class='ocrx_word' id='word_1_20' title='bbox 1308 733 1317 764; x_wconf 92' lang='lat'><strong>,</strong></span> 
     </span>
     <span class='ocr_line' id='line_1_4' title="bbox 112 758 1317 844; baseline 0.004 -24"><span class='ocrx_word' id='word_1_21' title='bbox 112 761 213 820; x_wconf 88' lang='lat' dir='ltr'><strong>Daniel</strong></span> <span class='ocrx_word' id='word_1_22' title='bbox 224 761 255 821; x_wconf 90' lang='lat' dir='ltr'><strong>ii.</strong></span> <span class='ocrx_word' id='word_1_23' title='bbox 270 763 320 836; x_wconf 80' lang='lat'><strong>36,</strong></span> <span class='ocrx_word' id='word_1_24' title='bbox 344 759 383 819; x_wconf 90' lang='lat' dir='ltr'><strong>de</strong></span> <span class='ocrx_word' id='word_1_25' title='bbox 406 779 438 818; x_wconf 91' lang='lat' dir='ltr'><strong>se</strong></span> <span class='ocrx_word' id='word_1_26' title='bbox 459 767 488 818; x_wconf 87' lang='lat' dir='ltr'><strong>at</strong></span> <span class='ocrx_word' id='word_1_27' title='bbox 502 759 604 836; x_wconf 88' lang='lat' dir='ltr'><strong>sooiis;</strong></span> <span class='ocrx_word' id='word_1_28' title='bbox 626 759 676 819; x_wconf 86' lang='lat' dir='ltr'><strong>Jo.</strong></span> <span class='ocrx_word' id='word_1_29' title='bbox 691 758 732 818; x_wconf 88' lang='lat' dir='ltr'><strong>iii.</strong></span> <span class='ocrx_word' id='word_1_30' title='bbox 749 761 795 835; x_wconf 84' lang='lat'><strong>11,</strong></span> <span class='ocrx_word' id='word_1_31' title='bbox 812 759 943 818; x_wconf 82' lang='lat' dir='ltr'><strong>Christus</strong></span> <span class='ocrx_word' id='word_1_32' title='bbox 963 759 1000 818; x_wconf 90' lang='lat' dir='ltr'><strong>de</strong></span> <span class='ocrx_word' id='word_1_33' title='bbox 1021 780 1061 835; x_wconf 88' lang='lat' dir='ltr'><strong>so,</strong></span> <span class='ocrx_word' id='word_1_34' title='bbox 1082 760 1217 823; x_wconf 85' lang='lat' dir='ltr'><strong>Johanne</strong></span> <span class='ocrx_word' id='word_1_35' title='bbox 1239 765 1317 844; x_wconf 85' lang='lat' dir='ltr'><strong>Bap-</strong></span> 
     </span>
     <span class='ocr_line' id='line_1_5' title="bbox 115 835 1315 918; baseline 0.007 -18"><span class='ocrx_word' id='word_1_36' title='bbox 115 843 185 916; x_wconf 82' lang='lat' dir='ltr'><strong>tista,</strong></span> <span class='ocrx_word' id='word_1_37' title='bbox 209 851 238 901; x_wconf 90' lang='lat' dir='ltr'><strong>et</strong></span> <span class='ocrx_word' id='word_1_38' title='bbox 259 839 440 918; x_wconf 84' lang='lat' dir='ltr'><strong>Discipulis;</strong></span> <span class='ocrx_word' id='word_1_39' title='bbox 470 840 552 898; x_wconf 83' lang='lat' dir='ltr'><strong>Cant.</strong></span> <span class='ocrx_word' id='word_1_40' title='bbox 578 839 597 899; x_wconf 92' lang='lat' dir='ltr'><strong>i.</strong></span> <span class='ocrx_word' id='word_1_41' title='bbox 612 842 641 898; x_wconf 82' lang='lat'><strong>4.</strong></span> <span class='ocrx_word' id='word_1_42' title='bbox 663 839 796 898; x_wconf 83' lang='lat' dir='ltr'><strong>Ecclesia</strong></span> <span class='ocrx_word' id='word_1_43' title='bbox 817 835 854 898; x_wconf 89' lang='lat' dir='ltr'><strong>de</strong></span> <span class='ocrx_word' id='word_1_44' title='bbox 877 859 908 898; x_wconf 90' lang='lat' dir='ltr'><strong>se</strong></span> <span class='ocrx_word' id='word_1_45' title='bbox 930 847 959 898; x_wconf 90' lang='lat' dir='ltr'><strong>et</strong></span> <span class='ocrx_word' id='word_1_46' title='bbox 980 839 1086 917; x_wconf 88' lang='lat' dir='ltr'><strong>puellis</strong></span> <span class='ocrx_word' id='word_1_47' title='bbox 1106 840 1146 901; x_wconf 81' lang='lat' dir='ltr'><strong>id</strong></span> <span class='ocrx_word' id='word_1_48' title='bbox 1171 843 1315 908; x_wconf 85' lang='lat' dir='ltr'><strong>fidelibus.</strong></span> 
     </span>
     <span class='ocr_line' id='line_1_6' title="bbox 116 918 1314 1005; baseline 0.006 -25"><span class='ocrx_word' id='word_1_49' title='bbox 116 919 221 1001; x_wconf 87' lang='lat' dir='ltr'><strong>Regum</strong></span> <span class='ocrx_word' id='word_1_50' title='bbox 236 919 418 980; x_wconf 88' lang='lat' dir='ltr'><strong>consuetudo</strong></span> <span class='ocrx_word' id='word_1_51' title='bbox 431 919 571 979; x_wconf 87' lang='lat' dir='ltr'><strong>hodierna</strong></span> <span class='ocrx_word' id='word_1_52' title='bbox 584 939 644 980; x_wconf 94' lang='lat' dir='ltr'><strong>non</strong></span> <span class='ocrx_word' id='word_1_53' title='bbox 656 918 744 978; x_wconf 76' lang='lat' dir='ltr'><strong>insert</strong></span> <span class='ocrx_word' id='word_1_54' title='bbox 756 919 844 978; x_wconf 89' lang='lat' dir='ltr'><strong>talem</strong></span> <span class='ocrx_word' id='word_1_55' title='bbox 857 919 946 979; x_wconf 76' lang='lat' dir='ltr'><strong>finisse</strong></span> <span class='ocrx_word' id='word_1_56' title='bbox 960 940 1068 978; x_wconf 90' lang='lat' dir='ltr'><strong>morem</strong></span> <span class='ocrx_word' id='word_1_57' title='bbox 1078 922 1155 1000; x_wconf 86' lang='lat' dir='ltr'><strong>apud</strong></span> <span class='ocrx_word' id='word_1_58' title='bbox 1165 923 1314 1005; x_wconf 78' lang='lat' dir='ltr'><strong>Hebraeos,</strong></span> 
     </span>
     <span class='ocr_line' id='line_1_7' title="bbox 117 999 1315 1080; baseline 0.007 -19"><span class='ocrx_word' id='word_1_59' title='bbox 117 1020 174 1061; x_wconf 76' lang='lat' dir='ltr'><strong>rum</strong></span> <span class='ocrx_word' id='word_1_60' title='bbox 188 1002 279 1080; x_wconf 85' lang='lat' dir='ltr'><strong>Regis</strong></span> <span class='ocrx_word' id='word_1_61' title='bbox 293 1001 382 1062; x_wconf 86' lang='lat' dir='ltr'><strong>etiam</strong></span> <span class='ocrx_word' id='word_1_62' title='bbox 397 999 624 1060; x_wconf 88' lang='lat' dir='ltr'><strong>ambitiosissimi</strong></span> <span class='ocrx_word' id='word_1_63' title='bbox 638 999 674 1060; x_wconf 86' lang='lat' dir='ltr'><strong>de</strong></span> <span class='ocrx_word' id='word_1_64' title='bbox 689 1019 719 1058; x_wconf 86' lang='lat' dir='ltr'><strong>se</strong></span> <span class='ocrx_word' id='word_1_65' title='bbox 732 1019 853 1058; x_wconf 88' lang='lat' dir='ltr'><strong>numero</strong></span> <span class='ocrx_word' id='word_1_66' title='bbox 867 999 1007 1078; x_wconf 68' lang='lat' dir='ltr'><strong>singulam</strong></span> <span class='ocrx_word' id='word_1_67' title='bbox 1020 1002 1172 1079; x_wconf 89' lang='lat' dir='ltr'><strong>loquentes</strong></span> <span class='ocrx_word' id='word_1_68' title='bbox 1185 1003 1315 1069; x_wconf 90' lang='lat' dir='ltr'><strong>introdu-</strong></span> 
     </span>
     <span class='ocr_line' id='line_1_8' title="bbox 118 1079 1314 1166; baseline 0.006 -26"><span class='ocrx_word' id='word_1_69' title='bbox 118 1091 216 1157; x_wconf 79' lang='lat' dir='ltr'><strong>cantur,</strong></span> <span class='ocrx_word' id='word_1_70' title='bbox 229 1082 353 1157; x_wconf 84' lang='lat' dir='ltr'><strong>Pharao,</strong></span> <span class='ocrx_word' id='word_1_71' title='bbox 367 1080 613 1156; x_wconf 81' lang='lat' dir='ltr'><strong>Nebucadnatrar,</strong></span> <span class='ocrx_word' id='word_1_72' title='bbox 627 1079 799 1154; x_wconf 86' lang='lat' dir='ltr'><strong>Belthazar;</strong></span> <span class='ocrx_word' id='word_1_73' title='bbox 814 1079 972 1159; x_wconf 86' lang='lat' dir='ltr'>quidquod</span> <span class='ocrx_word' id='word_1_74' title='bbox 986 1081 1084 1158; x_wconf 82' lang='lat' dir='ltr'>Reges</span> <span class='ocrx_word' id='word_1_75' title='bbox 1097 1081 1139 1141; x_wconf 83' lang='lat' dir='ltr'><strong>ita</strong></span> <span class='ocrx_word' id='word_1_76' title='bbox 1147 1082 1314 1166; x_wconf 89' lang='lat' dir='ltr'><strong>loquuntur,</strong></span> 
     </span>
     <span class='ocr_line' id='line_1_9' title="bbox 117 1159 1313 1246; baseline 0.004 -24"><span class='ocrx_word' id='word_1_77' title='bbox 117 1177 166 1222; x_wconf 75' lang='lat' dir='ltr'><strong>non</strong></span> <span class='ocrx_word' id='word_1_78' title='bbox 177 1171 237 1222; x_wconf 87' lang='lat' dir='ltr'><strong>tarn</strong></span> <span class='ocrx_word' id='word_1_79' title='bbox 251 1161 289 1220; x_wconf 89' lang='lat' dir='ltr'><strong>ad</strong></span> <span class='ocrx_word' id='word_1_80' title='bbox 304 1181 335 1222; x_wconf 87' lang='lat' dir='ltr'><strong>se</strong></span> <span class='ocrx_word' id='word_1_81' title='bbox 349 1160 524 1220; x_wconf 80' lang='lat' dir='ltr'><strong>attollendos</strong></span> <span class='ocrx_word' id='word_1_82' title='bbox 534 1179 621 1238; x_wconf 86' lang='lat' dir='ltr'><strong>quam</strong></span> <span class='ocrx_word' id='word_1_83' title='bbox 634 1159 844 1239; x_wconf 87' lang='lat' dir='ltr'><strong>deprimendos,</strong></span> <span class='ocrx_word' id='word_1_84' title='bbox 856 1179 893 1219; x_wconf 90' lang='lat' dir='ltr'><strong>ne</strong></span> <span class='ocrx_word' id='word_1_85' title='bbox 907 1160 1061 1220; x_wconf 88' lang='lat' dir='ltr'><strong>videantur</strong></span> <span class='ocrx_word' id='word_1_86' title='bbox 1073 1169 1186 1224; x_wconf 89' lang='lat' dir='ltr'><strong>tantum</strong></span> <span class='ocrx_word' id='word_1_87' title='bbox 1200 1185 1238 1224; x_wconf 87' lang='lat' dir='ltr'><strong>ex</strong></span> <span class='ocrx_word' id='word_1_88' title='bbox 1252 1186 1313 1246; x_wconf 90' lang='lat' dir='ltr'><strong>suo,</strong></span> 
     </span>
     <span class='ocr_line' id='line_1_10' title="bbox 119 1239 1315 1320; baseline 0.004 -17"><span class='ocrx_word' id='word_1_89' title='bbox 119 1243 161 1302; x_wconf 74' lang='lat' dir='ltr'><strong>tad</strong></span> <span class='ocrx_word' id='word_1_90' title='bbox 173 1243 258 1303; x_wconf 86' lang='lat' dir='ltr'><strong>etiam</strong></span> <span class='ocrx_word' id='word_1_91' title='bbox 273 1241 454 1320; x_wconf 74' lang='lat' dir='ltr'><strong>Optimahrm</strong></span> <span class='ocrx_word' id='word_1_92' title='bbox 468 1241 610 1300; x_wconf 87' lang='lat' dir='ltr'><strong>sententia</strong></span> <span class='ocrx_word' id='word_1_93' title='bbox 622 1239 713 1318; x_wconf 90' lang='lat' dir='ltr'><strong>loqui.</strong></span> <span class='ocrx_word' id='word_1_94' title='bbox 756 1239 868 1300; x_wconf 90' lang='lat' dir='ltr'><strong>Deinde</strong></span> <span class='ocrx_word' id='word_1_95' title='bbox 883 1241 908 1299; x_wconf 92' lang='lat' dir='ltr'><strong>si</strong></span> <span class='ocrx_word' id='word_1_96' title='bbox 921 1241 1039 1301; x_wconf 90' lang='lat' dir='ltr'><strong>honoris</strong></span> <span class='ocrx_word' id='word_1_97' title='bbox 1061 1261 1148 1302; x_wconf 88' lang='lat' dir='ltr'><strong>causa</strong></span> <span class='ocrx_word' id='word_1_98' title='bbox 1170 1244 1206 1305; x_wconf 89' lang='lat' dir='ltr'><strong>de</strong></span> <span class='ocrx_word' id='word_1_99' title='bbox 1228 1265 1258 1306; x_wconf 90' lang='lat' dir='ltr'><strong>se</strong></span> <span class='ocrx_word' id='word_1_100' title='bbox 1273 1249 1315 1308; x_wconf 89' lang='lat' dir='ltr'><strong>sie</strong></span> 
     </span>
     <span class='ocr_line' id='line_1_11' title="bbox 118 1311 1315 1402; baseline 0.005 -20"><span class='ocrx_word' id='word_1_101' title='bbox 118 1311 271 1402; x_wconf 75' lang='lat' dir='ltr'><strong>loquer-etun</strong></span> <span class='ocrx_word' id='word_1_102' title='bbox 285 1323 376 1397; x_wconf 88' lang='lat' dir='ltr'><strong>Deua,</strong></span> <span class='ocrx_word' id='word_1_103' title='bbox 392 1341 452 1380; x_wconf 92' lang='lat' dir='ltr'><strong>sem</strong></span> <span class='ocrx_word' id='word_1_104' title='bbox 490 1321 559 1380; x_wconf 85' lang='lat' dir='ltr'><strong>rita</strong></span> <span class='ocrx_word' id='word_1_105' title='bbox 571 1321 652 1399; x_wconf 92' lang='lat' dir='ltr'><strong>loqui</strong></span> <span class='ocrx_word' id='word_1_106' title='bbox 676 1320 802 1396; x_wconf 76' lang='lat' dir='ltr'><strong>deberet,</strong></span> <span class='ocrx_word' id='word_1_107' title='bbox 817 1320 896 1398; x_wconf 89' lang='lat' dir='ltr'><strong>quod</strong></span> <span class='ocrx_word' id='word_1_108' title='bbox 919 1330 1016 1380; x_wconf 87' lang='lat' dir='ltr'><strong>tamen</strong></span> <span class='ocrx_word' id='word_1_109' title='bbox 1037 1340 1096 1382; x_wconf 90' lang='lat' dir='ltr'><strong>nou</strong></span> <span class='ocrx_word' id='word_1_110' title='bbox 1117 1323 1180 1384; x_wconf 88' lang='lat' dir='ltr'><strong>fieri</strong></span> <span class='ocrx_word' id='word_1_111' title='bbox 1204 1335 1315 1388; x_wconf 87' lang='lat' dir='ltr'><strong>certum</strong></span> 
     </span>
     <span class='ocr_line' id='line_1_12' title="bbox 114 1341 1316 1485; baseline 0.004 -22"><span class='ocrx_word' id='word_1_112' title='bbox 114 1412 163 1463; x_wconf 81' lang='lat' dir='ltr'><strong>est</strong></span> <span class='ocrx_word' id='word_1_113' title='bbox 201 1403 308 1478; x_wconf 82' lang='lat' dir='ltr'><strong>Tertio,</strong></span> <span class='ocrx_word' id='word_1_114' title='bbox 324 1421 383 1461; x_wconf 91' lang='lat' dir='ltr'><strong>non</strong></span> <span class='ocrx_word' id='word_1_115' title='bbox 396 1341 489 1461; x_wconf 65' lang='lat' dir='ltr'><strong>morici</strong></span> <span class='ocrx_word' id='word_1_116' title='bbox 495 1400 606 1462; x_wconf 88' lang='lat' dir='ltr'><strong>inutilis</strong></span> <span class='ocrx_word' id='word_1_117' title='bbox 629 1399 681 1460; x_wconf 92' lang='lat' dir='ltr'><strong>sed</strong></span> <span class='ocrx_word' id='word_1_118' title='bbox 695 1409 724 1460; x_wconf 91' lang='lat' dir='ltr'><strong>et</strong></span> <span class='ocrx_word' id='word_1_119' title='bbox 736 1401 898 1480; x_wconf 86' lang='lat' dir='ltr'><strong>periculosa</strong></span> <span class='ocrx_word' id='word_1_120' title='bbox 911 1408 988 1461; x_wconf 88' lang='lat' dir='ltr'><strong>esset</strong></span> <span class='ocrx_word' id='word_1_121' title='bbox 1006 1401 1062 1461; x_wconf 92' lang='lat' dir='ltr'><strong>ista</strong></span> <span class='ocrx_word' id='word_1_122' title='bbox 1076 1403 1224 1484; x_wconf 80' lang='lat' dir='ltr'><strong>enallage3</strong></span> <span class='ocrx_word' id='word_1_123' title='bbox 1247 1409 1316 1485; x_wconf 87' lang='lat' dir='ltr'><strong>quie</strong></span> 
     </span>
     <span class='ocr_line' id='line_1_13' title="bbox 112 1479 1316 1566; baseline 0.007 -24"><span class='ocrx_word' id='word_1_124' title='bbox 112 1483 153 1542; x_wconf 86' lang='lat' dir='ltr'><strong>sic</strong></span> <span class='ocrx_word' id='word_1_125' title='bbox 164 1483 245 1545; x_wconf 79' lang='lat' dir='ltr'><strong>facile</strong></span> <span class='ocrx_word' id='word_1_126' title='bbox 258 1483 444 1542; x_wconf 83' lang='lat' dir='ltr'><strong>induceretur</strong></span> <span class='ocrx_word' id='word_1_127' title='bbox 456 1479 551 1541; x_wconf 87' lang='lat' dir='ltr'><strong>fidelis</strong></span> <span class='ocrx_word' id='word_1_128' title='bbox 564 1481 602 1540; x_wconf 89' lang='lat' dir='ltr'><strong>ad</strong></span> <span class='ocrx_word' id='word_1_129' title='bbox 615 1479 790 1541; x_wconf 90' lang='lat' dir='ltr'><strong>credendum</strong></span> <span class='ocrx_word' id='word_1_130' title='bbox 809 1481 1005 1559; x_wconf 71' lang='lat' dir='ltr'><strong>pluralitatem</strong></span> <span class='ocrx_word' id='word_1_131' title='bbox 1020 1482 1220 1566; x_wconf 73' lang='lat' dir='ltr'><strong>Personarum,</strong></span> <span class='ocrx_word' id='word_1_132' title='bbox 1236 1489 1316 1566; x_wconf 89' lang='lat' dir='ltr'><strong>quod</strong></span> 
     </span>
     <span class='ocr_line' id='line_1_14' title="bbox 113 1561 709 1640; baseline -0.005 -17"><span class='ocrx_word' id='word_1_133' title='bbox 113 1571 205 1623; x_wconf 69' lang='lat' dir='ltr'><strong>nmen</strong></span> <span class='ocrx_word' id='word_1_134' title='bbox 218 1563 323 1623; x_wconf 85' lang='lat' dir='ltr'><strong>falsum</strong></span> <span class='ocrx_word' id='word_1_135' title='bbox 337 1571 415 1622; x_wconf 87' lang='lat' dir='ltr'><strong>asset</strong></span> <span class='ocrx_word' id='word_1_136' title='bbox 429 1582 467 1621; x_wconf 89' lang='lat' dir='ltr'><strong>ex</strong></span> <span class='ocrx_word' id='word_1_137' title='bbox 480 1561 531 1620; x_wconf 93' lang='lat' dir='ltr'><strong>illa</strong></span> <span class='ocrx_word' id='word_1_138' title='bbox 544 1561 709 1640; x_wconf 80' lang='lat' dir='ltr'><strong>hypothesi.</strong></span> 
     </span>
    </p>

    <p class='ocr_par' dir='ltr' id='par_1_3' title="bbox 98 1639 1314 4765">
     <span class='ocr_line' id='line_1_15' title="bbox 151 1639 1313 1720; baseline 0.006 -18"><span class='ocrx_word' id='word_1_139' title='bbox 151 1643 187 1703; x_wconf 84' lang='lat' dir='ltr'><strong>V.</strong></span> <span class='ocrx_word' id='word_1_140' title='bbox 208 1644 329 1703; x_wconf 82' lang='lat' dir='ltr'><strong>Frustra</strong></span> <span class='ocrx_word' id='word_1_141' title='bbox 343 1643 431 1702; x_wconf 84' lang='lat' dir='ltr'><strong>etiam</strong></span> <span class='ocrx_word' id='word_1_142' title='bbox 446 1642 589 1720; x_wconf 77' lang='lat' dir='ltr'><strong>excipitur</strong></span> <span class='ocrx_word' id='word_1_143' title='bbox 602 1642 650 1700; x_wconf 90' lang='lat' dir='ltr'><strong>hic</strong></span> <span class='ocrx_word' id='word_1_144' title='bbox 665 1639 831 1719; x_wconf 85' lang='lat' dir='ltr'><strong>compellari</strong></span> <span class='ocrx_word' id='word_1_145' title='bbox 844 1641 995 1720; x_wconf 83' lang='lat' dir='ltr'><strong>Angelos:</strong></span> <span class='ocrx_word' id='word_1_146' title='bbox 1018 1643 1093 1719; x_wconf 87' lang='lat' dir='ltr'><strong>Quia</strong></span> <span class='ocrx_word' id='word_1_147' title='bbox 1114 1644 1145 1704; x_wconf 91' lang='lat' dir='ltr'><strong>in</strong></span> <span class='ocrx_word' id='word_1_148' title='bbox 1168 1647 1250 1707; x_wconf 92' lang='lat' dir='ltr'><strong>nullo</strong></span> <span class='ocrx_word' id='word_1_149' title='bbox 1275 1669 1313 1709; x_wconf 85' lang='lat' dir='ltr'><strong>ex</strong></span> 
     </span>
     <span class='ocr_line' id='line_1_16' title="bbox 112 1721 1314 1806; baseline 0.003 -25"><span class='ocrx_word' id='word_1_150' title='bbox 112 1722 202 1782; x_wconf 83' lang='lat' dir='ltr'><strong>tribus</strong></span> <span class='ocrx_word' id='word_1_151' title='bbox 214 1724 286 1784; x_wconf 86' lang='lat' dir='ltr'><strong>locis</strong></span> <span class='ocrx_word' id='word_1_152' title='bbox 299 1731 422 1801; x_wconf 84' lang='lat' dir='ltr'><strong>possunt</strong></span> <span class='ocrx_word' id='word_1_153' title='bbox 436 1722 578 1800; x_wconf 72' lang='lat' dir='ltr'><strong>intelligi,</strong></span> <span class='ocrx_word' id='word_1_154' title='bbox 601 1722 668 1781; x_wconf 88' lang='lat' dir='ltr'><strong>Nou</strong></span> <span class='ocrx_word' id='word_1_155' title='bbox 680 1722 712 1780; x_wconf 92' lang='lat' dir='ltr'><strong>in</strong></span> <span class='ocrx_word' id='word_1_156' title='bbox 732 1721 833 1800; x_wconf 88' lang='lat' dir='ltr'><strong>primo,</strong></span> <span class='ocrx_word' id='word_1_157' title='bbox 857 1721 928 1799; x_wconf 85' lang='lat' dir='ltr'><strong>quia</strong></span> <span class='ocrx_word' id='word_1_158' title='bbox 947 1743 1001 1782; x_wconf 89' lang='lat' dir='ltr'><strong>nec</strong></span> <span class='ocrx_word' id='word_1_159' title='bbox 1022 1722 1132 1802; x_wconf 89' lang='lat' dir='ltr'><strong>Angeli</strong></span> <span class='ocrx_word' id='word_1_160' title='bbox 1158 1727 1314 1806; x_wconf 85' lang='lat' dir='ltr'><strong>quicquam</strong></span> 
     </span>
     <span class='ocr_line' id='line_1_17' title="bbox 112 1802 1312 1883; baseline 0.007 -22"><span class='ocrx_word' id='word_1_161' title='bbox 112 1804 290 1864; x_wconf 83' lang='lat' dir='ltr'><strong>contulerunt</strong></span> <span class='ocrx_word' id='word_1_162' title='bbox 304 1803 343 1863; x_wconf 89' lang='lat' dir='ltr'><strong>ad</strong></span> <span class='ocrx_word' id='word_1_163' title='bbox 363 1802 488 1862; x_wconf 90' lang='lat' dir='ltr'><strong>hominis</strong></span> <span class='ocrx_word' id='word_1_164' title='bbox 503 1802 692 1876; x_wconf 73' lang='lat' dir='ltr'><strong>Crastinum,</strong></span> <span class='ocrx_word' id='word_1_165' title='bbox 706 1821 761 1860; x_wconf 93' lang='lat' dir='ltr'><strong>nec</strong></span> <span class='ocrx_word' id='word_1_166' title='bbox 776 1802 815 1861; x_wconf 91' lang='lat' dir='ltr'><strong>sd</strong></span> <span class='ocrx_word' id='word_1_167' title='bbox 828 1821 929 1861; x_wconf 88' lang='lat' dir='ltr'><strong>eorum</strong></span> <span class='ocrx_word' id='word_1_168' title='bbox 948 1802 1104 1881; x_wconf 78' lang='lat' dir='ltr'><strong>imaginem</strong></span> <span class='ocrx_word' id='word_1_169' title='bbox 1117 1806 1230 1883; x_wconf 87' lang='lat' dir='ltr'><strong>uspiam</strong></span> <span class='ocrx_word' id='word_1_170' title='bbox 1244 1829 1312 1870; x_wconf 91' lang='lat' dir='ltr'><strong>con·</strong></span> 
     </span>
     <span class='ocr_line' id='line_1_18' title="bbox 110 1881 1313 1965; baseline 0.002 -25"><span class='ocrx_word' id='word_1_171' title='bbox 110 1882 186 1943; x_wconf 87' lang='lat' dir='ltr'><strong>ditus</strong></span> <span class='ocrx_word' id='word_1_172' title='bbox 199 1883 319 1960; x_wconf 87' lang='lat' dir='ltr'><strong>dicitur;</strong></span> <span class='ocrx_word' id='word_1_173' title='bbox 343 1883 387 1942; x_wconf 85' lang='lat' dir='ltr'><strong>Et</strong></span> <span class='ocrx_word' id='word_1_174' title='bbox 397 1882 467 1942; x_wconf 86' lang='lat' dir='ltr'><strong>licet</strong></span> <span class='ocrx_word' id='word_1_175' title='bbox 479 1882 611 1942; x_wconf 92' lang='lat' dir='ltr'><strong>homines</strong></span> <span class='ocrx_word' id='word_1_176' title='bbox 625 1882 656 1941; x_wconf 91' lang='lat' dir='ltr'><strong>in</strong></span> <span class='ocrx_word' id='word_1_177' title='bbox 669 1881 759 1941; x_wconf 83' lang='lat' dir='ltr'><strong>variis</strong></span> <span class='ocrx_word' id='word_1_178' title='bbox 774 1881 832 1940; x_wconf 91' lang='lat' dir='ltr'><strong>siut</strong></span> <span class='ocrx_word' id='word_1_179' title='bbox 846 1881 955 1941; x_wconf 87' lang='lat' dir='ltr'><strong>similes</strong></span> <span class='ocrx_word' id='word_1_180' title='bbox 969 1883 1102 1960; x_wconf 83' lang='lat' dir='ltr'><strong>Angelis,</strong></span> <span class='ocrx_word' id='word_1_181' title='bbox 1118 1903 1177 1943; x_wconf 91' lang='lat' dir='ltr'><strong>uon</strong></span> <span class='ocrx_word' id='word_1_182' title='bbox 1190 1899 1313 1965; x_wconf 81' lang='lat' dir='ltr'><strong>possunt</strong></span> 
     </span>
     <span class='ocr_line' id='line_1_19' title="bbox 110 1961 1311 2044; baseline -0.005 -22"><span class='ocrx_word' id='word_1_183' title='bbox 110 1971 203 2022; x_wconf 79' lang='lat' dir='ltr'><strong>tamen</strong></span> <span class='ocrx_word' id='word_1_184' title='bbox 217 1965 273 2024; x_wconf 88' lang='lat' dir='ltr'><strong>diei</strong></span> <span class='ocrx_word' id='word_1_185' title='bbox 287 1963 326 2023; x_wconf 87' lang='lat' dir='ltr'><strong>ad</strong></span> <span class='ocrx_word' id='word_1_186' title='bbox 340 1983 440 2022; x_wconf 87' lang='lat' dir='ltr'><strong>eorum</strong></span> <span class='ocrx_word' id='word_1_187' title='bbox 454 1962 609 2041; x_wconf 86' lang='lat' dir='ltr'><strong>imaginem</strong></span> <span class='ocrx_word' id='word_1_188' title='bbox 624 1961 701 2039; x_wconf 86' lang='lat' dir='ltr'><strong>lacti,</strong></span> <span class='ocrx_word' id='word_1_189' title='bbox 717 1962 785 2040; x_wconf 89' lang='lat' dir='ltr'><strong>quia</strong></span> <span class='ocrx_word' id='word_1_190' title='bbox 803 1961 842 2020; x_wconf 91' lang='lat' dir='ltr'><strong>ad</strong></span> <span class='ocrx_word' id='word_1_191' title='bbox 864 1962 921 2021; x_wconf 92' lang='lat' dir='ltr'><strong>hoc</strong></span> <span class='ocrx_word' id='word_1_192' title='bbox 943 1981 1003 2020; x_wconf 92' lang='lat' dir='ltr'><strong>non</strong></span> <span class='ocrx_word' id='word_1_193' title='bbox 1025 1964 1181 2040; x_wconf 90' lang='lat' dir='ltr'><strong>requiritur</strong></span> <span class='ocrx_word' id='word_1_194' title='bbox 1204 1969 1311 2044; x_wconf 73' lang='lat' dir='ltr'><strong>qualis.</strong></span> 
     </span>
     <span class='ocr_line' id='line_1_20' title="bbox 109 2041 1312 2127; baseline 0.002 -25"><span class='ocrx_word' id='word_1_195' title='bbox 109 2062 219 2122; x_wconf 85' lang='lat' dir='ltr'><strong>cunque</strong></span> <span class='ocrx_word' id='word_1_196' title='bbox 233 2043 401 2118; x_wconf 86' lang='lat' dir='ltr'><strong>similitudo,</strong></span> <span class='ocrx_word' id='word_1_197' title='bbox 418 2043 470 2102; x_wconf 89' lang='lat' dir='ltr'><strong>sed</strong></span> <span class='ocrx_word' id='word_1_198' title='bbox 483 2044 571 2103; x_wconf 88' lang='lat' dir='ltr'><strong>etism</strong></span> <span class='ocrx_word' id='word_1_199' title='bbox 584 2042 778 2122; x_wconf 88' lang='lat' dir='ltr'><strong>dependentia</strong></span> <span class='ocrx_word' id='word_1_200' title='bbox 795 2041 859 2120; x_wconf 86' lang='lat' dir='ltr'><strong>typi</strong></span> <span class='ocrx_word' id='word_1_201' title='bbox 879 2061 897 2100; x_wconf 90' lang='lat' dir='ltr'><strong>a</strong></span> <span class='ocrx_word' id='word_1_202' title='bbox 916 2049 1071 2120; x_wconf 84' lang='lat' dir='ltr'><strong>prototypo</strong></span> <span class='ocrx_word' id='word_1_203' title='bbox 1092 2051 1122 2104; x_wconf 92' lang='lat' dir='ltr'><strong>et</strong></span> <span class='ocrx_word' id='word_1_204' title='bbox 1143 2047 1312 2127; x_wconf 80' lang='lat' dir='ltr'><strong>exemplari,</strong></span> 
     </span>
     <span class='ocr_line' id='line_1_21' title="bbox 109 2121 1313 2204; baseline 0.003 -20"><span class='ocrx_word' id='word_1_205' title='bbox 109 2141 174 2200; x_wconf 75' lang='lat' dir='ltr'><strong>qna</strong></span> <span class='ocrx_word' id='word_1_206' title='bbox 186 2123 232 2184; x_wconf 91' lang='lat' dir='ltr'><strong>hic</strong></span> <span class='ocrx_word' id='word_1_207' title='bbox 251 2144 311 2185; x_wconf 88' lang='lat' dir='ltr'><strong>nou</strong></span> <span class='ocrx_word' id='word_1_208' title='bbox 332 2123 465 2184; x_wconf 85' lang='lat' dir='ltr'><strong>occurrit.</strong></span> <span class='ocrx_word' id='word_1_209' title='bbox 508 2123 574 2182; x_wconf 90' lang='lat' dir='ltr'><strong>Non</strong></span> <span class='ocrx_word' id='word_1_210' title='bbox 595 2123 626 2182; x_wconf 92' lang='lat' dir='ltr'><strong>iu</strong></span> <span class='ocrx_word' id='word_1_211' title='bbox 646 2121 783 2197; x_wconf 88' lang='lat' dir='ltr'><strong>secundo,</strong></span> <span class='ocrx_word' id='word_1_212' title='bbox 806 2121 881 2181; x_wconf 88' lang='lat' dir='ltr'><strong>Gen.</strong></span> <span class='ocrx_word' id='word_1_213' title='bbox 902 2121 952 2198; x_wconf 75' lang='lat' dir='ltr'><strong>iii,</strong></span> <span class='ocrx_word' id='word_1_214' title='bbox 975 2122 1043 2199; x_wconf 88' lang='lat' dir='ltr'><strong>quia</strong></span> <span class='ocrx_word' id='word_1_215' title='bbox 1063 2142 1136 2200; x_wconf 88' lang='lat' dir='ltr'><strong>quos</strong></span> <span class='ocrx_word' id='word_1_216' title='bbox 1156 2126 1313 2204; x_wconf 89' lang='lat' dir='ltr'><strong>alloquitur</strong></span> 
     </span>
     <span class='ocr_line' id='line_1_22' title="bbox 113 2201 1312 2285; baseline 0.004 -23"><span class='ocrx_word' id='word_1_217' title='bbox 113 2201 197 2278; x_wconf 87' lang='lat' dir='ltr'><strong>Dens,</strong></span> <span class='ocrx_word' id='word_1_218' title='bbox 212 2213 278 2264; x_wconf 87' lang='lat' dir='ltr'><strong>sunt</strong></span> <span class='ocrx_word' id='word_1_219' title='bbox 292 2205 320 2264; x_wconf 91' lang='lat' dir='ltr'><strong>ei</strong></span> <span class='ocrx_word' id='word_1_220' title='bbox 333 2223 430 2282; x_wconf 90' lang='lat' dir='ltr'><strong>pares,</strong></span> <span class='ocrx_word' id='word_1_221' title='bbox 444 2211 473 2262; x_wconf 88' lang='lat' dir='ltr'><strong>et</strong></span> <span class='ocrx_word' id='word_1_222' title='bbox 487 2223 586 2262; x_wconf 88' lang='lat' dir='ltr'><strong>eorum</strong></span> <span class='ocrx_word' id='word_1_223' title='bbox 600 2203 819 2262; x_wconf 90' lang='lat' dir='ltr'><strong>similitudinem</strong></span> <span class='ocrx_word' id='word_1_224' title='bbox 832 2203 918 2261; x_wconf 91' lang='lat' dir='ltr'><strong>homo</strong></span> <span class='ocrx_word' id='word_1_225' title='bbox 933 2221 970 2260; x_wconf 86' lang='lat' dir='ltr'><strong>cx</strong></span> <span class='ocrx_word' id='word_1_226' title='bbox 983 2203 1173 2280; x_wconf 88' lang='lat' dir='ltr'><strong>promissione</strong></span> <span class='ocrx_word' id='word_1_227' title='bbox 1196 2226 1312 2285; x_wconf 89' lang='lat' dir='ltr'><strong>serpen-</strong></span> 
     </span>
     <span class='ocr_line' id='line_1_23' title="bbox 117 2281 1313 2366; baseline 0.005 -25"><span class='ocrx_word' id='word_1_228' title='bbox 117 2281 153 2341; x_wconf 86' lang='lat' dir='ltr'><strong>tis</strong></span> <span class='ocrx_word' id='word_1_229' title='bbox 165 2284 327 2361; x_wconf 78' lang='lat' dir='ltr'><strong>affectavit3</strong></span> <span class='ocrx_word' id='word_1_230' title='bbox 350 2285 429 2362; x_wconf 92' lang='lat' dir='ltr'><strong>quod</strong></span> <span class='ocrx_word' id='word_1_231' title='bbox 443 2283 479 2343; x_wconf 88' lang='lat' dir='ltr'><strong>de</strong></span> <span class='ocrx_word' id='word_1_232' title='bbox 494 2283 618 2362; x_wconf 88' lang='lat' dir='ltr'><strong>Angelis</strong></span> <span class='ocrx_word' id='word_1_233' title='bbox 632 2283 691 2342; x_wconf 88' lang='lat' dir='ltr'><strong>dici</strong></span> <span class='ocrx_word' id='word_1_234' title='bbox 703 2282 813 2360; x_wconf 90' lang='lat' dir='ltr'><strong>nequit.</strong></span> <span class='ocrx_word' id='word_1_235' title='bbox 856 2282 922 2341; x_wconf 90' lang='lat' dir='ltr'><strong>Non</strong></span> <span class='ocrx_word' id='word_1_236' title='bbox 936 2281 1074 2358; x_wconf 85' lang='lat' dir='ltr'><strong>intortio,</strong></span> <span class='ocrx_word' id='word_1_237' title='bbox 1092 2284 1165 2344; x_wconf 87' lang='lat' dir='ltr'><strong>Gen.</strong></span> <span class='ocrx_word' id='word_1_238' title='bbox 1181 2286 1231 2364; x_wconf 77' lang='lat' dir='ltr'><strong>xi,</strong></span> <span class='ocrx_word' id='word_1_239' title='bbox 1244 2289 1313 2366; x_wconf 92' lang='lat' dir='ltr'><strong>quia</strong></span> 
     </span>
     <span class='ocr_line' id='line_1_24' title="bbox 113 2361 1312 2445; baseline 0.008 -25"><span class='ocrx_word' id='word_1_240' title='bbox 113 2361 154 2420; x_wconf 91' lang='lat' dir='ltr'><strong>illi</strong></span> <span class='ocrx_word' id='word_1_241' title='bbox 166 2365 374 2444; x_wconf 86' lang='lat' dir='ltr'><strong>compellantur</strong></span> <span class='ocrx_word' id='word_1_242' title='bbox 383 2383 505 2442; x_wconf 87' lang='lat' dir='ltr'><strong>quorum</strong></span> <span class='ocrx_word' id='word_1_243' title='bbox 519 2383 592 2441; x_wconf 90' lang='lat' dir='ltr'><strong>opus</strong></span> <span class='ocrx_word' id='word_1_244' title='bbox 611 2370 655 2422; x_wconf 87' lang='lat' dir='ltr'><strong>est</strong></span> <span class='ocrx_word' id='word_1_245' title='bbox 675 2362 806 2422; x_wconf 82' lang='lat' dir='ltr'><strong>conlusio</strong></span> <span class='ocrx_word' id='word_1_246' title='bbox 826 2362 999 2440; x_wconf 86' lang='lat' dir='ltr'><strong>linguarum,</strong></span> <span class='ocrx_word' id='word_1_247' title='bbox 1022 2363 1100 2440; x_wconf 90' lang='lat' dir='ltr'><strong>qnod</strong></span> <span class='ocrx_word' id='word_1_248' title='bbox 1121 2365 1159 2424; x_wconf 83' lang='lat' dir='ltr'><strong>ad</strong></span> <span class='ocrx_word' id='word_1_249' title='bbox 1179 2365 1312 2445; x_wconf 89' lang='lat' dir='ltr'><strong>Angelos</strong></span> 
     </span>
     <span class='ocr_line' id='line_1_25' title="bbox 111 2441 1312 2605; baseline 0.007 -25"><span class='ocrx_word' id='word_1_250' title='bbox 111 2441 1312 2605; x_wconf 51' lang='lat' dir='ltr'><strong>titt-:ttbt³Jt0ttut..h”tt.ttttuj¹tttt?ltutatust⁸itt</strong></span> 
     </span>
     <span class='ocr_line' id='line_1_26' title="bbox 111 2601 1103 2682; baseline 0.005 -23"><span class='ocrx_word' id='word_1_251' title='bbox 111 2620 166 2660; x_wconf 85' lang='lat' dir='ltr'><strong>non</strong></span> <span class='ocrx_word' id='word_1_252' title='bbox 178 2605 334 2681; x_wconf 87' lang='lat' dir='ltr'><strong>debuisset,</strong></span> <span class='ocrx_word' id='word_1_253' title='bbox 352 2604 376 2663; x_wconf 94' lang='lat' dir='ltr'><strong>si</strong></span> <span class='ocrx_word' id='word_1_254' title='bbox 391 2604 516 2682; x_wconf 87' lang='lat' dir='ltr'><strong>Angelis</strong></span> <span class='ocrx_word' id='word_1_255' title='bbox 530 2623 600 2664; x_wconf 88' lang='lat' dir='ltr'><strong>usus</strong></span> <span class='ocrx_word' id='word_1_256' title='bbox 614 2611 691 2662; x_wconf 91' lang='lat' dir='ltr'><strong>esset</strong></span> <span class='ocrx_word' id='word_1_257' title='bbox 704 2602 881 2663; x_wconf 88' lang='lat' dir='ltr'><strong>administris</strong></span> <span class='ocrx_word' id='word_1_258' title='bbox 895 2604 926 2660; x_wconf 92' lang='lat' dir='ltr'><strong>in</strong></span> <span class='ocrx_word' id='word_1_259' title='bbox 938 2601 995 2662; x_wconf 89' lang='lat' dir='ltr'><strong>hoc</strong></span> <span class='ocrx_word' id='word_1_260' title='bbox 1009 2623 1103 2682; x_wconf 86' lang='lat' dir='ltr'><strong>opere.</strong></span> 
     </span>
     <span class='ocr_line' id='line_1_27' title="bbox 122 2682 1313 2844; baseline 0.006 -21"><span class='ocrx_word' id='word_1_261' title='bbox 122 2733 332 2785; x_wconf 81' lang='grc' dir='ltr'><strong>ιικιαιι·</strong></span> <span class='ocrx_word' id='word_1_262' title='bbox 372 2682 1313 2844; x_wconf 56' lang='lat' dir='ltr'><strong>...tirestaurarentur}satsat</strong></span> 
     </span>
     <span class='ocr_line' id='line_1_28' title="bbox 110 2811 1310 2923; baseline 0.008 -25"><span class='ocrx_word' id='word_1_263' title='bbox 110 2839 211 2901; x_wconf 82' lang='lat' dir='ltr'><strong>dicitur</strong></span> <span class='ocrx_word' id='word_1_264' title='bbox 224 2844 363 2904; x_wconf 86' lang='lat' dir='ltr'><strong>incubare</strong></span> <span class='ocrx_word' id='word_1_265' title='bbox 378 2845 478 2922; x_wconf 77' lang='lat' dir='ltr'><strong>squis3</strong></span> <span class='ocrx_word' id='word_1_266' title='bbox 500 2844 551 2904; x_wconf 92' lang='lat' dir='ltr'><strong>ubi</strong></span> <span class='ocrx_word' id='word_1_267' title='bbox 564 2863 616 2921; x_wconf 88' lang='lat' dir='ltr'><strong>per</strong></span> <span class='ocrx_word' id='word_1_268' title='bbox 629 2844 774 2921; x_wconf 61' lang='grc' dir='ltr'><strong>Ερὲνίιιιπι,</strong></span> <span class='ocrx_word' id='word_1_269' title='bbox 789 2862 843 2902; x_wconf 87' lang='lat' dir='ltr'><strong>nec</strong></span> <span class='ocrx_word' id='word_1_270' title='bbox 857 2849 909 2902; x_wconf 76' lang='grc' dir='ltr'><strong>αὲν</strong></span> <span class='ocrx_word' id='word_1_271' title='bbox 922 2852 973 2902; x_wconf 86' lang='lat' dir='ltr'><strong>aut</strong></span> <span class='ocrx_word' id='word_1_272' title='bbox 985 2853 1081 2902; x_wconf 77' lang='lat' dir='ltr'><strong>venua</strong></span> <span class='ocrx_word' id='word_1_273' title='bbox 1094 2811 1190 2923; x_wconf 74' lang='lat' dir='ltr'><strong>potest</strong></span> <span class='ocrx_word' id='word_1_274' title='bbox 1204 2848 1310 2908; x_wconf 90' lang='lat' dir='ltr'><strong>intelli·</strong></span> 
     </span>
     <span class='ocr_line' id='line_1_29' title="bbox 110 2920 1310 3005; baseline 0.005 -23"><span class='ocrx_word' id='word_1_275' title='bbox 110 2920 145 2996; x_wconf 76' lang='lat' dir='ltr'><strong>gi,</strong></span> <span class='ocrx_word' id='word_1_276' title='bbox 159 2925 343 3000; x_wconf 89' lang='lat' dir='ltr'><strong>quianullus</strong></span> <span class='ocrx_word' id='word_1_277' title='bbox 356 2924 427 2984; x_wconf 84' lang='lat' dir='ltr'><strong>duur</strong></span> <span class='ocrx_word' id='word_1_278' title='bbox 441 2933 557 2984; x_wconf 89' lang='lat' dir='ltr'><strong>oreatus</strong></span> <span class='ocrx_word' id='word_1_279' title='bbox 571 2931 649 2999; x_wconf 80' lang='lat' dir='ltr'><strong>erat3</strong></span> <span class='ocrx_word' id='word_1_280' title='bbox 665 2930 694 2983; x_wconf 90' lang='lat' dir='ltr'><strong>et</strong></span> <span class='ocrx_word' id='word_1_281' title='bbox 707 2923 788 2982; x_wconf 87' lang='lat' dir='ltr'><strong>nulls</strong></span> <span class='ocrx_word' id='word_1_282' title='bbox 801 2943 896 2982; x_wconf 89' lang='lat' dir='ltr'><strong>rernm</strong></span> <span class='ocrx_word' id='word_1_283' title='bbox 911 2923 987 2982; x_wconf 83' lang='lat' dir='ltr'><strong>iacta</strong></span> <span class='ocrx_word' id='word_1_284' title='bbox 1000 2932 1062 2983; x_wconf 85' lang='lat' dir='ltr'><strong>erat</strong></span> <span class='ocrx_word' id='word_1_285' title='bbox 1075 2925 1222 2986; x_wconf 87' lang='lat' dir='ltr'><strong>distinctio</strong></span> <span class='ocrx_word' id='word_1_286' title='bbox 1233 2951 1241 3005; x_wconf 64' lang='grc' dir='ltr'><strong>ς</strong></span> <span class='ocrx_word' id='word_1_287' title='bbox 1256 2949 1310 2988; x_wconf 89' lang='lat' dir='ltr'><strong>nec</strong></span> 
     </span>
     <span class='ocr_line' id='line_1_30' title="bbox 108 2999 1310 3082; baseline 0.007 -24"><span class='ocrx_word' id='word_1_288' title='bbox 108 2999 238 3081; x_wconf 86' lang='lat' dir='ltr'><strong>Angelus</strong></span> <span class='ocrx_word' id='word_1_289' title='bbox 251 3004 367 3082; x_wconf 84' lang='lat' dir='ltr'><strong>aliquis,</strong></span> <span class='ocrx_word' id='word_1_290' title='bbox 383 3005 522 3082; x_wconf 88' lang='lat' dir='ltr'><strong>quianon</strong></span> <span class='ocrx_word' id='word_1_291' title='bbox 536 3012 658 3079; x_wconf 81' lang='lat' dir='ltr'><strong>constat,</strong></span> <span class='ocrx_word' id='word_1_292' title='bbox 671 3023 708 3062; x_wconf 84' lang='lat' dir='ltr'><strong>an</strong></span> <span class='ocrx_word' id='word_1_293' title='bbox 722 3011 784 3062; x_wconf 87' lang='lat' dir='ltr'><strong>tum</strong></span> <span class='ocrx_word' id='word_1_294' title='bbox 793 3002 1000 3080; x_wconf 85' lang='lat' dir='ltr'><strong>Angelicreati</strong></span> <span class='ocrx_word' id='word_1_295' title='bbox 1014 3001 1128 3079; x_wconf 83' lang='lat' dir='ltr'><strong>fuerint,</strong></span> <span class='ocrx_word' id='word_1_296' title='bbox 1143 3025 1197 3064; x_wconf 89' lang='lat' dir='ltr'><strong>nec</strong></span> <span class='ocrx_word' id='word_1_297' title='bbox 1211 3027 1310 3066; x_wconf 90' lang='lat' dir='ltr'><strong>eorum</strong></span> 
     </span>
     <span class='ocr_line' id='line_1_31' title="bbox 107 3081 1311 3162; baseline 0.005 -22"><span class='ocrx_word' id='word_1_298' title='bbox 107 3083 266 3143; x_wconf 83' lang='lat' dir='ltr'><strong>ministerio</strong></span> <span class='ocrx_word' id='word_1_299' title='bbox 279 3103 351 3144; x_wconf 84' lang='lat' dir='ltr'><strong>usus</strong></span> <span class='ocrx_word' id='word_1_300' title='bbox 364 3084 472 3162; x_wconf 88' lang='lat' dir='ltr'><strong>legitur</strong></span> <span class='ocrx_word' id='word_1_301' title='bbox 496 3085 577 3144; x_wconf 89' lang='lat' dir='ltr'><strong>Deus</strong></span> <span class='ocrx_word' id='word_1_302' title='bbox 598 3083 628 3142; x_wconf 96' lang='lat' dir='ltr'><strong>in</strong></span> <span class='ocrx_word' id='word_1_303' title='bbox 653 3083 816 3158; x_wconf 88' lang='lat' dir='ltr'><strong>creatione;</strong></span> <span class='ocrx_word' id='word_1_304' title='bbox 838 3102 892 3140; x_wconf 87' lang='lat' dir='ltr'><strong>uec</strong></span> <span class='ocrx_word' id='word_1_305' title='bbox 905 3081 952 3139; x_wconf 86' lang='lat' dir='ltr'><strong>vis</strong></span> <span class='ocrx_word' id='word_1_306' title='bbox 974 3081 1106 3158; x_wconf 81' lang='lat' dir='ltr'><strong>quaedam</strong></span> <span class='ocrx_word' id='word_1_307' title='bbox 1131 3092 1162 3144; x_wconf 88' lang='lat' dir='ltr'><strong>ot</strong></span> <span class='ocrx_word' id='word_1_308' title='bbox 1185 3085 1311 3146; x_wconf 88' lang='lat' dir='ltr'><strong>efficacia</strong></span> 
     </span>
     <span class='ocr_line' id='line_1_32' title="bbox 101 3160 1308 3243; baseline 0.002 -21"><span class='ocrx_word' id='word_1_309' title='bbox 101 3161 165 3238; x_wconf 87' lang='lat' dir='ltr'><strong>Dei,</strong></span> <span class='ocrx_word' id='word_1_310' title='bbox 183 3183 251 3241; x_wconf 80' lang='lat' dir='ltr'><strong>qnae</strong></span> <span class='ocrx_word' id='word_1_311' title='bbox 264 3164 462 3225; x_wconf 71' lang='lat' dir='ltr'><strong>foecunditatis</strong></span> <span class='ocrx_word' id='word_1_312' title='bbox 474 3183 569 3224; x_wconf 88' lang='lat' dir='ltr'><strong>rerum</strong></span> <span class='ocrx_word' id='word_1_313' title='bbox 584 3183 672 3224; x_wconf 92' lang='lat' dir='ltr'><strong>causa</strong></span> <span class='ocrx_word' id='word_1_314' title='bbox 685 3163 780 3236; x_wconf 86' lang='lat' dir='ltr'><strong>fuerit,</strong></span> <span class='ocrx_word' id='word_1_315' title='bbox 792 3161 860 3240; x_wconf 91' lang='lat' dir='ltr'><strong>quia</strong></span> <span class='ocrx_word' id='word_1_316' title='bbox 873 3161 924 3219; x_wconf 87' lang='lat' dir='ltr'><strong>illa</strong></span> <span class='ocrx_word' id='word_1_317' title='bbox 934 3160 1117 3222; x_wconf 82' lang='lat' dir='ltr'><strong>incubatione</strong></span> <span class='ocrx_word' id='word_1_318' title='bbox 1128 3163 1308 3243; x_wconf 87' lang='lat' dir='ltr'><strong>describitur,</strong></span> 
     </span>
     <span class='ocr_line' id='line_1_33' title="bbox 98 3241 1308 3324; baseline 0.002 -21"><span class='ocrx_word' id='word_1_319' title='bbox 98 3252 129 3303; x_wconf 83' lang='lat' dir='ltr'><strong>et</strong></span> <span class='ocrx_word' id='word_1_320' title='bbox 141 3243 368 3322; x_wconf 85' lang='lat' dir='ltr'><strong>distinguitura</strong></span> <span class='ocrx_word' id='word_1_321' title='bbox 384 3244 501 3322; x_wconf 88' lang='lat' dir='ltr'><strong>Spiritu,</strong></span> <span class='ocrx_word' id='word_1_322' title='bbox 516 3254 549 3305; x_wconf 87' lang='lat' dir='ltr'><strong>ut</strong></span> <span class='ocrx_word' id='word_1_323' title='bbox 562 3243 697 3304; x_wconf 87' lang='lat' dir='ltr'><strong>effectum</strong></span> <span class='ocrx_word' id='word_1_324' title='bbox 710 3262 729 3301; x_wconf 92' lang='lat' dir='ltr'><strong>a</strong></span> <span class='ocrx_word' id='word_1_325' title='bbox 742 3261 837 3316; x_wconf 82' lang='lat' dir='ltr'><strong>causa,</strong></span> <span class='ocrx_word' id='word_1_326' title='bbox 857 3249 887 3300; x_wconf 88' lang='lat' dir='ltr'><strong>et</strong></span> <span class='ocrx_word' id='word_1_327' title='bbox 907 3241 1035 3300; x_wconf 85' lang='lat' dir='ltr'><strong>actiones</strong></span> <span class='ocrx_word' id='word_1_328' title='bbox 1056 3251 1123 3302; x_wconf 90' lang='lat' dir='ltr'><strong>sunt</strong></span> <span class='ocrx_word' id='word_1_329' title='bbox 1148 3246 1308 3324; x_wconf 88' lang='lat' dir='ltr'><strong>supposito·</strong></span> 
     </span>
     <span class='ocr_line' id='line_1_34' title="bbox 99 3321 1308 3403; baseline 0.002 -20"><span class='ocrx_word' id='word_1_330' title='bbox 99 3343 175 3383; x_wconf 89' lang='lat' dir='ltr'><strong>rum.</strong></span> <span class='ocrx_word' id='word_1_331' title='bbox 219 3324 303 3403; x_wconf 79' lang='lat' dir='ltr'><strong>Ergo</strong></span> <span class='ocrx_word' id='word_1_332' title='bbox 315 3343 367 3403; x_wconf 90' lang='lat' dir='ltr'><strong>per</strong></span> <span class='ocrx_word' id='word_1_333' title='bbox 383 3325 521 3402; x_wconf 84' lang='lat' dir='ltr'><strong>Spiritum</strong></span> <span class='ocrx_word' id='word_1_334' title='bbox 534 3324 696 3384; x_wconf 86' lang='lat' dir='ltr'><strong>necessario</strong></span> <span class='ocrx_word' id='word_1_335' title='bbox 711 3321 891 3400; x_wconf 87' lang='lat' dir='ltr'><strong>suppositum</strong></span> <span class='ocrx_word' id='word_1_336' title='bbox 905 3321 1023 3398; x_wconf 85' lang='lat' dir='ltr'><strong>aliquod</strong></span> <span class='ocrx_word' id='word_1_337' title='bbox 1044 3341 1096 3382; x_wconf 89' lang='lat' dir='ltr'><strong>seu</strong></span> <span class='ocrx_word' id='word_1_338' title='bbox 1118 3343 1243 3402; x_wconf 86' lang='lat' dir='ltr'><strong>persona</strong></span> <span class='ocrx_word' id='word_1_339' title='bbox 1266 3327 1308 3386; x_wconf 91' lang='lat' dir='ltr'><strong>in·</strong></span> 
     </span>
     <span class='ocr_line' id='line_1_35' title="bbox 99 3400 1310 3484; baseline 0.003 -20"><span class='ocrx_word' id='word_1_340' title='bbox 99 3403 266 3482; x_wconf 84' lang='lat' dir='ltr'><strong>talligenda</strong></span> <span class='ocrx_word' id='word_1_341' title='bbox 279 3413 333 3481; x_wconf 87' lang='lat' dir='ltr'><strong>est,</strong></span> <span class='ocrx_word' id='word_1_342' title='bbox 348 3425 413 3483; x_wconf 77' lang='lat' dir='ltr'><strong>qua</strong></span> <span class='ocrx_word' id='word_1_343' title='bbox 428 3405 534 3464; x_wconf 88' lang='lat' dir='ltr'><strong>adhoc</strong></span> <span class='ocrx_word' id='word_1_344' title='bbox 548 3424 620 3482; x_wconf 90' lang='lat' dir='ltr'><strong>opus</strong></span> <span class='ocrx_word' id='word_1_345' title='bbox 635 3403 818 3479; x_wconf 84' lang='lat' dir='ltr'><strong>concurrerit,</strong></span> <span class='ocrx_word' id='word_1_346' title='bbox 833 3400 910 3461; x_wconf 92' lang='lat' dir='ltr'><strong>idem</strong></span> <span class='ocrx_word' id='word_1_347' title='bbox 925 3401 987 3462; x_wconf 91' lang='lat' dir='ltr'><strong>scil.</strong></span> <span class='ocrx_word' id='word_1_348' title='bbox 1018 3402 1151 3482; x_wconf 85' lang='lat' dir='ltr'><strong>Spiritus,</strong></span> <span class='ocrx_word' id='word_1_349' title='bbox 1175 3407 1224 3484; x_wconf 93' lang='lat' dir='ltr'><strong>qui</strong></span> <span class='ocrx_word' id='word_1_350' title='bbox 1239 3407 1310 3468; x_wconf 89' lang='lat' dir='ltr'><strong>alibi</strong></span> 
     </span>
     <span class='ocr_line' id='line_1_36' title="bbox 99 3482 1308 3566; baseline 0.003 -22"><span class='ocrx_word' id='word_1_351' title='bbox 99 3485 221 3544; x_wconf 86' lang='lat' dir='ltr'><strong>Author</strong></span> <span class='ocrx_word' id='word_1_352' title='bbox 247 3485 408 3545; x_wconf 85' lang='lat' dir='ltr'><strong>Creationis</strong></span> <span class='ocrx_word' id='word_1_353' title='bbox 432 3486 606 3563; x_wconf 89' lang='lat' dir='ltr'><strong>perhibetur,</strong></span> <span class='ocrx_word' id='word_1_354' title='bbox 632 3483 680 3543; x_wconf 90' lang='lat' dir='ltr'><strong>Ps.</strong></span> <span class='ocrx_word' id='word_1_355' title='bbox 705 3482 810 3542; x_wconf 84' lang='lat' dir='ltr'><strong>xxxiii.</strong></span> <span class='ocrx_word' id='word_1_356' title='bbox 826 3485 853 3558; x_wconf 86' lang='grc'><strong>6,</strong></span> <span class='ocrx_word' id='word_1_357' title='bbox 869 3491 899 3542; x_wconf 89' lang='lat' dir='ltr'><strong>et</strong></span> <span class='ocrx_word' id='word_1_358' title='bbox 913 3483 969 3542; x_wconf 89' lang='lat' dir='ltr'><strong>civ.</strong></span> <span class='ocrx_word' id='word_1_359' title='bbox 984 3485 1043 3560; x_wconf 76' lang='lat'><strong>3⁰3</strong></span> <span class='ocrx_word' id='word_1_360' title='bbox 1065 3484 1123 3546; x_wconf 88' lang='lat' dir='ltr'><strong>Isa.</strong></span> <span class='ocrx_word' id='word_1_361' title='bbox 1138 3486 1180 3547; x_wconf 83' lang='lat' dir='ltr'><strong>xl.</strong></span> <span class='ocrx_word' id='word_1_362' title='bbox 1197 3490 1243 3564; x_wconf 87' lang='lat'><strong>13,</strong></span> <span class='ocrx_word' id='word_1_363' title='bbox 1261 3490 1308 3566; x_wconf 78' lang='lat'><strong>14,</strong></span> 
     </span>
     <span class='ocr_line' id='line_1_37' title="bbox 99 3562 1310 3644; baseline 0.003 -20"><span class='ocrx_word' id='word_1_364' title='bbox 99 3565 185 3642; x_wconf 81' lang='lat' dir='ltr'><strong>cujus</strong></span> <span class='ocrx_word' id='word_1_365' title='bbox 199 3565 299 3642; x_wconf 84' lang='lat' dir='ltr'><strong>elogia</strong></span> <span class='ocrx_word' id='word_1_366' title='bbox 311 3565 342 3622; x_wconf 93' lang='lat' dir='ltr'><strong>in</strong></span> <span class='ocrx_word' id='word_1_367' title='bbox 355 3585 416 3625; x_wconf 87' lang='lat' dir='ltr'><strong>rem</strong></span> <span class='ocrx_word' id='word_1_368' title='bbox 430 3574 555 3626; x_wconf 84' lang='lat' dir='ltr'><strong>creatam</strong></span> <span class='ocrx_word' id='word_1_369' title='bbox 568 3583 628 3624; x_wconf 91' lang='lat' dir='ltr'><strong>non</strong></span> <span class='ocrx_word' id='word_1_370' title='bbox 648 3562 763 3623; x_wconf 80' lang='lat' dir='ltr'><strong>cadunt.</strong></span> <span class='ocrx_word' id='word_1_371' title='bbox 806 3563 867 3623; x_wconf 87' lang='lat' dir='ltr'><strong>Nee</strong></span> <span class='ocrx_word' id='word_1_372' title='bbox 888 3563 984 3623; x_wconf 85' lang='lat' dir='ltr'><strong>obstat</strong></span> <span class='ocrx_word' id='word_1_373' title='bbox 1005 3565 1083 3642; x_wconf 92' lang='lat' dir='ltr'><strong>quod</strong></span> <span class='ocrx_word' id='word_1_374' title='bbox 1106 3566 1230 3644; x_wconf 88' lang='lat' dir='ltr'><strong>Spiritus</strong></span> <span class='ocrx_word' id='word_1_375' title='bbox 1252 3568 1310 3628; x_wconf 88' lang='lat' dir='ltr'><strong>Dei</strong></span> 
     </span>
     <span class='ocr_line' id='line_1_38' title="bbox 99 3642 1308 3723; baseline 0.002 -21"><span class='ocrx_word' id='word_1_376' title='bbox 99 3651 232 3720; x_wconf 79' lang='lat' dir='ltr'><strong>vocatur,</strong></span> <span class='ocrx_word' id='word_1_377' title='bbox 248 3645 290 3704; x_wconf 82' lang='lat' dir='ltr'><strong>its</strong></span> <span class='ocrx_word' id='word_1_378' title='bbox 303 3645 380 3704; x_wconf 91' lang='lat' dir='ltr'><strong>enirn</strong></span> <span class='ocrx_word' id='word_1_379' title='bbox 394 3654 439 3705; x_wconf 88' lang='lat' dir='ltr'><strong>est</strong></span> <span class='ocrx_word' id='word_1_380' title='bbox 451 3645 575 3722; x_wconf 58' lang='lat' dir='ltr'><strong>Spimtroe</strong></span> <span class='ocrx_word' id='word_1_381' title='bbox 588 3644 648 3703; x_wconf 81' lang='lat' dir='ltr'><strong>Dei</strong></span> <span class='ocrx_word' id='word_1_382' title='bbox 658 3642 839 3722; x_wconf 86' lang='lat' dir='ltr'><strong>hypostatice</strong></span> <span class='ocrx_word' id='word_1_383' title='bbox 853 3643 1025 3705; x_wconf 87' lang='lat' dir='ltr'><strong>considerati</strong></span> <span class='ocrx_word' id='word_1_384' title='bbox 1039 3654 1072 3705; x_wconf 88' lang='lat' dir='ltr'><strong>ut</strong></span> <span class='ocrx_word' id='word_1_385' title='bbox 1091 3646 1129 3705; x_wconf 90' lang='lat' dir='ltr'><strong>sit</strong></span> <span class='ocrx_word' id='word_1_386' title='bbox 1143 3647 1229 3706; x_wconf 86' lang='lat' dir='ltr'><strong>etiam</strong></span> <span class='ocrx_word' id='word_1_387' title='bbox 1243 3649 1308 3723; x_wconf 73' lang='lat' dir='ltr'><strong>spi-</strong></span> 
     </span>
     <span class='ocr_line' id='line_1_39' title="bbox 101 3722 1309 3792; baseline 0.002 -10"><span class='ocrx_word' id='word_1_388' title='bbox 101 3724 173 3782; x_wconf 81' lang='lat' dir='ltr'><strong>ritus</strong></span> <span class='ocrx_word' id='word_1_389' title='bbox 186 3727 269 3784; x_wconf 79' lang='lat' dir='ltr'><strong>Deus</strong></span> <span class='ocrx_word' id='word_1_390' title='bbox 281 3722 414 3792; x_wconf 68' lang='grc' dir='ltr'><strong>ον’πνὶὸςς</strong></span> <span class='ocrx_word' id='word_1_391' title='bbox 437 3733 470 3786; x_wconf 92' lang='lat' dir='ltr'><strong>ut</strong></span> <span class='ocrx_word' id='word_1_392' title='bbox 485 3725 578 3785; x_wconf 87' lang='lat' dir='ltr'><strong>Filius</strong></span> <span class='ocrx_word' id='word_1_393' title='bbox 590 3724 717 3783; x_wconf 90' lang='lat' dir='ltr'><strong>hominis</strong></span> <span class='ocrx_word' id='word_1_394' title='bbox 737 3731 781 3782; x_wconf 89' lang='lat' dir='ltr'><strong>est</strong></span> <span class='ocrx_word' id='word_1_395' title='bbox 801 3723 888 3782; x_wconf 89' lang='lat' dir='ltr'><strong>etiarn</strong></span> <span class='ocrx_word' id='word_1_396' title='bbox 908 3723 1012 3784; x_wconf 88' lang='lat' dir='ltr'><strong>homo:</strong></span> <span class='ocrx_word' id='word_1_397' title='bbox 1034 3725 1095 3784; x_wconf 88' lang='lat' dir='ltr'><strong>Nec</strong></span> <span class='ocrx_word' id='word_1_398' title='bbox 1117 3727 1142 3784; x_wconf 92' lang='lat' dir='ltr'><strong>si</strong></span> <span class='ocrx_word' id='word_1_399' title='bbox 1162 3726 1309 3785; x_wconf 84' lang='lat' dir='ltr'><strong>incubatio</strong></span> 
     </span>
     <span class='ocr_line' id='line_1_40' title="bbox 104 3802 1310 3882; baseline 0.001 -19"><span class='ocrx_word' id='word_1_400' title='bbox 104 3803 164 3879; x_wconf 64' lang='lat' dir='ltr'><strong>illa</strong></span> <span class='ocrx_word' id='word_1_401' title='bbox 178 3813 212 3864; x_wconf 89' lang='lat' dir='ltr'><strong>nt</strong></span> <span class='ocrx_word' id='word_1_402' title='bbox 226 3824 301 3882; x_wconf 88' lang='lat' dir='ltr'><strong>opus</strong></span> <span class='ocrx_word' id='word_1_403' title='bbox 321 3807 360 3864; x_wconf 88' lang='lat' dir='ltr'><strong>ad</strong></span> <span class='ocrx_word' id='word_1_404' title='bbox 379 3814 471 3880; x_wconf 82' lang='lat' dir='ltr'><strong>extra,</strong></span> <span class='ocrx_word' id='word_1_405' title='bbox 493 3814 538 3865; x_wconf 88' lang='lat' dir='ltr'><strong>ast</strong></span> <span class='ocrx_word' id='word_1_406' title='bbox 558 3803 719 3863; x_wconf 88' lang='lat' dir='ltr'><strong>communis</strong></span> <span class='ocrx_word' id='word_1_407' title='bbox 739 3802 794 3863; x_wconf 91' lang='lat' dir='ltr'><strong>toti</strong></span> <span class='ocrx_word' id='word_1_408' title='bbox 814 3802 949 3862; x_wconf 88' lang='lat' dir='ltr'><strong>Trinitati</strong></span> <span class='ocrx_word' id='word_1_409' title='bbox 969 3804 1156 3882; x_wconf 84' lang='lat' dir='ltr'><strong>originaliter,</strong></span> <span class='ocrx_word' id='word_1_410' title='bbox 1179 3805 1310 3881; x_wconf 88' lang='lat' dir='ltr'><strong>sequitur</strong></span> 
     </span>
     <span class='ocr_line' id='line_1_41' title="bbox 106 3877 1306 3963; baseline 0.002 -22"><span class='ocrx_word' id='word_1_411' title='bbox 106 3901 164 3942; x_wconf 89' lang='lat' dir='ltr'><strong>nou</strong></span> <span class='ocrx_word' id='word_1_412' title='bbox 176 3903 261 3962; x_wconf 75' lang='lat' dir='ltr'><strong>posse</strong></span> <span class='ocrx_word' id='word_1_413' title='bbox 276 3877 490 3963; x_wconf 86' lang='lat' dir='ltr'><strong>appropriative</strong></span> <span class='ocrx_word' id='word_1_414' title='bbox 504 3891 667 3963; x_wconf 85' lang='lat' dir='ltr'><strong>competere</strong></span> <span class='ocrx_word' id='word_1_415' title='bbox 683 3882 802 3960; x_wconf 88' lang='lat' dir='ltr'><strong>Spiritui</strong></span> <span class='ocrx_word' id='word_1_416' title='bbox 818 3882 859 3958; x_wconf 73' lang='lat' dir='ltr'><strong>S,</strong></span> <span class='ocrx_word' id='word_1_417' title='bbox 880 3883 949 3960; x_wconf 84' lang='lat' dir='ltr'><strong>quia</strong></span> <span class='ocrx_word' id='word_1_418' title='bbox 969 3884 1134 3942; x_wconf 89' lang='lat' dir='ltr'><strong>immediate</strong></span> <span class='ocrx_word' id='word_1_419' title='bbox 1159 3893 1188 3942; x_wconf 89' lang='lat' dir='ltr'><strong>et</strong></span> <span class='ocrx_word' id='word_1_420' title='bbox 1201 3904 1254 3961; x_wconf 89' lang='lat' dir='ltr'><strong>per</strong></span> <span class='ocrx_word' id='word_1_421' title='bbox 1267 3904 1306 3960; x_wconf 88' lang='lat' dir='ltr'><strong>se,</strong></span> 
     </span>
     <span class='ocr_line' id='line_1_42' title="bbox 107 3961 1310 4042; baseline 0.004 -23"><span class='ocrx_word' id='word_1_422' title='bbox 107 3961 175 4022; x_wconf 88' lang='lat' dir='ltr'><strong>licet</strong></span> <span class='ocrx_word' id='word_1_423' title='bbox 187 3984 204 4022; x_wconf 83' lang='lat' dir='ltr'><strong>a</strong></span> <span class='ocrx_word' id='word_1_424' title='bbox 216 3964 304 4024; x_wconf 85' lang='lat' dir='ltr'><strong>Patre</strong></span> <span class='ocrx_word' id='word_1_425' title='bbox 319 3973 350 4024; x_wconf 89' lang='lat' dir='ltr'><strong>et</strong></span> <span class='ocrx_word' id='word_1_426' title='bbox 363 3965 440 4024; x_wconf 86' lang='lat' dir='ltr'><strong>Filio</strong></span> <span class='ocrx_word' id='word_1_427' title='bbox 453 3985 518 4025; x_wconf 87' lang='lat' dir='ltr'><strong>eam</strong></span> <span class='ocrx_word' id='word_1_428' title='bbox 541 3964 663 4042; x_wconf 76' lang='lat' dir='ltr'><strong>peregit,</strong></span> <span class='ocrx_word' id='word_1_429' title='bbox 678 3971 710 4022; x_wconf 93' lang='lat' dir='ltr'><strong>ut</strong></span> <span class='ocrx_word' id='word_1_430' title='bbox 725 3962 897 4040; x_wconf 88' lang='lat' dir='ltr'><strong>Redemptio</strong></span> <span class='ocrx_word' id='word_1_431' title='bbox 911 3964 1045 4039; x_wconf 87' lang='lat' dir='ltr'><strong>quaetoti</strong></span> <span class='ocrx_word' id='word_1_432' title='bbox 1058 3962 1193 4022; x_wconf 78' lang='lat' dir='ltr'><strong>&#39;I&#39;rinitati</strong></span> <span class='ocrx_word' id='word_1_433' title='bbox 1207 3963 1310 4024; x_wconf 87' lang='lat' dir='ltr'><strong>tribui-</strong></span> 
     </span>
     <span class='ocr_line' id='line_1_43' title="bbox 109 4041 1111 4135; baseline -0.002 -33"><span class='ocrx_word' id='word_1_434' title='bbox 109 4051 162 4118; x_wconf 88' lang='lat' dir='ltr'><strong>tur,</strong></span> <span class='ocrx_word' id='word_1_435' title='bbox 176 4043 362 4123; x_wconf 83' lang='lat' dir='ltr'><strong>singulariter</strong></span> <span class='ocrx_word' id='word_1_436' title='bbox 375 4053 472 4105; x_wconf 89' lang='lat' dir='ltr'><strong>tamen</strong></span> <span class='ocrx_word' id='word_1_437' title='bbox 486 4051 515 4104; x_wconf 91' lang='lat' dir='ltr'><strong>et</strong></span> <span class='ocrx_word' id='word_1_438' title='bbox 528 4042 711 4104; x_wconf 74' lang='lat' dir='ltr'><strong>terminatius</strong></span> <span class='ocrx_word' id='word_1_439' title='bbox 726 4043 802 4101; x_wconf 84' lang='lat' dir='ltr'><strong>Filio</strong></span> <span class='ocrx_word' id='word_1_440' title='bbox 816 4041 997 4135; x_wconf 77' lang='lat' dir='ltr'><strong>adscribitur.</strong></span> <span class='ocrx_word' id='word_1_441' title='bbox 1012 4121 1020 4134; x_wconf 44' lang='lat'><strong>·</strong></span> <span class='ocrx_word' id='word_1_442' title='bbox 1103 4121 1111 4135; x_wconf 37' lang='grc' dir='ltr'>ι</span> 
     </span>
     <span class='ocr_line' id='line_1_44' title="bbox 112 4120 1310 4283; baseline 0 -21"><span class='ocrx_word' id='word_1_443' title='bbox 112 4169 156 4216; x_wconf 84' lang='grc' dir='ltr'><strong>α·</strong></span> <span class='ocrx_word' id='word_1_444' title='bbox 165 4171 225 4220; x_wconf 83' lang='grc' dir='ltr'><strong>α·</strong></span> <span class='ocrx_word' id='word_1_445' title='bbox 297 4176 341 4218; x_wconf 79' lang='grc' dir='ltr'><strong>α</strong></span> <span class='ocrx_word' id='word_1_446' title='bbox 369 4120 1052 4283; x_wconf 56' lang='lat' dir='ltr'><strong>..rterruiuslinum‚</strong></span> <span class='ocrx_word' id='word_1_447' title='bbox 1062 4121 1310 4280; x_wconf 63' lang='lat' dir='ltr'><strong>uiuus</strong></span> 
     </span>
     <span class='ocr_line' id='line_1_45' title="bbox 107 4280 1311 4361; baseline -0.002 -17"><span class='ocrx_word' id='word_1_448' title='bbox 107 4291 155 4346; x_wconf 88' lang='lat' dir='ltr'><strong>ter.</strong></span> <span class='ocrx_word' id='word_1_449' title='bbox 169 4285 244 4344; x_wconf 89' lang='lat' dir='ltr'><strong>Hos.</strong></span> <span class='ocrx_word' id='word_1_450' title='bbox 259 4285 280 4344; x_wconf 91' lang='lat' dir='ltr'><strong>i.</strong></span> <span class='ocrx_word' id='word_1_451' title='bbox 296 4288 314 4343; x_wconf 87' lang='grc'><strong>7</strong></span> <span class='ocrx_word' id='word_1_452' title='bbox 317 4330 325 4361; x_wconf 93' lang='lat'><strong>,</strong></span> <span class='ocrx_word' id='word_1_453' title='bbox 342 4282 415 4342; x_wconf 86' lang='lat' dir='ltr'><strong>dicit</strong></span> <span class='ocrx_word' id='word_1_454' title='bbox 427 4284 553 4359; x_wconf 85' lang='lat' dir='ltr'><strong>Jahova,</strong></span> <span class='ocrx_word' id='word_1_455' title='bbox 567 4283 692 4342; x_wconf 74' lang='lat' dir='ltr'><strong>Servabo</strong></span> <span class='ocrx_word' id='word_1_456' title='bbox 706 4301 752 4340; x_wconf 85' lang='lat' dir='ltr'><strong>eoa</strong></span> <span class='ocrx_word' id='word_1_457' title='bbox 760 4299 818 4357; x_wconf 84' lang='lat' dir='ltr'><strong>per</strong></span> <span class='ocrx_word' id='word_1_458' title='bbox 830 4281 968 4340; x_wconf 80' lang='lat' dir='ltr'><strong>Jehooam</strong></span> <span class='ocrx_word' id='word_1_459' title='bbox 982 4281 1077 4339; x_wconf 87' lang='lat' dir='ltr'><strong>Deum</strong></span> <span class='ocrx_word' id='word_1_460' title='bbox 1089 4280 1223 4358; x_wconf 72' lang='lat' dir='ltr'><strong>aprorum.</strong></span> <span class='ocrx_word' id='word_1_461' title='bbox 1249 4283 1311 4342; x_wconf 91' lang='lat' dir='ltr'><strong>Ubi</strong></span> 
     </span>
     <span class='ocr_line' id='line_1_46' title="bbox 108 4361 1308 4441; baseline 0.002 -21"><span class='ocrx_word' id='word_1_462' title='bbox 108 4362 160 4424; x_wconf 87' lang='lat' dir='ltr'><strong>dno</strong></span> <span class='ocrx_word' id='word_1_463' title='bbox 172 4369 445 4439; x_wconf 84' lang='lat' dir='ltr'><strong>commemorantur,</strong></span> <span class='ocrx_word' id='word_1_464' title='bbox 459 4381 536 4423; x_wconf 88' lang='lat' dir='ltr'><strong>nnus</strong></span> <span class='ocrx_word' id='word_1_465' title='bbox 549 4363 599 4441; x_wconf 92' lang='lat' dir='ltr'><strong>qni</strong></span> <span class='ocrx_word' id='word_1_466' title='bbox 613 4368 719 4437; x_wconf 86' lang='lat' dir='ltr'><strong>servat,</strong></span> <span class='ocrx_word' id='word_1_467' title='bbox 740 4361 813 4420; x_wconf 91' lang='lat' dir='ltr'><strong>slter</strong></span> <span class='ocrx_word' id='word_1_468' title='bbox 832 4379 884 4437; x_wconf 90' lang='lat' dir='ltr'><strong>per</strong></span> <span class='ocrx_word' id='word_1_469' title='bbox 904 4378 990 4436; x_wconf 90' lang='lat' dir='ltr'><strong>quem</strong></span> <span class='ocrx_word' id='word_1_470' title='bbox 1010 4368 1115 4436; x_wconf 87' lang='lat' dir='ltr'><strong>servat,</strong></span> <span class='ocrx_word' id='word_1_471' title='bbox 1137 4361 1206 4422; x_wconf 91' lang='lat' dir='ltr'><strong>nim.</strong></span> <span class='ocrx_word' id='word_1_472' title='bbox 1230 4361 1308 4422; x_wconf 86' lang='lat' dir='ltr'><strong>Mes-</strong></span> 
     </span>
     <span class='ocr_line' id='line_1_47' title="bbox 110 4439 1312 4522; baseline 0 -20"><span class='ocrx_word' id='word_1_473' title='bbox 110 4443 167 4521; x_wconf 83' lang='lat' dir='ltr'><strong>sias,</strong></span> <span class='ocrx_word' id='word_1_474' title='bbox 188 4453 314 4522; x_wconf 87' lang='lat' dir='ltr'><strong>ntarque</strong></span> <span class='ocrx_word' id='word_1_475' title='bbox 336 4442 462 4503; x_wconf 85' lang='lat' dir='ltr'><strong>Jehova</strong></span> <span class='ocrx_word' id='word_1_476' title='bbox 484 4443 559 4504; x_wconf 79' lang='lat' dir='ltr'><strong>Gau.</strong></span> <span class='ocrx_word' id='word_1_477' title='bbox 574 4443 636 4501; x_wconf 82' lang='lat' dir='ltr'><strong>xix.</strong></span> <span class='ocrx_word' id='word_1_478' title='bbox 651 4444 700 4501; x_wconf 80' lang='lat'><strong>24.</strong></span> <span class='ocrx_word' id='word_1_479' title='bbox 721 4443 831 4500; x_wconf 81' lang='lat' dir='ltr'><strong>Jehoua</strong></span> <span class='ocrx_word' id='word_1_480' title='bbox 852 4439 961 4498; x_wconf 68' lang='lat' dir='ltr'><strong>denica</strong></span> <span class='ocrx_word' id='word_1_481' title='bbox 974 4439 1103 4517; x_wconf 69' lang='lat' dir='ltr'><strong>phocium</strong></span> <span class='ocrx_word' id='word_1_482' title='bbox 1122 4443 1264 4518; x_wconf 69' lang='lat' dir='ltr'><strong>auhrhuris</strong></span> <span class='ocrx_word' id='word_1_483' title='bbox 1284 4451 1312 4502; x_wconf 83' lang='lat' dir='ltr'><strong>et</strong></span> 
     </span>
     <span class='ocr_line' id='line_1_48' title="bbox 108 4519 1310 4602; baseline 0.003 -22"><span class='ocrx_word' id='word_1_484' title='bbox 108 4523 171 4602; x_wconf 66' lang='grc' dir='ltr'><strong>ι’φηὶ</strong></span> <span class='ocrx_word' id='word_1_485' title='bbox 188 4546 210 4585; x_wconf 80' lang='grc' dir='ltr'><em>α</em></span> <span class='ocrx_word' id='word_1_486' title='bbox 222 4527 350 4598; x_wconf 74' lang='lat' dir='ltr'><strong>Jelsova,</strong></span> <span class='ocrx_word' id='word_1_487' title='bbox 366 4521 406 4580; x_wconf 86' lang='lat' dir='ltr'><strong>id</strong></span> <span class='ocrx_word' id='word_1_488' title='bbox 427 4523 521 4583; x_wconf 79' lang='lat' dir='ltr'><strong>Filius</strong></span> <span class='ocrx_word' id='word_1_489' title='bbox 541 4543 559 4582; x_wconf 89' lang='lat' dir='ltr'><strong>a</strong></span> <span class='ocrx_word' id='word_1_490' title='bbox 579 4523 684 4598; x_wconf 88' lang='lat' dir='ltr'><strong>Patra;</strong></span> <span class='ocrx_word' id='word_1_491' title='bbox 706 4541 773 4579; x_wconf 90' lang='lat' dir='ltr'><strong>nam</strong></span> <span class='ocrx_word' id='word_1_492' title='bbox 795 4519 820 4579; x_wconf 91' lang='lat' dir='ltr'><strong>si</strong></span> <span class='ocrx_word' id='word_1_493' title='bbox 840 4519 982 4579; x_wconf 86' lang='lat' dir='ltr'><strong>voluisset</strong></span> <span class='ocrx_word' id='word_1_494' title='bbox 1000 4529 1114 4580; x_wconf 86' lang='lat' dir='ltr'><strong>tantum</strong></span> <span class='ocrx_word' id='word_1_495' title='bbox 1133 4529 1233 4582; x_wconf 87' lang='lat' dir='ltr'><strong>notare</strong></span> <span class='ocrx_word' id='word_1_496' title='bbox 1254 4523 1310 4584; x_wconf 91' lang='lat' dir='ltr'><strong>hoc</strong></span> 
     </span>
     <span class='ocr_line' id='line_1_49' title="bbox 108 4599 1309 4681; baseline -0.002 -15"><span class='ocrx_word' id='word_1_497' title='bbox 108 4603 204 4666; x_wconf 77' lang='lat' dir='ltr'><strong>actum</strong></span> <span class='ocrx_word' id='word_1_498' title='bbox 219 4605 316 4665; x_wconf 83' lang='lat' dir='ltr'><strong>fuisse</strong></span> <span class='ocrx_word' id='word_1_499' title='bbox 337 4601 500 4662; x_wconf 87' lang='lat' dir='ltr'><strong>immediate</strong></span> <span class='ocrx_word' id='word_1_500' title='bbox 521 4622 539 4661; x_wconf 91' lang='lat' dir='ltr'><strong>a</strong></span> <span class='ocrx_word' id='word_1_501' title='bbox 560 4602 633 4678; x_wconf 90' lang='lat' dir='ltr'><strong>Deo,</strong></span> <span class='ocrx_word' id='word_1_502' title='bbox 655 4600 816 4660; x_wconf 86' lang='lat' dir='ltr'><strong>sufficiebat</strong></span> <span class='ocrx_word' id='word_1_503' title='bbox 835 4599 930 4659; x_wconf 86' lang='lat' dir='ltr'><strong>dicere</strong></span> <span class='ocrx_word' id='word_1_504' title='bbox 951 4601 1096 4661; x_wconf 84' lang='lat' dir='ltr'><strong>Jehovam</strong></span> <span class='ocrx_word' id='word_1_505' title='bbox 1116 4602 1234 4681; x_wconf 87' lang='lat' dir='ltr'><strong>pluisse,</strong></span> <span class='ocrx_word' id='word_1_506' title='bbox 1256 4623 1309 4664; x_wconf 88' lang='lat' dir='ltr'><strong>noe</strong></span> 
     </span>
     <span class='ocr_line' id='line_1_50' title="bbox 106 4679 1310 4765; baseline -0.001 -22"><span class='ocrx_word' id='word_1_507' title='bbox 106 4704 169 4765; x_wconf 87' lang='lat' dir='ltr'><strong>opus</strong></span> <span class='ocrx_word' id='word_1_508' title='bbox 181 4694 247 4746; x_wconf 83' lang='lat' dir='ltr'><strong>crat</strong></span> <span class='ocrx_word' id='word_1_509' title='bbox 261 4681 377 4744; x_wconf 84' lang='lat' dir='ltr'><strong>addere</strong></span> <span class='ocrx_word' id='word_1_510' title='bbox 390 4700 409 4738; x_wconf 86' lang='lat' dir='ltr'><strong>a</strong></span> <span class='ocrx_word' id='word_1_511' title='bbox 421 4684 539 4742; x_wconf 82' lang='lat' dir='ltr'><strong>Jelono.</strong></span> <span class='ocrx_word' id='word_1_512' title='bbox 582 4681 755 4760; x_wconf 85' lang='lat' dir='ltr'><strong>Mysterium</strong></span> <span class='ocrx_word' id='word_1_513' title='bbox 769 4699 840 4758; x_wconf 88' lang='lat' dir='ltr'><strong>ergo</strong></span> <span class='ocrx_word' id='word_1_514' title='bbox 861 4679 891 4738; x_wconf 92' lang='lat' dir='ltr'><strong>in</strong></span> <span class='ocrx_word' id='word_1_515' title='bbox 908 4681 964 4740; x_wconf 89' lang='lat' dir='ltr'><strong>hac</strong></span> <span class='ocrx_word' id='word_1_516' title='bbox 978 4681 1121 4742; x_wconf 84' lang='lat' dir='ltr'><strong>locutione</strong></span> <span class='ocrx_word' id='word_1_517' title='bbox 1143 4683 1232 4744; x_wconf 83' lang='lat' dir='ltr'><strong>latare</strong></span> <span class='ocrx_word' id='word_1_518' title='bbox 1256 4684 1310 4742; x_wconf 89' lang='lat' dir='ltr'><strong>du·</strong></span> 
     </span>
    </p>
   </div>
   <div class='ocr_carea' id='block_1_3' title="bbox 0 0 1526 5180">
    <p class='ocr_par' dir='ltr' id='par_1_4' title="bbox 0 0 1526 5180">
     <span class='ocr_line' id='line_1_51' title="bbox 0 0 1526 5180; baseline 0 1"><span class='ocrx_word' id='word_1_519' title='bbox 0 0 1526 5180; x_wconf 95' lang='lat' dir='ltr'><strong> </strong></span> 
     </span>
    </p>
   </div>
  </div>
 </body>
</html>
