3250 5176
170 397 280 451 caasa.
295 375 352 461 ra]
624 397 663 439 mr
678 399 785 440 ursano
799 399 950 441 enarrare.
1315 381 1372 442 617

171 541 343 616 voluntario,
358 547 391 599 at
404 539 543 600 naturalis
557 549 601 599 est
615 540 785 618 impotentia
798 540 829 599 in
850 541 946 620 lapide
961 540 1009 600 vel
1023 539 1108 600 bruto
1122 540 1260 618 loquendi
1272 563 1279 618 ;
1305 542 1374 618 quia

170 621 339 704 impotentia
352 630 452 679 nostra
473 629 517 680 est
539 621 664 680 maxime
678 620 859 696 voluntaria3
883 621 939 680 Vel
961 629 994 680 ut
1008 621 1138 680 naturale
1159 621 1272 696 dicitur,
1294 621 1373 699 quod

108 703 111 708 ’
171 703 261 761 oritur
274 722 312 761 ex
335 700 450 760 defectu
471 699 616 760 facultatis
641 700 840 778 seupotentiae
864 701 1012 776 naturalis,
1030 701 1125 778 qualis
1146 710 1191 760 est
1204 701 1374 779 impotentia

169 781 289 841 ridendi
309 782 340 839 in
361 801 447 855 caeco,
470 780 636 840 ambulandi
658 781 688 837 in
711 781 881 858 paralytico,
907 779 1076 858 resurgendi
1098 781 1129 838 in
1149 789 1282 857 mortuo;
1305 782 1374 859 quia

169 871 269 922 nostra
281 882 340 921 non
354 859 492 935 excludit,
507 860 559 919 sed
573 860 709 938 supponit
723 879 835 937 semper
858 861 889 919 in
909 861 1027 920 homine
1040 860 1198 938 potentiam
1212 862 1373 920 naturalem

168 967 217 1013 ssd
227 970 358 1024 utumque
376 967 409 1010 di·
430 940 612 1017 intelligendi
626 949 655 999 et
669 940 795 998 volendi.
824 941 938 1018 Optima
952 952 1058 1016 tamen,
1074 948 1103 999 et
1116 941 1256 999 nataralr'a
1270 950 1299 1000 et
1312 961 1371 999 mo-

199 1039 269 1071 verso
288 1029 411 1095 ,respectu
430 1021 501 1078 ralis
515 1019 620 1080 dicitur
633 1020 749 1078 diverso
767 1028 919 1097 respectu:
940 1021 1073 1096 Moralia,
1098 1023 1124 1078 l.
1142 1022 1286 1097 Olp‘cctive,
1302 1021 1371 1098 quia

198 1084 369 1130 consuetur.
430 1109 563 1159 versatur
588 1099 664 1158 eirca
692 1099 785 1158 officia
811 1100 939 1159 moralia.
975 1105 1003 1160 2.
1022 1100 1214 1177 originaliter,
1230 1101 1299 1178 quia
1326 1111 1371 1160 est

168 1179 330 1256 anm,
345 1199 410 1257 quas
424 1179 515 1237 oritur
528 1199 565 1238 ax
575 1179 676 1239 morali
695 1179 886 1258 connpticne,
900 1200 953 1258 per
965 1180 1090 1239 hominis
1103 1189 1254 1257 peecatum
1269 1191 1370 1258 sponte

168 1259 318 1318 accersita.
350 1263 377 1319 3.
392 1259 574 1334 Formaliter,
584 1260 652 1337 quia
666 1269 710 1319 est
723 1260 888 1320 voluntaria
901 1267 930 1319 et
941 1259 1101 1338 culpabilis,
1114 1279 1179 1336 qua
1193 1261 1369 1320 inhabitam

167 1338 329 1398 voluntatis
343 1347 483 1417 corrupta
496 1339 665 1399 refrmditur.
707 1342 860 1398 Naturalia
873 1339 969 1416 etiam,
994 1343 1020 1398 l.
1038 1340 1231 1416 Oriqiaalr'ta,
1242 1341 1310 1417 quia
1324 1351 1368 1400 eat

168 1418 254 1477 nobis
268 1419 428 1496 congenita,
444 1427 474 1477 at
486 1438 504 1477 a
517 1427 628 1494 natura,
650 1439 708 1477 uon
722 1428 818 1478 creata
832 1439 849 1476 a
874 1420 946 1494 Deo,
972 1419 1023 1477 sad
1044 1428 1178 1496 corrupta
1192 1419 1229 1476 ab
1243 1419 1367 1495 homine,

168 1490 227 1575 qna
240 1499 349 1558 ratione
364 1498 486 1558 dicimur
499 1519 517 1556 a
528 1500 619 1558 Paulo
633 1497 703 1568 φύσι(
716 1499 788 1556 riam
801 1503 882 1592 ipis,
898 1499 1028 1556 “natura
1040 1497 1094 1555 filii
1107 1498 1187 1573 irae,''
1203 1499 1278 1575 Eph.
1294 1499 1323 1556 ii.
1339 1503 1367 1575 3,

168 1585 198 1637 et
211 1597 229 1636 a
244 1578 357 1638 Davide
383 1579 442 1636 “in
456 1579 608 1655 iniquitate
632 1577 754 1654 formati,
770 1586 799 1636 et
813 1598 844 1635 m
856 1585 975 1654 peceato
1000 1577 1160 1655 concepti,’'
1187 1577 1264 1636 Psal.
1279 1577 1319 1654 li,
1335 1587 1368 1638 ut

167 1659 297 1717 naturale
309 1667 353 1718 est
362 1659 487 1736 serpenti
497 1675 649 1732 venenum,
660 1665 689 1716 et
699 1658 768 1735 lupo
779 1657 929 1735 rapacitas.
951 1661 979 1715 2.
988 1658 1150 1733 Sum'ectr've,
1157 1657 1225 1735 quia
1235 1667 1368 1717 naturam

167 1745 295 1796 noemam
308 1747 399 1798 totam
413 1737 512 1811 inficit,
528 1746 557 1795 et
571 1737 706 1814 importat
719 1737 909 1815 privationem
921 1737 1000 1796 illius
1008 1737 1154 1796 facultatis
1163 1738 1237 1796 bene
1251 1738 1367 1815 agendi,

168 1837 232 1894 quaa
245 1818 338 1894 primo
351 1817 461 1876 homini
475 1817 543 1876 data
556 1817 657 1892 fuerat,
673 1825 702 1876 et
715 1817 854 1876 naturalis
865 1825 934 1892 erat,
947 1836 1011 1894 quaa
1022 1817 1077 1876 fuit
1081 1817 1196 1895 justitia
1210 1817 1369 1895 originalis.

166 1899 195 1956 3.
210 1899 411 1973 BemmaHtm,
427 1897 496 1974 quia
510 1905 554 1956 est
574 1897 684 1956 invicta
698 1905 727 1956 et
741 1897 951 1974 insuperabilis,
967 1917 1024 1955 non
1039 1897 1135 1957 minue
1149 1917 1182 1955 ae
1197 1897 1367 1975 impotentia

167 1995 245 2036 mere
268 1979 408 2036 naturalis
426 1977 456 2034 in
479 1997 556 2036 caeco
581 1977 708 2052 videndi,
732 1986 761 2036 et
775 1977 804 2034 in
829 1985 943 2035 mortuo
965 1976 1143 2054 resurgendi.
1186 1977 1252 2035 Non
1276 1978 1370 2054 magis

167 2057 244 2116 enim
258 2057 344 2116 homo
357 2064 492 2135 peccator
506 2077 536 2116 se
552 2066 719 2116 convertere
732 2065 837 2135 potest,
854 2076 940 2134 quam
962 2076 1057 2115 cacus
1070 2056 1178 2132 videre,
1194 2065 1224 2115 at
1237 2065 1369 2117 mortuus

167 2155 329 2214 resurgere.
370 2137 411 2198 Ut
424 2157 495 2213 ergo
509 2139 626 2196 moralr'a
639 2144 716 2196 reete
730 2137 837 2195 dicitnr
850 2147 880 2196 et
893 2136 1056 2195 voluntaria
1070 2137 1107 2195 ad
1121 2143 1231 2195 reatum
1245 2135 1371 2196 hominis

164 2217 367 2294 evincendum,
383 2225 412 2276 at
425 2217 652 2276 inexcusabilem
666 2237 732 2275 eum
746 2216 924 2276 reddendum
936 2239 944 2293 ς
967 2216 1014 2274 Ita
1027 2217 1167 2274 nataralia
1177 2215 1284 2294 optime
1298 2237 1371 2276 uun·

167 2301 288 2373 cupatur
302 2297 340 2356 ad
353 2297 580 2374 magnitudinem
596 2297 787 2374 corruptionis
800 2296 1043 2374 exaggerandam,
1059 2305 1088 2354 et
1102 2297 1202 2372 gratia
1216 2297 1371 2356 necessita·

167 2383 226 2433 tem
240 2376 500 2452 demonstrandam,
516 2378 585 2454 quia
599 2385 632 2437 ut
650 2384 694 2435 est
707 2376 819 2435 homini
833 2376 995 2454 congenita,
1018 2377 1059 2435 ita
1073 2375 1116 2433 illi
1133 2385 1179 2434 est
1193 2375 1371 2453 insuperabi-

165 2454 211 2530 lis,
227 2463 260 2516 ut
273 2476 335 2515 eam
350 2456 429 2516 haud
453 2457 537 2516 aliter
550 2477 637 2534 quam
661 2475 713 2534 per
734 2457 958 2534 omnipotentem
973 2464 1002 2515 et
1027 2455 1231 2515 vortieordiam
1248 2455 1372 2533 Spiritus

165 2535 266 2595 Sancti
280 2537 402 2614 gratiam
417 2545 552 2596 excutere
566 2537 666 2615 possit.

206 2615 276 2674 XL.
299 2617 452 2694 Perperam
467 2637 537 2695 crgo
546 2618 634 2676 homo
647 2617 699 2676 tali
713 2615 883 2695 impotentia
895 2617 1032 2677 laborans
1047 2617 1152 2678 dicitur
1160 2637 1244 2694 poree
1258 2619 1372 2676 credere

162 2695 191 2752 ei
208 2697 280 2768 velit,
297 2696 380 2768 quasi
393 2695 473 2771 fides,
490 2718 554 2774 qua
569 2697 677 2757 donum
692 2698 748 2756 Dei
762 2707 822 2757 tam
836 2697 942 2756 diserte
961 2707 1082 2758 vocatur
1100 2718 1118 2756 a
1133 2697 1233 2774 Paulo,
1250 2697 1325 2776 Eph.
1340 2697 1370 2757 ii.

165 2775 194 2848 8,
210 2781 287 2831 esset
301 2774 326 2830 ’a
339 2777 384 2830 τὸι
398 2774 435 2844 ὄψ’
448 2777 511 2850 ύμῖν.
554 2777 629 2835 Nam
641 2777 711 2835 lieet
724 2777 837 2855 phrasis
858 2787 1005 2855 utcunque
1029 2785 1127 2855 posset
1149 2778 1265 2837 tolerari
1285 2777 1370 2836 intel·

165 2851 241 2910 lecta
255 2851 292 2910 de
304 2853 436 2930 potentia
449 2855 573 2912 nanuali
586 2855 712 2930 volendi,
728 2877 793 2932 qua
807 2875 824 2913 a
838 2857 931 2932 nobis,
947 2876 1120 2934 quocunque
1134 2857 1164 2914 in
1179 2865 1256 2915 statu
1271 2857 1371 2932 simus,

165 2950 312 3008 nunqnam
337 2931 473 3006 aufertur,
499 2941 599 3009 utpote
620 2953 710 3010 quaa
729 2935 822 2993 brutia
836 2934 1060 3011 distinguimur;
1084 2936 1150 2993 Non
1164 2944 1260 3011 potest
1274 2945 1371 2994 tamen

163 3010 287 3088 admitti,
303 3031 391 3088 quum
407 3011 503 3089 agitur
516 3012 553 3070 de
568 3010 755 3089 dispositione
769 3013 871 3072 morali
884 3014 1044 3072 voluntatis
1058 3013 1095 3072 ad
1106 3014 1222 3090 bonum,
1234 3033 1292 3072 non
1306 3023 1369 3072 tan·

163 3099 225 3151 tam
241 3092 278 3150 ad
292 3089 459 3166 rolandum,¹
474 3092 526 3150 sed
540 3091 578 3150 ad
591 3093 665 3151 bene
679 3092 845 3163 volendum,
872 3093 908 3151 de
923 3111 981 3170 qua
1003 3093 1065 3151 sola
1078 3093 1116 3150 lis
1130 3102 1230 3153 nostra
1243 3102 1288 3152 est
1302 3114 1367 3153 cum

165 3171 370 3248 Adversariis;
392 3171 449 3231 nisi
462 3171 587 3232 velimus
600 3173 631 3230 in
645 3181 739 3231 castra
754 3172 866 3250 Pelagii
889 3171 1020 3246 transire,
1045 3173 1096 3248 qui
1116 3172 1221 3231 bonam
1235 3174 1368 3233 volunta·

163 3259 222 3310 tem
236 3251 266 3310 iu
280 3253 406 3312 hominis
419 3260 562 3330 potestate
576 3252 699 3330 positam
714 3271 777 3311 asse
790 3253 893 3311 voluit.
936 3250 1075 3326 Quamvis
1096 3252 1172 3310 enim
1196 3272 1248 3330 per
1267 3273 1367 3331 pecca·

164 3337 226 3390 tum
240 3351 299 3390 non
316 3333 434 3410 perierit
447 3333 558 3392 homini
578 3332 701 3391 facultas
714 3330 832 3390 volendi
854 3331 884 3390 in
908 3351 1014 3410 genere
1035 3331 1118 3408 entis,
1142 3332 1183 3391 ita
1207 3341 1303 3392 tamen
1323 3343 1368 3393 est

164 3420 298 3489 corrupta
321 3412 352 3470 in
377 3432 483 3490 genere
496 3411 593 3488 moris,
608 3418 641 3472 ut
662 3411 734 3470 nihil
758 3411 826 3471 boni
850 3420 927 3490 agat,
951 3431 1007 3470 nec
1030 3432 1118 3489 agere
1138 3412 1238 3490 possit.
1280 3413 1368 3473 Adde

162 3490 322 3566 quodcum
335 3493 412 3551 vella
427 3492 552 3568 credere,
568 3501 597 3552 et
611 3491 735 3567 eredere,
751 3511 810 3550 non
823 3490 966 3568 differant,
982 3491 1125 3570 siquidem
1145 3493 1196 3570 qui
1220 3493 1284 3552 vult
1305 3513 1365 3553 cre-

162 3567 239 3645 dere,
256 3589 290 3629 so
311 3571 374 3648 ipso
389 3571 488 3647 credit,
510 3581 543 3631 ut
557 3573 607 3651 qui
621 3571 686 3631 vult
699 3591 794 3630 amare
810 3572 904 3631 Deum
918 3573 1135 3709 etproximum,
1150 3592 1251 3632 revera
1271 3573 1365 3632 Deum

162 3656 193 3707 et
212 3650 376 3726 proximum
398 3659 493 3726 amat3
516 3652 611 3712 dicere
630 3652 777 3710 hominem
800 3671 886 3728 possa
905 3671 952 3711 cre
974 3671 1022 3710 ere
1046 3652 1071 3710 si
1094 3652 1175 3726 velit,
1204 3662 1249 3712 est
1270 3652 1366 3711 dicere

162 3728 308 3789 hominem
329 3749 415 3809 posse
426 3731 550 3808 eredere,
567 3731 591 3790 si
598 3733 660 3808 jam
675 3731 836 3806 crediderit,
852 3731 931 3808 quod
943 3730 1128 3806 nugatorium
1142 3739 1195 3789 est
1231 3733 1259 3789 3.
1276 3731 1364 3789 Frus-

163 3815 208 3867 tra
225 3809 312 3870 homo
326 3811 434 3871 dieitur
453 3830 539 3888 possa
560 3809 675 3869 credere
690 3811 715 3868 si
739 3809 820 3884 velit,
835 3829 900 3868 cum
915 3816 1025 3868 certum
1050 3809 1088 3867 sit
1112 3828 1177 3867 eum
1202 3829 1240 3867 ex
1261 3827 1292 3868 se
1305 3830 1365 3869 non

162 3907 247 3964 posse
260 3891 346 3952 vella.
388 3890 450 3950 Nee
468 3892 555 3967 juvat
573 3907 720 3967 reponere,
736 3897 812 3947 stare
833 3909 885 3965 per
897 3889 1022 3948 hominis
1040 3887 1189 3965 malitiam,
1211 3889 1365 3966 quominus

162 3969 254 4044 possit
274 3970 358 4045 velle,
384 3969 458 4028 nihil
477 3968 629 4046 prohibere
657 3967 811 4045 quominus
837 3967 945 4045 eredat,
974 3989 1061 4046 quam
1089 3969 1153 4046 ejus
1175 3969 1364 4029 voluntatem.

162 4045 237 4107 Nam
256 4049 326 4109 lieet
346 4050 467 4110 dubium
487 4068 546 4108 non
567 4049 605 4107 sit
625 4047 823 4124 impotentiam
843 4048 929 4106 istam
950 4049 1144 4124 voluntariam
1168 4068 1232 4108 esse
1253 4056 1283 4108 et
1302 4049 1363 4110 cul-

162 4127 296 4205 pabilem,
320 4139 353 4189 ut
375 4129 484 4188 nemini
504 4129 559 4188 nisi
582 4128 693 4186 homini
716 4127 771 4186 soli
794 4128 858 4205 ejus
880 4148 968 4188 causa
991 4128 1183 4188 adscribenda
1206 4129 1263 4204 sit3
1297 4129 1364 4188 Non

162 4215 258 4283 potest
270 4217 368 4268 tamen
380 4209 440 4268 diei
460 4209 600 4283 absoluta,
616 4207 708 4266 solam
728 4207 853 4266 hominis
873 4209 1053 4268 voluntatem
1075 4209 1227 4286 prohibere
1251 4211 1362 4286 quomi-

162 4303 218 4342 uua
242 4287 348 4362 eredat,
375 4288 452 4364 quia,
477 4297 510 4348 ut
531 4288 657 4361 mannire
683 4287 714 4345 id
738 4307 853 4364 quoque
878 4289 1013 4366 prohibet
1033 4290 1160 4348 carentia
1180 4297 1210 4348 et
1237 4289 1363 4366 privatio

163 4363 273 4438 gratia,
289 4384 347 4441 qua
359 4366 455 4442 posita
468 4368 606 4444 erederet,
621 4377 651 4428 et
672 4367 733 4427 sine
754 4385 812 4444 qua
831 4367 1010 4446 impossibile
1023 4375 1068 4427 est
1081 4388 1146 4427 eum
1161 4368 1294 4444 eredere,
1318 4369 1365 4428 lta

158 4441 278 4517 positive
292 4443 322 4501 id
340 4445 474 4520 prohibet
494 4447 589 4522 etiam,
612 4467 670 4506 non
692 4447 861 4525 simpliciter
881 4449 943 4526 ejus
957 4449 1102 4523 voluntas,
1125 4447 1176 4506 sed
1189 4446 1289 4504 nativa
1309 4447 1365 4507 ista

162 4521 317 4597 eormptio,
340 4542 405 4599 quae
426 4523 606 4584 voluntatem
630 4526 737 4602 infecit,
764 4535 793 4586 et
816 4547 874 4604 qua
892 4528 984 4587 veluti
1006 4534 1108 4585 eatena
1131 4525 1274 4603 spirituali
1297 4547 1364 4604 pce-

161 4607 227 4660 cato
241 4599 282 4659 ita
294 4601 483 4678 mancipatur,
498 4612 531 4661 ut
544 4603 623 4664 illam
637 4625 674 4665 ex
696 4625 727 4666 se
741 4613 771 4665 et
792 4605 852 4666 suis
865 4605 977 4667 viribus
997 4607 1059 4666 sine
1080 4605 1174 4682 gratia
1194 4604 1363 4684 abrumpere

161 4687 191 4739 et
204 4689 340 4742 excutere
353 4699 501 4758 nunquam
515 4683 615 4759 possit.
