3044 5180
253 409 315 470 276
736 421 977 466 nocueresrrus.
1229 401 1352 484 [ounsr.
1366 421 1457 464 xxxi.

257 565 395 646 Syrubolo
410 563 529 624 Niceno
542 583 595 642 por
608 563 957 644 comuntimpotiunum
970 563 1116 643 explicato
1125 563 1295 642 perticulam
1305 563 1437 640 mucce
1446 585 1459 634 ‚-

255 647 312 708 Isti
322 667 394 706 vero
406 643 473 705 illos
493 653 623 748 carpunt,
645 645 725 722 quod
745 645 777 704 in
792 647 931 722 Symbolo
944 646 1057 705 Athen.
1069 663 1172 704 vocem
1192 643 1266 720 μένω
1287 643 1458 702 inseruerint

254 735 308 788 ttri-
321 727 381 802 vil,
396 725 449 786 tri
461 731 505 784 ut
516 751 590 801 puseo
601 730 707 807 nugis.
741 725 853 804 Saepius
861 746 897 785 ee
905 726 943 785 (le
955 745 987 784 re
998 725 1190 802 disceptatum
1198 726 1254 784 full
1267 723 1371 784 uolitet
1384 722 1457 780 iulet

255 805 415 874 Orientsles
435 816 465 867 et
479 807 689 866 Occideutules.
730 805 861 868 Tandem
882 807 913 865 iu
934 806 1063 865 Concilio
1077 805 1247 864 Florentino
1270 823 1346 864 auno
1368 804 1456 876 1466,

253 894 510 965 temperamentum
521 885 639 963 aliquod
649 883 803 964 quesitum
817 894 861 946 est
874 885 912 944 ad
926 879 1107 946 concordiem
1124 883 1289 959 ineundam,
1304 892 1337 942 ut
1349 890 1456 942 serne-

252 975 332 1026 retur
348 966 472 1045 Spiritus
488 965 612 1026 Sanetus
626 985 644 1024 s
657 965 743 1025 Patre
757 985 809 1044 per
823 965 931 1026 Filium
944 965 1109 1044 procedere.
1152 965 1211 1024 Sed
1220 973 1321 1024 notum
1335 972 1380 1023 est
1395 961 1455 1021 Ori·

252 1047 363 1106 entales
383 1047 436 1124 qui
457 1046 695 1124 subscripserant,
709 1046 747 1105 sb
767 1046 820 1106 illa
834 1047 1028 1106 umsectioue
1049 1044 1194 1122 resiliisse,
1209 1053 1240 1104 et
1253 1045 1284 1102 in
1304 1043 1393 1123 priori
1407 1062 1457 1101 sus

253 1127 397 1186 sententis
410 1127 514 1187 acriter
526 1127 684 1186 etiamnum
734 1134 835 1186 rstare.

293 1207 333 1266 V.
363 1207 446 1267 Licet
466 1225 526 1265 non
547 1205 674 1268 debcent
686 1145 783 1266 (iireci
803 1207 947 1267 hereseos
967 1205 1128 1265 insimulari
1147 1212 1267 1283 propter
1286 1203 1455 1264 septemium

253 1305 344 1362 suam,
359 1306 413 1346 uec
427 1305 463 1345 cs
475 1286 608 1346 debuerit
620 1305 685 1345 esse
698 1285 812 1345 occasio
822 1286 993 1346 Schismatis
1005 1285 1055 1344 vel
1074 1285 1138 1358 orti,
1153 1285 1203 1344 vei
1217 1283 1384 1358 continuati,
1401 1283 1454 1340 Le·

252 1367 379 1426 tinorum
392 1373 490 1430 temen
503 1366 647 1426 sententie
659 1373 693 1425 ut
708 1365 863 1444 Scriptura
876 1367 974 1426 verbis
994 1365 1212 1424 convenientior
1229 1373 1261 1424 et
1270 1364 1368 1423 'verior
1379 1373 1453 1422 recte

251 1447 400 1506 retinetur.
444 1449 470 1505 1.
492 1444 567 1522 Quis
579 1445 703 1524 Spiritus
719 1445 842 1506 Sanctus
855 1467 915 1506 uon
926 1446 1023 1505 miuus
1037 1465 1055 1504 s
1068 1445 1145 1504 Filio
1159 1465 1246 1523 quem
1261 1465 1279 1504 a
1293 1445 1377 1503 Patre
1390 1443 1452 1502 mit-

253 1527 332 1602 titur,
347 1527 417 1586 Joh.
432 1525 494 1586 xvi.
509 1530 538 1586 7.
573 1525 653 1604 Ergo
677 1526 715 1585 ab
728 1545 763 1585 eo
785 1526 872 1587 debet
892 1525 1057 1604 procedere,
1072 1525 1213 1604 quianon
1236 1522 1451 1602 possetaFilio

252 1606 338 1681 mitti,
352 1607 409 1664 nisi
423 1605 460 1664 ab
474 1625 509 1665 eo
521 1605 699 1684 procederet.
740 1610 770 1666 2.
791 1605 867 1681 Quis
881 1606 1005 1684 Spiritus
1026 1605 1096 1664 Filii
1109 1605 1216 1664 dicitur
1234 1623 1294 1664 nou
1307 1605 1399 1664 minus
1419 1621 1451 1660 sc

254 1683 358 1762 Patris,
375 1685 441 1748 Gel.
455 1685 496 1745 iv.
517 1689 546 1744 6.
588 1687 616 1745 3.
632 1685 706 1760 Quia
725 1685 865 1764 quicquid
884 1686 973 1746 babet
995 1685 1128 1764 Spiritus,
1142 1703 1202 1744 non
1223 1684 1319 1743 minus
1337 1683 1450 1742 hebete

253 1766 331 1825 Filio
351 1786 440 1844 quam
461 1785 480 1824 a
501 1765 796 1842 Petre,Johan.1vi.
813 1769 859 1842 13,
876 1769 923 1842 14,
940 1767 995 1843 15;
1016 1773 1047 1826 et
1066 1774 1099 1826 ut
1120 1764 1215 1824 Filius
1234 1763 1341 1823 dieitur
1360 1780 1449 1822 esses

254 1845 349 1924 Patre,
364 1847 505 1924 quianon
520 1866 538 1905 a
551 1865 582 1905 se
596 1845 732 1923 loquitur,
747 1846 800 1908 sed
813 1867 831 1906 s
845 1847 940 1922 Putre,
950 1866 970 1905 a
982 1865 1041 1924 quo
1055 1845 1153 1906 omnia
1161 1845 1259 1920 habet,
1275 1845 1316 1904 sic
1329 1843 1446 1920 spirim

253 1925 341 1986 debet
353 1926 412 1986 dici
433 1946 497 1986 esse
512 1935 542 1986 et
565 1925 720 2004 procedere
740 1947 759 1986 e
779 1927 864 2002 Filio,
878 1927 947 2004 quie
967 1925 1049 1985 cudit
1067 1934 1098 1985 et
1118 1924 1248 2003 loquitur
1262 1924 1382 2001 abipso.
1417 1925 1446 1978 4.

253 2005 329 2082 Quis
341 2005 499 2067 insufflavit
514 2005 653 2085 Spiritum
669 2007 700 2068 S.
713 2006 863 2085 discipulis
876 2007 907 2064 in
920 2013 1058 2083 tempore,
1069 2006 1091 2066 J
1093 2006 1139 2064 olu
1154 2025 1206 2063 xx.
1221 2007 1272 2064 22.
1304 2003 1381 2081 Ergo
1393 2001 1442 2080 spi·

252 2087 329 2148 ravit
342 2086 380 2146 sb
393 2095 501 2151 esterno
512 2109 520 2162 ;
541 2105 609 2145 num
622 2088 767 2164 processio
781 2086 946 2164 temporalis
959 2087 1096 2164 supponit
1109 2093 1261 2146 sumam.

293 2167 350 2226 VI.
372 2167 459 2226 Peter
472 2175 502 2228 et
516 2165 610 2226 Filius
631 2167 741 2244 spirent
763 2167 903 2245 Spiritum
925 2167 954 2226 S.
968 2185 1028 2225 uon
1050 2175 1084 2226 ut
1097 2166 1156 2226 duo
1174 2163 1318 2243 principia
1330 2163 1441 2234 diremi,

251 2245 394 2387 fflidem
408 2247 455 2304 vis
476 2245 615 2322 spiretiva
637 2256 682 2305 est
702 2247 804 2306 eadem
824 2247 855 2305 in
874 2255 1005 2324 utroque,
1020 2245 1073 2306 sed
1092 2253 1124 2305 ut
1144 2245 1203 2304 cluo
1218 2243 1372 2323 supposita,
1386 2260 1441 2320 que

306 2344 352 2382 em
365 2325 473 2384 virtute
486 2331 661 2384 concurrunt
674 2323 712 2383 ed
725 2325 811 2384 istum
824 2327 1045 2403 processionem.

291 2403 366 2463 VII.
388 2403 470 2462 Licet
486 2403 611 2480 Spiritus
624 2403 738 2464 dicetur
750 2406 905 2482 procedere
918 2426 937 2464 a
948 2407 1042 2480 Pstre,
1052 2405 1113 2466 Joh
1134 2425 1185 2464 xv.
1199 2407 1248 2479 26,
1259 2423 1319 2464 non
1331 2409 1441 2480 negatur

250 2481 287 2541 de
302 2483 387 2558 Filio,
402 2482 461 2540 imo
476 2483 654 2559 supponitur,
669 2484 739 2560 quia
751 2484 851 2544 missio
867 2483 992 2562 Spiritus
1010 2486 1054 2544 illi
1067 2485 1216 2563 tribuitur,
1226 2493 1257 2546 et
1275 2498 1440 2562 quecunque

251 2561 338 2621 Pater
350 2561 446 2638 habet,
463 2561 557 2621 Filius
569 2562 678 2639 pariter
690 2563 797 2624 hebere
810 2563 924 2641 dicitur,
939 2565 962 2626 J
962 2585 989 2625 o.
1004 2565 1065 2625 xvi.
1082 2567 1129 2625 15.

291 2641 381 2701 VIII.
404 2641 477 2700 (him
490 2641 537 2700 vis
551 2641 691 2719 spiratis-o
704 2643 742 2704 sit
755 2663 813 2703 une
825 2663 946 2705 numero
960 2647 991 2706 in
1006 2646 1092 2705 Putre
1105 2654 1136 2705 et
1149 2645 1236 2720 Filio,
1250 2663 1311 2703 nou
1322 2643 1391 2702 bene
1402 2639 1438 2697 di-

249 2729 362 2782 ceretur
381 2721 437 2780 hoc
458 2729 592 2798 respectu
615 2721 740 2800 Spiritus
763 2725 919 2802 procedere
939 2745 958 2785 e
979 2727 1064 2786 Patre
1082 2745 1135 2804 per
1149 2725 1266 2800 Filium,
1282 2721 1361 2802 qnasi
1374 2728 1438 2780 esset
1514 2771 1515 2778 ,

249 2801 446 2881 principaliter
458 2821 478 2860 a
490 2800 586 2876 Patre,
601 2803 772 2863 secundario
787 2823 856 2863 vero
877 2814 907 2865 et
919 2805 1015 2866 miuus
1035 2805 1231 2884 principaliter
1245 2825 1263 2864 a
1276 2803 1368 2862 Filio:
1388 2797 1439 2858 Sed
1503 2806 1507 2823 ¹

249 2882 275 2950 si
288 2885 387 2942 modus
399 2881 563 2942 sumendi
575 2891 729 2960 spectetur,
753 2885 910 2944 secundum
924 2905 1010 2965 quem
1032 2885 1120 2946 Pater
1135 2893 1181 2944 est
1200 2884 1267 2944 lons
1282 2881 1404 2953 Deitatis,
1421 2897 1436 2935 ⁸

249 2983 308 3042 quo
322 2962 416 3022 Filius
430 2970 553 3038 emeuat,
567 2981 627 3022 nou
640 2963 716 3022 mule
729 2964 785 3024 boe
799 2985 886 3025 sensu
906 2965 1012 3026 dicitur
1024 2985 1043 3026 a
1056 2967 1144 3026 Patre
1163 2985 1216 3044 per
1232 2963 1340 3023 Filium
1351 2977 1436 3040 proce⁴

249 3043 318 3106 dere
331 3041 428 3122 quoad
441 3042 633 3121 processionis
646 3043 777 3105 ordinem
791 3054 820 3104 et
833 3047 960 3106 modum.

290 3123 351 3184 IX.
374 3123 407 3183 Si
428 3123 459 3182 iu
480 3123 654 3202 quibusdum
676 3124 824 3202 Symbolis
836 3125 937 3204 primis
956 3125 1064 3186 omissa
1081 3125 1136 3185 fuit
1149 3123 1300 3203 particule,
1315 3121 1433 3194 Filioque

249 3223 314 3342 pue
334 3203 548 3281 processionem
567 3224 587 3263 a
607 3203 684 3262 Filio
706 3205 810 3284 urguit,
832 3205 939 3266 lectum
966 3205 998 3264 id
1023 3207 1093 3284 quis
1119 3213 1190 3266 ene
1217 3201 1352 3280 temporis
1367 3195 1434 3256 nilla

269 3303 319 3343 um
333 3283 370 3344 de
385 3283 572 3344 Processioue
588 3283 713 3362 Spiritus
728 3285 759 3346 S.
772 3285 810 3346 lis
823 3294 903 3346 motu
915 3285 1017 3364 fuerit;
1040 3285 1093 3346 sed
1112 3284 1215 3344 eddite
1230 3283 1286 3342 tuit
1298 3277 1434 3360 prudenter

248 3369 350 3440 postes
362 3362 400 3422 ob
414 3363 597 3440 insurgentes
607 3383 728 3426 encres
