<?xml version="1.0" encoding="UTF-8"?>
<!DOCTYPE html PUBLIC "-//W3C//DTD XHTML 1.0 Transitional//EN"
    "http://www.w3.org/TR/xhtml1/DTD/xhtml1-transitional.dtd">
<html xmlns="http://www.w3.org/1999/xhtml" xml:lang="en" lang="en">
 <head>
  <title>
</title>
<meta http-equiv="Content-Type" content="text/html;charset=utf-8" />
  <meta name='ocr-system' content='tesseract 3.04.00' />
  <meta name='ocr-capabilities' content='ocr_page ocr_carea ocr_par ocr_line ocrx_word'/>
</head>
<body>
  <div class='ocr_page' id='page_1' title='image "./francisciturret01pictgoog_0197.png"; bbox 0 0 3152 5178; ppageno 0'>
   <div class='ocr_carea' id='block_1_1' title="bbox 248 335 1447 420">
    <p class='ocr_par' dir='ltr' id='par_1_1' title="bbox 248 335 1447 420">
     <span class='ocr_line' id='line_1_1' title="bbox 248 335 1447 420; baseline -0.003 -18"><span class='ocrx_word' id='word_1_1' title='bbox 248 345 305 402; x_wconf 71' lang='lat' dir='ltr'><strong>ltt</strong></span> <span class='ocrx_word' id='word_1_2' title='bbox 711 359 803 402; x_wconf 83' lang='lat' dir='ltr'><strong>rocus</strong></span> <span class='ocrx_word' id='word_1_3' title='bbox 817 357 977 401; x_wconf 78' lang='lat' dir='ltr'><strong>saturnus.</strong></span> <span class='ocrx_word' id='word_1_4' title='bbox 1255 335 1381 420; x_wconf 75' lang='lat' dir='ltr'><strong>[osser.</strong></span> <span class='ocrx_word' id='word_1_5' title='bbox 1396 359 1447 398; x_wconf 80' lang='lat' dir='ltr'><strong>n.</strong></span> 
     </span>
    </p>
   </div>
   <div class='ocr_carea' id='block_1_2' title="bbox 239 495 1566 762">
    <p class='ocr_par' dir='ltr' id='par_1_2' title="bbox 239 495 1571 762">
     <span class='ocr_line' id='line_1_2' title="bbox 242 495 1565 576; baseline -0.002 -14"><span class='ocrx_word' id='word_1_6' title='bbox 242 503 325 562; x_wconf 67' lang='lat' dir='ltr'><strong>nobs.</strong></span> <span class='ocrx_word' id='word_1_7' title='bbox 368 500 455 563; x_wconf 91' lang='lat' dir='ltr'><strong>Unde</strong></span> <span class='ocrx_word' id='word_1_8' title='bbox 468 521 527 561; x_wconf 91' lang='lat' dir='ltr'><strong>non</strong></span> <span class='ocrx_word' id='word_1_9' title='bbox 540 499 679 561; x_wconf 89' lang='lat' dir='ltr'><strong>confundi</strong></span> <span class='ocrx_word' id='word_1_10' title='bbox 693 499 780 561; x_wconf 89' lang='lat' dir='ltr'><strong>debet</strong></span> <span class='ocrx_word' id='word_1_11' title='bbox 794 519 860 560; x_wconf 91' lang='lat' dir='ltr'><strong>cnm</strong></span> <span class='ocrx_word' id='word_1_12' title='bbox 870 499 977 561; x_wconf 89' lang='lat' dir='ltr'><strong>Judice</strong></span> <span class='ocrx_word' id='word_1_13' title='bbox 986 498 1161 574; x_wconf 82' lang='lat' dir='ltr'><strong>subalterno,</strong></span> <span class='ocrx_word' id='word_1_14' title='bbox 1171 495 1222 576; x_wconf 90' lang='lat' dir='ltr'><strong>qui</strong></span> <span class='ocrx_word' id='word_1_15' title='bbox 1233 497 1451 560; x_wconf 74' lang='lat' dir='ltr'><strong>controversias</strong></span> <span class='ocrx_word' id='word_1_16' title='bbox 1564 510 1565 519; x_wconf 60' lang='lat'>¹</span> 
     </span>
     <span class='ocr_line' id='line_1_3' title="bbox 239 577 1566 660; baseline -0.004 -18"><span class='ocrx_word' id='word_1_17' title='bbox 239 583 327 660; x_wconf 83' lang='lat' dir='ltr'><strong>juxta</strong></span> <span class='ocrx_word' id='word_1_18' title='bbox 341 581 479 642; x_wconf 90' lang='lat' dir='ltr'><strong>Normam</strong></span> <span class='ocrx_word' id='word_1_19' title='bbox 498 581 587 660; x_wconf 81' lang='lat' dir='ltr'><strong>legis</strong></span> <span class='ocrx_word' id='word_1_20' title='bbox 601 581 718 658; x_wconf 85' lang='lat' dir='ltr'><strong>dirimit,</strong></span> <span class='ocrx_word' id='word_1_21' title='bbox 733 590 764 642; x_wconf 90' lang='lat' dir='ltr'><strong>et</strong></span> <span class='ocrx_word' id='word_1_22' title='bbox 780 583 831 660; x_wconf 87' lang='lat' dir='ltr'><strong>jus</strong></span> <span class='ocrx_word' id='word_1_23' title='bbox 846 581 888 640; x_wconf 90' lang='lat' dir='ltr'><strong>Le</strong></span> <span class='ocrx_word' id='word_1_24' title='bbox 910 581 917 594; x_wconf 86' lang='lat'>&#39;</span> <span class='ocrx_word' id='word_1_25' title='bbox 955 581 994 640; x_wconf 86' lang='lat' dir='ltr'><strong>ad</strong></span> <span class='ocrx_word' id='word_1_26' title='bbox 1006 583 1041 638; x_wconf 71' lang='lat' dir='ltr'><strong>cal</strong></span> <span class='ocrx_word' id='word_1_27' title='bbox 1058 579 1115 638; x_wconf 69' lang='grc' dir='ltr'><strong>καθ’</strong></span> <span class='ocrx_word' id='word_1_28' title='bbox 1127 577 1226 638; x_wconf 67' lang='lat' dir='ltr'><strong>am.</strong></span> <span class='ocrx_word' id='word_1_29' title='bbox 1239 579 1371 658; x_wconf 84' lang='lat' dir='ltr'><strong>applicat,</strong></span> <span class='ocrx_word' id='word_1_30' title='bbox 1392 600 1449 657; x_wconf 90' lang='lat' dir='ltr'><strong>quo</strong></span> <span class='ocrx_word' id='word_1_31' title='bbox 1564 584 1566 593; x_wconf 92' lang='lat'>&#39;</span> 
     </span>
     <span class='ocr_line' id='line_1_4' title="bbox 242 657 1450 762; baseline -0.003 -40"><span class='ocrx_word' id='word_1_32' title='bbox 242 662 399 762; x_wconf 47' lang='lat' dir='ltr'><strong>‘respiciunt</strong></span> <span class='ocrx_word' id='word_1_33' title='bbox 412 663 469 722; x_wconf 87' lang='lat' dir='ltr'><strong>ista</strong></span> <span class='ocrx_word' id='word_1_34' title='bbox 483 663 651 740; x_wconf 90' lang='lat' dir='ltr'><strong>Philosoph.</strong></span> <span class='ocrx_word' id='word_1_35' title='bbox 674 661 749 721; x_wconf 89' lang='lat' dir='ltr'><strong>Poll.</strong></span> <span class='ocrx_word' id='word_1_36' title='bbox 763 665 792 721; x_wconf 84' lang='lat'><strong>4.</strong></span> <span class='ocrx_word' id='word_1_37' title='bbox 807 681 832 721; x_wconf 91' lang='lat' dir='ltr'><strong>c.</strong></span> <span class='ocrx_word' id='word_1_38' title='bbox 847 665 876 738; x_wconf 87' lang='grc'><strong>4,</strong></span> <span class='ocrx_word' id='word_1_39' title='bbox 907 667 980 720; x_wconf 71' lang='grc' dir='ltr'><strong>εἴην</strong></span> <span class='ocrx_word' id='word_1_40' title='bbox 995 661 1063 736; x_wconf 68' lang='grc' dir='ltr'><strong><em>νόμον</em></strong></span> <span class='ocrx_word' id='word_1_41' title='bbox 1076 659 1165 741; x_wconf 54' lang='lat' dir='ltr'><strong>lego·</strong></span> <span class='ocrx_word' id='word_1_42' title='bbox 1179 661 1285 736; x_wconf 62' lang='lat' dir='ltr'><strong>ednas,</strong></span> <span class='ocrx_word' id='word_1_43' title='bbox 1299 664 1345 718; x_wconf 72' lang='lat' dir='ltr'><strong>reis</strong></span> <span class='ocrx_word' id='word_1_44' title='bbox 1358 657 1383 718; x_wconf 71' lang='lat' dir='ltr'><strong>br</strong></span> <span class='ocrx_word' id='word_1_45' title='bbox 1394 659 1450 718; x_wconf 68' lang='grc' dir='ltr'><strong>αι’</strong></span> 
     </span>
    </p>
   </div>
   <div class='ocr_carea' id='block_1_3' title="bbox 240 745 1453 1143">
    <p class='ocr_par' dir='ltr' id='par_1_3' title="bbox 240 745 1453 1143">
     <span class='ocr_line' id='line_1_5' title="bbox 242 745 1449 900; baseline -0.001 -19"><span class='ocrx_word' id='word_1_46' title='bbox 242 767 399 882; x_wconf 66' lang='lat' dir='ltr'><strong>“‘i&#39;iiif</strong></span> <span class='ocrx_word' id='word_1_47' title='bbox 412 745 611 900; x_wconf 59' lang='lat' dir='ltr'><strong>stitit:</strong></span> <span class='ocrx_word' id='word_1_48' title='bbox 622 759 888 884; x_wconf 66' lang='lat' dir='ltr'><strong>tltt’tt&#39;lt..</strong></span> <span class='ocrx_word' id='word_1_49' title='bbox 900 821 1038 882; x_wconf 63' lang='lat' dir='ltr'><strong>sunan</strong></span> <span class='ocrx_word' id='word_1_50' title='bbox 1052 829 1082 880; x_wconf 69' lang='lat' dir='ltr'><strong>e</strong></span> <span class='ocrx_word' id='word_1_51' title='bbox 1096 821 1206 898; x_wconf 58' lang='lat' dir='ltr'><strong>ragam</strong></span> <span class='ocrx_word' id='word_1_52' title='bbox 1217 819 1366 898; x_wconf 63' lang='lat' dir='ltr'><strong>stege,</strong></span> <span class='ocrx_word' id='word_1_53' title='bbox 1382 821 1449 880; x_wconf 67' lang='lat' dir='ltr'><strong>ns.</strong></span> 
     </span>
     <span class='ocr_line' id='line_1_6' title="bbox 241 901 1452 982; baseline -0.001 -21"><span class='ocrx_word' id='word_1_54' title='bbox 241 902 380 982; x_wconf 87' lang='lat' dir='ltr'><strong>losophus</strong></span> <span class='ocrx_word' id='word_1_55' title='bbox 394 903 472 964; x_wconf 89' lang='lat' dir='ltr'><strong>enim</strong></span> <span class='ocrx_word' id='word_1_56' title='bbox 491 904 599 964; x_wconf 88' lang='lat' dir='ltr'><strong>fatetur</strong></span> <span class='ocrx_word' id='word_1_57' title='bbox 612 903 663 963; x_wconf 92' lang='lat' dir='ltr'><strong>lib.</strong></span> <span class='ocrx_word' id='word_1_58' title='bbox 685 903 726 961; x_wconf 92' lang='lat' dir='ltr'><strong>iii.</strong></span> <span class='ocrx_word' id='word_1_59' title='bbox 748 903 821 962; x_wconf 93' lang='lat' dir='ltr'><strong>Poli.</strong></span> <span class='ocrx_word' id='word_1_60' title='bbox 836 923 861 962; x_wconf 92' lang='lat' dir='ltr'><strong>c.</strong></span> <span class='ocrx_word' id='word_1_61' title='bbox 877 905 905 978; x_wconf 88' lang='grc'><strong>6,</strong></span> <span class='ocrx_word' id='word_1_62' title='bbox 921 902 952 960; x_wconf 92' lang='lat' dir='ltr'><strong>in</strong></span> <span class='ocrx_word' id='word_1_63' title='bbox 965 903 988 962; x_wconf 89' lang='lat' dir='ltr'>J</span> <span class='ocrx_word' id='word_1_64' title='bbox 989 921 1040 961; x_wconf 85' lang='lat' dir='ltr'><strong>ure</strong></span> <span class='ocrx_word' id='word_1_65' title='bbox 1060 901 1220 960; x_wconf 85' lang='lat' dir='ltr'><strong>universali</strong></span> <span class='ocrx_word' id='word_1_66' title='bbox 1241 901 1452 978; x_wconf 74' lang='lat' dir='ltr'><strong>praescribendo</strong></span> 
     </span>
     <span class='ocr_line' id='line_1_7' title="bbox 243 979 1453 1060; baseline -0.002 -19"><span class='ocrx_word' id='word_1_67' title='bbox 243 982 353 1060; x_wconf 82' lang='lat' dir='ltr'>Legem</span> <span class='ocrx_word' id='word_1_68' title='bbox 373 984 480 1044; x_wconf 88' lang='lat' dir='ltr'><strong>habere</strong></span> <span class='ocrx_word' id='word_1_69' title='bbox 503 984 645 1044; x_wconf 86' lang='lat' dir='ltr'><strong>rationem</strong></span> <span class='ocrx_word' id='word_1_70' title='bbox 672 981 807 1044; x_wconf 88' lang='lat' dir='ltr'><strong>Judicis:</strong></span> <span class='ocrx_word' id='word_1_71' title='bbox 842 982 886 1041; x_wconf 87' lang='lat' dir='ltr'><strong>At</strong></span> <span class='ocrx_word' id='word_1_72' title='bbox 907 981 938 1040; x_wconf 93' lang='lat' dir='ltr'><strong>in</strong></span> <span class='ocrx_word' id='word_1_73' title='bbox 960 981 1152 1060; x_wconf 79' lang='lat' dir='ltr'><strong>applicatione</strong></span> <span class='ocrx_word' id='word_1_74' title='bbox 1175 979 1345 1059; x_wconf 88' lang='lat' dir='ltr'><strong>particulari</strong></span> <span class='ocrx_word' id='word_1_75' title='bbox 1364 981 1385 1040; x_wconf 73' lang='lat' dir='ltr'><strong>is</strong></span> <span class='ocrx_word' id='word_1_76' title='bbox 1403 987 1453 1047; x_wconf 65' lang='grc' dir='ltr'><strong>ταῖς</strong></span> 
     </span>
     <span class='ocr_line' id='line_1_8' title="bbox 240 1059 1452 1143; baseline 0 -23"><span class='ocrx_word' id='word_1_77' title='bbox 240 1061 296 1121; x_wconf 69' lang='lat' dir='ltr'><strong>ut*</strong></span> <span class='ocrx_word' id='word_1_78' title='bbox 311 1061 408 1124; x_wconf 66' lang='grc' dir='ltr'><strong><em>ξ’ωτω</em></strong></span> <span class='ocrx_word' id='word_1_79' title='bbox 421 1063 509 1142; x_wconf 88' lang='lat' dir='ltr'><strong>Legis</strong></span> <span class='ocrx_word' id='word_1_80' title='bbox 523 1065 664 1143; x_wconf 76' lang='lat' dir='ltr'><strong>interpres</strong></span> <span class='ocrx_word' id='word_1_81' title='bbox 678 1063 771 1123; x_wconf 87' lang='lat' dir='ltr'><strong>officio</strong></span> <span class='ocrx_word' id='word_1_82' title='bbox 784 1063 808 1122; x_wconf 88' lang='lat' dir='ltr'>J</span> <span class='ocrx_word' id='word_1_83' title='bbox 808 1061 901 1122; x_wconf 90' lang='lat' dir='ltr'><strong>udicis</strong></span> <span class='ocrx_word' id='word_1_84' title='bbox 910 1061 1049 1139; x_wconf 84' lang='lat' dir='ltr'><strong>fungitur,</strong></span> <span class='ocrx_word' id='word_1_85' title='bbox 1065 1061 1117 1120; x_wconf 85' lang='lat' dir='ltr'><strong>sed</strong></span> <span class='ocrx_word' id='word_1_86' title='bbox 1131 1059 1329 1120; x_wconf 77' lang='lat' dir='ltr'><strong>ministerialis</strong></span> <span class='ocrx_word' id='word_1_87' title='bbox 1342 1069 1372 1120; x_wconf 90' lang='lat' dir='ltr'><strong>et</strong></span> <span class='ocrx_word' id='word_1_88' title='bbox 1385 1063 1452 1120; x_wconf 87' lang='lat' dir='ltr'><strong>suh·</strong></span> 
     </span>
    </p>
   </div>
   <div class='ocr_carea' id='block_1_4' title="bbox 242 1121 1572 1222">
    <p class='ocr_par' dir='ltr' id='par_1_4' title="bbox 242 1121 1572 1222">
     <span class='ocr_line' id='line_1_9' title="bbox 242 1121 1572 1222; baseline -0.003 -20"><span class='ocrx_word' id='word_1_89' title='bbox 242 1145 364 1220; x_wconf 87' lang='lat' dir='ltr'><strong>altemi;</strong></span> <span class='ocrx_word' id='word_1_90' title='bbox 386 1165 444 1222; x_wconf 90' lang='lat' dir='ltr'><strong>quo</strong></span> <span class='ocrx_word' id='word_1_91' title='bbox 459 1163 547 1204; x_wconf 89' lang='lat' dir='ltr'><strong>sensu</strong></span> <span class='ocrx_word' id='word_1_92' title='bbox 560 1165 619 1204; x_wconf 92' lang='lat' dir='ltr'><strong>non</strong></span> <span class='ocrx_word' id='word_1_93' title='bbox 632 1163 774 1222; x_wconf 77' lang='lat' dir='ltr'><strong>negemus</strong></span> <span class='ocrx_word' id='word_1_94' title='bbox 788 1141 949 1202; x_wconf 88' lang='lat' dir='ltr'><strong>Ecclesiam</strong></span> <span class='ocrx_word' id='word_1_95' title='bbox 964 1161 1027 1201; x_wconf 91' lang='lat' dir='ltr'><strong>esse</strong></span> <span class='ocrx_word' id='word_1_96' title='bbox 1041 1141 1187 1215; x_wconf 85' lang='lat' dir='ltr'><strong>Judicem,</strong></span> <span class='ocrx_word' id='word_1_97' title='bbox 1210 1141 1265 1200; x_wconf 91' lang='lat' dir='ltr'><strong>sed</strong></span> <span class='ocrx_word' id='word_1_98' title='bbox 1278 1141 1330 1218; x_wconf 92' lang='lat' dir='ltr'><strong>qui</strong></span> <span class='ocrx_word' id='word_1_99' title='bbox 1342 1161 1455 1218; x_wconf 89' lang='lat' dir='ltr'><strong>semper</strong></span> <span class='ocrx_word' id='word_1_100' title='bbox 1571 1121 1572 1184; x_wconf 59' lang='lat' dir='ltr'><strong>i</strong></span> 
     </span>
    </p>
   </div>
   <div class='ocr_carea' id='block_1_5' title="bbox 241 1221 1454 1384">
    <p class='ocr_par' dir='ltr' id='par_1_5' title="bbox 241 1221 1454 1384">
     <span class='ocr_line' id='line_1_10' title="bbox 241 1221 1454 1304; baseline -0.001 -22"><span class='ocrx_word' id='word_1_101' title='bbox 241 1223 378 1302; x_wconf 84' lang='lat' dir='ltr'><strong>alligetur</strong></span> <span class='ocrx_word' id='word_1_102' title='bbox 392 1224 430 1284; x_wconf 87' lang='lat' dir='ltr'><strong>ad</strong></span> <span class='ocrx_word' id='word_1_103' title='bbox 446 1225 632 1304; x_wconf 89' lang='lat' dir='ltr'><strong>Scripturam.</strong></span> <span class='ocrx_word' id='word_1_104' title='bbox 675 1223 718 1284; x_wconf 89' lang='lat' dir='ltr'><strong>Ut</strong></span> <span class='ocrx_word' id='word_1_105' title='bbox 737 1222 768 1282; x_wconf 90' lang='lat' dir='ltr'><strong>in</strong></span> <span class='ocrx_word' id='word_1_106' title='bbox 789 1221 951 1301; x_wconf 86' lang='lat' dir='ltr'><strong>Republica</strong></span> <span class='ocrx_word' id='word_1_107' title='bbox 972 1221 1116 1281; x_wconf 88' lang='lat' dir='ltr'><strong>sententia</strong></span> <span class='ocrx_word' id='word_1_108' title='bbox 1135 1221 1328 1298; x_wconf 72' lang='lat' dir='ltr'><strong>Magistratus</strong></span> <span class='ocrx_word' id='word_1_109' title='bbox 1342 1241 1377 1280; x_wconf 94' lang='lat' dir='ltr'><strong>eo</strong></span> <span class='ocrx_word' id='word_1_110' title='bbox 1390 1231 1454 1281; x_wconf 80' lang='lat' dir='ltr'><strong>tan·</strong></span> 
     </span>
     <span class='ocr_line' id='line_1_11' title="bbox 241 1301 1454 1384; baseline -0.003 -20"><span class='ocrx_word' id='word_1_111' title='bbox 241 1311 304 1364; x_wconf 89' lang='lat' dir='ltr'><strong>turn</strong></span> <span class='ocrx_word' id='word_1_112' title='bbox 318 1313 364 1364; x_wconf 87' lang='lat' dir='ltr'><strong>est</strong></span> <span class='ocrx_word' id='word_1_113' title='bbox 377 1303 483 1380; x_wconf 60' lang='lat' dir='ltr'><strong>valida</strong></span> <span class='ocrx_word' id='word_1_114' title='bbox 497 1313 641 1384; x_wconf 85' lang='lat' dir='ltr'><strong>quatenus</strong></span> <span class='ocrx_word' id='word_1_115' title='bbox 655 1304 735 1382; x_wconf 85' lang='lat' dir='ltr'><strong>Lege</strong></span> <span class='ocrx_word' id='word_1_116' title='bbox 756 1303 865 1378; x_wconf 88' lang='lat' dir='ltr'><strong>nititur,</strong></span> <span class='ocrx_word' id='word_1_117' title='bbox 881 1309 912 1361; x_wconf 89' lang='lat' dir='ltr'><strong>et</strong></span> <span class='ocrx_word' id='word_1_118' title='bbox 925 1301 968 1360; x_wconf 93' lang='lat' dir='ltr'><strong>illi</strong></span> <span class='ocrx_word' id='word_1_119' title='bbox 982 1311 1027 1362; x_wconf 88' lang='lat' dir='ltr'><strong>est</strong></span> <span class='ocrx_word' id='word_1_120' title='bbox 1041 1309 1255 1378; x_wconf 76' lang='lat' dir='ltr'><strong>consentanea,</strong></span> <span class='ocrx_word' id='word_1_121' title='bbox 1278 1301 1351 1360; x_wconf 84' lang='lat' dir='ltr'><strong>alias</strong></span> <span class='ocrx_word' id='word_1_122' title='bbox 1365 1301 1390 1360; x_wconf 87' lang='lat' dir='ltr'><strong>si</strong></span> <span class='ocrx_word' id='word_1_123' title='bbox 1409 1321 1454 1361; x_wconf 90' lang='lat' dir='ltr'><strong>re·</strong></span> 
     </span>
    </p>
   </div>
   <div class='ocr_carea' id='block_1_6' title="bbox 241 1381 1573 1462">
    <p class='ocr_par' dir='ltr' id='par_1_6' title="bbox 241 1381 1573 1462">
     <span class='ocr_line' id='line_1_12' title="bbox 241 1381 1573 1462; baseline -0.002 -20"><span class='ocrx_word' id='word_1_124' title='bbox 241 1393 353 1462; x_wconf 87' lang='lat' dir='ltr'><strong>pugnat</strong></span> <span class='ocrx_word' id='word_1_125' title='bbox 373 1384 454 1444; x_wconf 89' lang='lat' dir='ltr'><strong>irrita</strong></span> <span class='ocrx_word' id='word_1_126' title='bbox 474 1394 526 1461; x_wconf 85' lang='lat' dir='ltr'><strong>cst,</strong></span> <span class='ocrx_word' id='word_1_127' title='bbox 549 1393 578 1443; x_wconf 90' lang='lat' dir='ltr'><strong>et</strong></span> <span class='ocrx_word' id='word_1_128' title='bbox 599 1385 636 1443; x_wconf 86' lang='lat' dir='ltr'><strong>ab</strong></span> <span class='ocrx_word' id='word_1_129' title='bbox 650 1403 685 1443; x_wconf 88' lang='lat' dir='ltr'><strong>ea</strong></span> <span class='ocrx_word' id='word_1_130' title='bbox 705 1383 793 1442; x_wconf 90' lang='lat' dir='ltr'><strong>datur</strong></span> <span class='ocrx_word' id='word_1_131' title='bbox 811 1382 1000 1460; x_wconf 83' lang='lat' dir='ltr'><strong>provocatio:</strong></span> <span class='ocrx_word' id='word_1_132' title='bbox 1022 1382 1070 1440; x_wconf 85' lang='lat' dir='ltr'><strong>Ita</strong></span> <span class='ocrx_word' id='word_1_133' title='bbox 1091 1381 1122 1440; x_wconf 90' lang='lat' dir='ltr'><strong>in</strong></span> <span class='ocrx_word' id='word_1_134' title='bbox 1146 1381 1282 1440; x_wconf 87' lang='lat' dir='ltr'><strong>Ecclesia</strong></span> <span class='ocrx_word' id='word_1_135' title='bbox 1302 1381 1455 1441; x_wconf 82' lang='lat' dir='ltr'><strong>Pastorum</strong></span> <span class='ocrx_word' id='word_1_136' title='bbox 1572 1413 1573 1452; x_wconf 48' lang='grc' dir='ltr'>ι</span> 
     </span>
    </p>
   </div>
   <div class='ocr_carea' id='block_1_7' title="bbox 238 1461 1457 1860">
    <p class='ocr_par' dir='ltr' id='par_1_7' title="bbox 238 1461 1457 1860">
     <span class='ocr_line' id='line_1_13' title="bbox 238 1461 1454 1556; baseline -0.001 -34"><span class='ocrx_word' id='word_1_137' title='bbox 238 1463 382 1556; x_wconf 84' lang='lat' dir='ltr'><strong>judicium</strong></span> <span class='ocrx_word' id='word_1_138' title='bbox 397 1473 516 1524; x_wconf 84' lang='lat' dir='ltr'><strong>eatenus</strong></span> <span class='ocrx_word' id='word_1_139' title='bbox 530 1473 643 1524; x_wconf 89' lang='lat' dir='ltr'><strong>tantum</strong></span> <span class='ocrx_word' id='word_1_140' title='bbox 657 1463 771 1522; x_wconf 85' lang='lat' dir='ltr'><strong>admitti</strong></span> <span class='ocrx_word' id='word_1_141' title='bbox 783 1471 888 1541; x_wconf 86' lang='lat' dir='ltr'><strong>potest,</strong></span> <span class='ocrx_word' id='word_1_142' title='bbox 910 1469 1056 1540; x_wconf 87' lang='lat' dir='ltr'><strong>quatenns</strong></span> <span class='ocrx_word' id='word_1_143' title='bbox 1070 1461 1228 1541; x_wconf 77' lang='lat' dir='ltr'><strong>Scripturas</strong></span> <span class='ocrx_word' id='word_1_144' title='bbox 1242 1461 1390 1522; x_wconf 89' lang='lat' dir='ltr'><strong>conforme</strong></span> <span class='ocrx_word' id='word_1_145' title='bbox 1403 1461 1454 1521; x_wconf 86' lang='lat' dir='ltr'><strong>de-</strong></span> 
     </span>
     <span class='ocr_line' id='line_1_14' title="bbox 241 1543 1456 1700; baseline 0 -20"><span class='ocrx_word' id='word_1_146' title='bbox 241 1543 514 1682; x_wconf 52' lang='lat' dir='ltr'><strong>prelllellllillluLicet</strong></span> <span class='ocrx_word' id='word_1_147' title='bbox 530 1622 679 1700; x_wconf 79' lang='lat' dir='ltr'><strong>Scriptura</strong></span> <span class='ocrx_word' id='word_1_148' title='bbox 698 1641 757 1682; x_wconf 88' lang='lat' dir='ltr'><strong>non</strong></span> <span class='ocrx_word' id='word_1_149' title='bbox 770 1621 871 1681; x_wconf 84' lang='lat' dir='ltr'><strong>audiat</strong></span> <span class='ocrx_word' id='word_1_150' title='bbox 884 1621 1020 1698; x_wconf 88' lang='lat' dir='ltr'><strong>utrinque</strong></span> <span class='ocrx_word' id='word_1_151' title='bbox 1041 1621 1220 1699; x_wconf 81' lang='lat' dir='ltr'><strong>litigantium</strong></span> <span class='ocrx_word' id='word_1_152' title='bbox 1233 1621 1380 1698; x_wconf 86' lang='lat' dir='ltr'><strong>rationes;</strong></span> <span class='ocrx_word' id='word_1_153' title='bbox 1401 1641 1456 1680; x_wconf 87' lang='lat' dir='ltr'><strong>nec</strong></span> 
     </span>
     <span class='ocr_line' id='line_1_15' title="bbox 241 1701 1456 1779; baseline -0.001 -17"><span class='ocrx_word' id='word_1_154' title='bbox 241 1721 354 1779; x_wconf 87' lang='lat' dir='ltr'><strong>semper</strong></span> <span class='ocrx_word' id='word_1_155' title='bbox 367 1702 409 1762; x_wconf 86' lang='lat' dir='ltr'><strong>ita</strong></span> <span class='ocrx_word' id='word_1_156' title='bbox 423 1703 594 1762; x_wconf 88' lang='lat' dir='ltr'><strong>sententiam</strong></span> <span class='ocrx_word' id='word_1_157' title='bbox 609 1701 694 1776; x_wconf 86' lang='lat' dir='ltr'><strong>dicat,</strong></span> <span class='ocrx_word' id='word_1_158' title='bbox 710 1709 743 1762; x_wconf 94' lang='lat' dir='ltr'><strong>ut</strong></span> <span class='ocrx_word' id='word_1_159' title='bbox 756 1702 927 1761; x_wconf 89' lang='lat' dir='ltr'><strong>nominatim</strong></span> <span class='ocrx_word' id='word_1_160' title='bbox 940 1703 1018 1761; x_wconf 90' lang='lat' dir='ltr'><strong>hunc</strong></span> <span class='ocrx_word' id='word_1_161' title='bbox 1028 1702 1170 1776; x_wconf 85' lang='lat' dir='ltr'><strong>absolvat,</strong></span> <span class='ocrx_word' id='word_1_162' title='bbox 1183 1702 1308 1760; x_wconf 88' lang='lat' dir='ltr'><strong>alterum</strong></span> <span class='ocrx_word' id='word_1_163' title='bbox 1318 1701 1456 1761; x_wconf 89' lang='lat' dir='ltr'><strong>damnet:</strong></span> 
     </span>
     <span class='ocr_line' id='line_1_16' title="bbox 241 1781 1457 1860; baseline -0.002 -18"><span class='ocrx_word' id='word_1_164' title='bbox 241 1801 300 1842; x_wconf 91' lang='lat' dir='ltr'><strong>non</strong></span> <span class='ocrx_word' id='word_1_165' title='bbox 314 1783 445 1860; x_wconf 89' lang='lat' dir='ltr'><strong>sequitur</strong></span> <span class='ocrx_word' id='word_1_166' title='bbox 458 1802 518 1842; x_wconf 92' lang='lat' dir='ltr'><strong>non</strong></span> <span class='ocrx_word' id='word_1_167' title='bbox 531 1802 594 1842; x_wconf 91' lang='lat' dir='ltr'><strong>esse</strong></span> <span class='ocrx_word' id='word_1_168' title='bbox 608 1783 631 1842; x_wconf 89' lang='lat' dir='ltr'>J</span> <span class='ocrx_word' id='word_1_169' title='bbox 632 1782 746 1842; x_wconf 91' lang='lat' dir='ltr'><strong>udiccm</strong></span> <span class='ocrx_word' id='word_1_170' title='bbox 760 1801 904 1842; x_wconf 85' lang='lat' dir='ltr'><strong>summurn</strong></span> <span class='ocrx_word' id='word_1_171' title='bbox 918 1789 948 1841; x_wconf 89' lang='lat' dir='ltr'><strong>et</strong></span> <span class='ocrx_word' id='word_1_172' title='bbox 961 1801 1093 1841; x_wconf 88' lang='lat' dir='ltr'><strong>normam</strong></span> <span class='ocrx_word' id='word_1_173' title='bbox 1112 1781 1289 1859; x_wconf 67' lang='lat' dir='ltr'><strong>perfectam</strong></span> <span class='ocrx_word' id='word_1_174' title='bbox 1311 1782 1381 1860; x_wconf 85' lang='lat' dir='ltr'><strong>quia</strong></span> <span class='ocrx_word' id='word_1_175' title='bbox 1393 1782 1457 1841; x_wconf 74' lang='lat' dir='ltr'><strong>haec</strong></span> 
     </span>
    </p>
   </div>
   <div class='ocr_carea' id='block_1_8' title="bbox 241 1861 1574 1944">
    <p class='ocr_par' dir='ltr' id='par_1_8' title="bbox 241 1861 1574 1944">
     <span class='ocr_line' id='line_1_17' title="bbox 241 1861 1574 1944; baseline -0.002 -22"><span class='ocrx_word' id='word_1_176' title='bbox 241 1881 300 1922; x_wconf 93' lang='lat' dir='ltr'><strong>non</strong></span> <span class='ocrx_word' id='word_1_177' title='bbox 315 1871 383 1921; x_wconf 89' lang='lat' dir='ltr'><strong>sunt</strong></span> <span class='ocrx_word' id='word_1_178' title='bbox 396 1863 510 1941; x_wconf 90' lang='lat' dir='ltr'><strong>proprie</strong></span> <span class='ocrx_word' id='word_1_179' title='bbox 524 1863 650 1941; x_wconf 81' lang='lat' dir='ltr'><strong>supremi</strong></span> <span class='ocrx_word' id='word_1_180' title='bbox 663 1861 788 1938; x_wconf 78' lang='lat' dir='ltr'><strong>dudleia,</strong></span> <span class='ocrx_word' id='word_1_181' title='bbox 805 1861 856 1922; x_wconf 89' lang='lat' dir='ltr'><strong>sed</strong></span> <span class='ocrx_word' id='word_1_182' title='bbox 870 1861 1076 1938; x_wconf 88' lang='lat' dir='ltr'><strong>ministerialis,</strong></span> <span class='ocrx_word' id='word_1_183' title='bbox 1098 1862 1148 1939; x_wconf 92' lang='lat' dir='ltr'><strong>qni</strong></span> <span class='ocrx_word' id='word_1_184' title='bbox 1159 1862 1248 1940; x_wconf 85' lang='lat' dir='ltr'><strong>juxta</strong></span> <span class='ocrx_word' id='word_1_185' title='bbox 1262 1861 1376 1939; x_wconf 82' lang='lat' dir='ltr'><strong>Legem</strong></span> <span class='ocrx_word' id='word_1_186' title='bbox 1389 1881 1455 1921; x_wconf 89' lang='lat' dir='ltr'><strong>serr·</strong></span> <span class='ocrx_word' id='word_1_187' title='bbox 1573 1889 1574 1944; x_wconf 44' lang='grc' dir='ltr'>ι</span> 
     </span>
    </p>
   </div>
   <div class='ocr_carea' id='block_1_9' title="bbox 232 1941 1458 4658">
    <p class='ocr_par' dir='ltr' id='par_1_9' title="bbox 241 1941 1458 2578">
     <span class='ocr_line' id='line_1_18' title="bbox 241 1941 1457 2021; baseline -0.001 -19"><span class='ocrx_word' id='word_1_188' title='bbox 241 1942 362 2002; x_wconf 90' lang='lat' dir='ltr'><strong>tentiam</strong></span> <span class='ocrx_word' id='word_1_189' title='bbox 382 1943 456 2004; x_wconf 90' lang='lat' dir='ltr'><strong>ferre</strong></span> <span class='ocrx_word' id='word_1_190' title='bbox 477 1951 599 2020; x_wconf 89' lang='lat' dir='ltr'><strong>tenetur,</strong></span> <span class='ocrx_word' id='word_1_191' title='bbox 622 1952 652 2004; x_wconf 93' lang='lat' dir='ltr'><strong>et</strong></span> <span class='ocrx_word' id='word_1_192' title='bbox 672 1951 739 2021; x_wconf 87' lang='lat' dir='ltr'><strong>eget</strong></span> <span class='ocrx_word' id='word_1_193' title='bbox 759 1941 892 2002; x_wconf 85' lang='lat' dir='ltr'><strong>examine</strong></span> <span class='ocrx_word' id='word_1_194' title='bbox 906 1943 1033 2018; x_wconf 73' lang='lat' dir='ltr'><strong>testim,</strong></span> <span class='ocrx_word' id='word_1_195' title='bbox 1049 1942 1202 2016; x_wconf 89' lang='lat' dir='ltr'><strong>rationum,</strong></span> <span class='ocrx_word' id='word_1_196' title='bbox 1222 1951 1253 2000; x_wconf 90' lang='lat' dir='ltr'><strong>et</strong></span> <span class='ocrx_word' id='word_1_197' title='bbox 1275 1942 1457 2020; x_wconf 75' lang='lat' dir='ltr'><strong>inspectione</strong></span> 
     </span>
     <span class='ocr_line' id='line_1_19' title="bbox 241 2021 1458 2102; baseline 0 -20"><span class='ocrx_word' id='word_1_198' title='bbox 241 2023 349 2102; x_wconf 89' lang='lat' dir='ltr'><strong>legum,</strong></span> <span class='ocrx_word' id='word_1_199' title='bbox 365 2024 434 2101; x_wconf 91' lang='lat' dir='ltr'><strong>quia</strong></span> <span class='ocrx_word' id='word_1_200' title='bbox 448 2023 545 2102; x_wconf 84' lang='lat' dir='ltr'><strong>egitur</strong></span> <span class='ocrx_word' id='word_1_201' title='bbox 558 2024 594 2084; x_wconf 89' lang='lat' dir='ltr'><strong>dc</strong></span> <span class='ocrx_word' id='word_1_202' title='bbox 608 2022 685 2084; x_wconf 87' lang='lat' dir='ltr'><strong>fecto</strong></span> <span class='ocrx_word' id='word_1_203' title='bbox 698 2043 757 2082; x_wconf 92' lang='lat' dir='ltr'><strong>non</strong></span> <span class='ocrx_word' id='word_1_204' title='bbox 778 2021 814 2081; x_wconf 89' lang='lat' dir='ltr'><strong>dc</strong></span> <span class='ocrx_word' id='word_1_205' title='bbox 832 2023 908 2100; x_wconf 90' lang='lat' dir='ltr'><strong>jure.</strong></span> <span class='ocrx_word' id='word_1_206' title='bbox 950 2021 994 2081; x_wconf 88' lang='lat' dir='ltr'><strong>At</strong></span> <span class='ocrx_word' id='word_1_207' title='bbox 1014 2041 1166 2100; x_wconf 90' lang='lat' dir='ltr'><strong>supremus</strong></span> <span class='ocrx_word' id='word_1_208' title='bbox 1180 2021 1283 2082; x_wconf 83' lang='lat' dir='ltr'><strong>Jndex</strong></span> <span class='ocrx_word' id='word_1_209' title='bbox 1298 2023 1325 2080; x_wconf 91' lang='lat' dir='ltr'><strong>is</strong></span> <span class='ocrx_word' id='word_1_210' title='bbox 1339 2031 1385 2081; x_wconf 91' lang='lat' dir='ltr'><strong>est</strong></span> <span class='ocrx_word' id='word_1_211' title='bbox 1404 2021 1458 2100; x_wconf 88' lang='lat' dir='ltr'><strong>qui</strong></span> 
     </span>
     <span class='ocr_line' id='line_1_20' title="bbox 241 2100 1458 2181; baseline -0.002 -17"><span class='ocrx_word' id='word_1_212' title='bbox 241 2113 326 2164; x_wconf 83' lang='lat' dir='ltr'><strong>extra</strong></span> <span class='ocrx_word' id='word_1_213' title='bbox 338 2123 454 2164; x_wconf 89' lang='lat' dir='ltr'><strong>omnem</strong></span> <span class='ocrx_word' id='word_1_214' title='bbox 467 2104 548 2164; x_wconf 92' lang='lat' dir='ltr'><strong>litem</strong></span> <span class='ocrx_word' id='word_1_215' title='bbox 562 2104 656 2164; x_wconf 88' lang='lat' dir='ltr'><strong>sancit</strong></span> <span class='ocrx_word' id='word_1_216' title='bbox 669 2103 766 2181; x_wconf 88' lang='lat' dir='ltr'><strong>quoad</strong></span> <span class='ocrx_word' id='word_1_217' title='bbox 776 2103 827 2180; x_wconf 89' lang='lat' dir='ltr'><strong>jus</strong></span> <span class='ocrx_word' id='word_1_218' title='bbox 840 2102 1005 2162; x_wconf 83' lang='lat' dir='ltr'><strong>universale</strong></span> <span class='ocrx_word' id='word_1_219' title='bbox 1018 2101 1090 2179; x_wconf 91' lang='lat' dir='ltr'><strong>quid</strong></span> <span class='ocrx_word' id='word_1_220' title='bbox 1103 2100 1267 2161; x_wconf 87' lang='lat' dir='ltr'><strong>faciendum</strong></span> <span class='ocrx_word' id='word_1_221' title='bbox 1282 2102 1322 2161; x_wconf 92' lang='lat' dir='ltr'><strong>sit</strong></span> <span class='ocrx_word' id='word_1_222' title='bbox 1335 2111 1366 2162; x_wconf 89' lang='lat' dir='ltr'><strong>ct</strong></span> <span class='ocrx_word' id='word_1_223' title='bbox 1379 2101 1458 2179; x_wconf 86' lang='lat' dir='ltr'><strong>fugi·</strong></span> 
     </span>
     <span class='ocr_line' id='line_1_21' title="bbox 241 2181 1458 2262; baseline -0.002 -18"><span class='ocrx_word' id='word_1_224' title='bbox 241 2184 357 2260; x_wconf 90' lang='lat' dir='ltr'><strong>endum,</strong></span> <span class='ocrx_word' id='word_1_225' title='bbox 373 2185 457 2262; x_wconf 90' lang='lat' dir='ltr'><strong>cujus</strong></span> <span class='ocrx_word' id='word_1_226' title='bbox 471 2185 621 2244; x_wconf 77' lang='lat' dir='ltr'><strong>sententia</strong></span> <span class='ocrx_word' id='word_1_227' title='bbox 635 2191 769 2242; x_wconf 88' lang='lat' dir='ltr'><strong>tenentur</strong></span> <span class='ocrx_word' id='word_1_228' title='bbox 783 2181 914 2242; x_wconf 81' lang='lat' dir='ltr'><strong>adstricti</strong></span> <span class='ocrx_word' id='word_1_229' title='bbox 922 2182 1045 2242; x_wconf 88' lang='lat' dir='ltr'><strong>Judices</strong></span> <span class='ocrx_word' id='word_1_230' title='bbox 1060 2181 1235 2256; x_wconf 82' lang='lat' dir='ltr'><strong>subalterni;</strong></span> <span class='ocrx_word' id='word_1_231' title='bbox 1256 2201 1312 2241; x_wconf 89' lang='lat' dir='ltr'><strong>nec</strong></span> <span class='ocrx_word' id='word_1_232' title='bbox 1326 2201 1458 2260; x_wconf 87' lang='lat' dir='ltr'><strong>unquam</strong></span> 
     </span>
     <span class='ocr_line' id='line_1_22' title="bbox 241 2261 1458 2340; baseline 0 -18"><span class='ocrx_word' id='word_1_233' title='bbox 241 2263 350 2322; x_wconf 89' lang='lat' dir='ltr'><strong>factum</strong></span> <span class='ocrx_word' id='word_1_234' title='bbox 363 2263 440 2322; x_wconf 92' lang='lat' dir='ltr'><strong>utin</strong></span> <span class='ocrx_word' id='word_1_235' title='bbox 455 2263 583 2340; x_wconf 85' lang='lat' dir='ltr'><strong>Legibus</strong></span> <span class='ocrx_word' id='word_1_236' title='bbox 597 2282 735 2339; x_wconf 82' lang='lat' dir='ltr'><strong>expressa</strong></span> <span class='ocrx_word' id='word_1_237' title='bbox 747 2263 862 2339; x_wconf 82' lang='lat' dir='ltr'><strong>legatur</strong></span> <span class='ocrx_word' id='word_1_238' title='bbox 876 2261 1077 2321; x_wconf 84' lang='lat' dir='ltr'><strong>condemnatio</strong></span> <span class='ocrx_word' id='word_1_239' title='bbox 1092 2262 1161 2322; x_wconf 84' lang='lat' dir='ltr'><strong>Titii</strong></span> <span class='ocrx_word' id='word_1_240' title='bbox 1175 2270 1225 2321; x_wconf 87' lang='lat' dir='ltr'><strong>aut</strong></span> <span class='ocrx_word' id='word_1_241' title='bbox 1241 2261 1353 2320; x_wconf 74' lang='lat' dir='ltr'><strong>Maeuii.</strong></span> <span class='ocrx_word' id='word_1_242' title='bbox 1396 2263 1458 2322; x_wconf 85' lang='lat' dir='ltr'><strong>Hic</strong></span> 
     </span>
     <span class='ocr_line' id='line_1_23' title="bbox 241 2340 1456 2420; baseline 0.001 -20"><span class='ocrx_word' id='word_1_243' title='bbox 241 2350 338 2402; x_wconf 84' lang='lat' dir='ltr'><strong>autern</strong></span> <span class='ocrx_word' id='word_1_244' title='bbox 352 2341 394 2400; x_wconf 87' lang='lat' dir='ltr'><strong>ita</strong></span> <span class='ocrx_word' id='word_1_245' title='bbox 407 2361 438 2402; x_wconf 90' lang='lat' dir='ltr'><strong>se</strong></span> <span class='ocrx_word' id='word_1_246' title='bbox 452 2361 499 2402; x_wconf 88' lang='lat' dir='ltr'><strong>res</strong></span> <span class='ocrx_word' id='word_1_247' title='bbox 512 2341 609 2416; x_wconf 90' lang='lat' dir='ltr'><strong>habet,</strong></span> <span class='ocrx_word' id='word_1_248' title='bbox 624 2342 693 2419; x_wconf 83' lang='lat' dir='ltr'><strong>quia</strong></span> <span class='ocrx_word' id='word_1_249' title='bbox 706 2340 802 2418; x_wconf 87' lang='lat' dir='ltr'><strong>agitur</strong></span> <span class='ocrx_word' id='word_1_250' title='bbox 816 2341 846 2400; x_wconf 91' lang='lat' dir='ltr'><strong>in</strong></span> <span class='ocrx_word' id='word_1_251' title='bbox 857 2361 945 2400; x_wconf 87' lang='lat' dir='ltr'><strong>causa</strong></span> <span class='ocrx_word' id='word_1_252' title='bbox 958 2341 1026 2401; x_wconf 87' lang='lat' dir='ltr'><strong>fidei</strong></span> <span class='ocrx_word' id='word_1_253' title='bbox 1035 2341 1071 2400; x_wconf 92' lang='lat' dir='ltr'><strong>de</strong></span> <span class='ocrx_word' id='word_1_254' title='bbox 1083 2343 1158 2420; x_wconf 85' lang='lat' dir='ltr'><strong>jure,</strong></span> <span class='ocrx_word' id='word_1_255' title='bbox 1167 2362 1227 2401; x_wconf 88' lang='lat' dir='ltr'><strong>non</strong></span> <span class='ocrx_word' id='word_1_256' title='bbox 1235 2361 1307 2401; x_wconf 87' lang='lat' dir='ltr'><strong>vero</strong></span> <span class='ocrx_word' id='word_1_257' title='bbox 1321 2341 1456 2418; x_wconf 78' lang='lat' dir='ltr'><strong>defecto,</strong></span> 
     </span>
     <span class='ocr_line' id='line_1_24' title="bbox 241 2419 1458 2500; baseline 0.003 -20"><span class='ocrx_word' id='word_1_258' title='bbox 241 2440 331 2498; x_wconf 91' lang='lat' dir='ltr'><strong>quum</strong></span> <span class='ocrx_word' id='word_1_259' title='bbox 352 2421 490 2497; x_wconf 90' lang='lat' dir='ltr'><strong>quaeritur</strong></span> <span class='ocrx_word' id='word_1_260' title='bbox 510 2421 582 2498; x_wconf 91' lang='lat' dir='ltr'><strong>quid</strong></span> <span class='ocrx_word' id='word_1_261' title='bbox 602 2419 777 2479; x_wconf 90' lang='lat' dir='ltr'><strong>credendum</strong></span> <span class='ocrx_word' id='word_1_262' title='bbox 799 2420 844 2496; x_wconf 91' lang='lat' dir='ltr'><strong>sit,</strong></span> <span class='ocrx_word' id='word_1_263' title='bbox 861 2429 911 2481; x_wconf 87' lang='lat' dir='ltr'><strong>aut</strong></span> <span class='ocrx_word' id='word_1_264' title='bbox 933 2441 991 2480; x_wconf 89' lang='lat' dir='ltr'><strong>non</strong></span> <span class='ocrx_word' id='word_1_265' title='bbox 1009 2422 1192 2498; x_wconf 87' lang='lat' dir='ltr'><strong>credendum,</strong></span> <span class='ocrx_word' id='word_1_266' title='bbox 1207 2421 1287 2500; x_wconf 93' lang='lat' dir='ltr'><strong>quod</strong></span> <span class='ocrx_word' id='word_1_267' title='bbox 1301 2422 1407 2484; x_wconf 82' lang='lat' dir='ltr'><strong>Jndcx</strong></span> <span class='ocrx_word' id='word_1_268' title='bbox 1426 2433 1458 2484; x_wconf 88' lang='lat' dir='ltr'><strong>ct</strong></span> 
     </span>
     <span class='ocr_line' id='line_1_25' title="bbox 244 2499 896 2578; baseline 0 -18"><span class='ocrx_word' id='word_1_269' title='bbox 244 2499 309 2560; x_wconf 86' lang='lat' dir='ltr'><strong>Lex</strong></span> <span class='ocrx_word' id='word_1_270' title='bbox 322 2508 418 2578; x_wconf 84' lang='lat' dir='ltr'><strong>potest</strong></span> <span class='ocrx_word' id='word_1_271' title='bbox 431 2499 550 2560; x_wconf 87' lang='lat' dir='ltr'><strong>definire</strong></span> <span class='ocrx_word' id='word_1_272' title='bbox 564 2501 694 2578; x_wconf 89' lang='lat' dir='ltr'><strong>partibus</strong></span> <span class='ocrx_word' id='word_1_273' title='bbox 708 2519 767 2560; x_wconf 92' lang='lat' dir='ltr'><strong>non</strong></span> <span class='ocrx_word' id='word_1_274' title='bbox 781 2500 896 2560; x_wconf 86' lang='lat' dir='ltr'><strong>auditis.</strong></span> 
     </span>
    </p>

    <p class='ocr_par' dir='ltr' id='par_1_10' title="bbox 241 2579 1458 3059">
     <span class='ocr_line' id='line_1_26' title="bbox 283 2579 1456 2660; baseline 0.002 -20"><span class='ocrx_word' id='word_1_275' title='bbox 283 2580 378 2640; x_wconf 86' lang='lat' dir='ltr'>XIX.</span> <span class='ocrx_word' id='word_1_276' title='bbox 401 2579 468 2639; x_wconf 89' lang='lat' dir='ltr'><strong>Non</strong></span> <span class='ocrx_word' id='word_1_277' title='bbox 482 2599 554 2658; x_wconf 89' lang='lat' dir='ltr'><strong>opus</strong></span> <span class='ocrx_word' id='word_1_278' title='bbox 568 2588 613 2640; x_wconf 90' lang='lat' dir='ltr'><strong>est</strong></span> <span class='ocrx_word' id='word_1_279' title='bbox 626 2588 660 2640; x_wconf 88' lang='lat' dir='ltr'><strong>ut</strong></span> <span class='ocrx_word' id='word_1_280' title='bbox 674 2599 823 2658; x_wconf 90' lang='lat' dir='ltr'><strong>supremus</strong></span> <span class='ocrx_word' id='word_1_281' title='bbox 844 2580 946 2641; x_wconf 85' lang='lat' dir='ltr'><strong>Judex</strong></span> <span class='ocrx_word' id='word_1_282' title='bbox 960 2581 991 2639; x_wconf 91' lang='lat' dir='ltr'><strong>in</strong></span> <span class='ocrx_word' id='word_1_283' title='bbox 1008 2581 1156 2660; x_wconf 82' lang='lat' dir='ltr'><strong>Scriptura</strong></span> <span class='ocrx_word' id='word_1_284' title='bbox 1174 2581 1307 2659; x_wconf 89' lang='lat' dir='ltr'><strong>loquens,</strong></span> <span class='ocrx_word' id='word_1_285' title='bbox 1323 2581 1456 2658; x_wconf 87' lang='lat' dir='ltr'><strong>quotidie</strong></span> 
     </span>
     <span class='ocr_line' id='line_1_27' title="bbox 242 2660 1458 2739; baseline 0.002 -19"><span class='ocrx_word' id='word_1_286' title='bbox 242 2660 280 2720; x_wconf 94' lang='lat' dir='ltr'><strong>ob</strong></span> <span class='ocrx_word' id='word_1_287' title='bbox 294 2679 386 2720; x_wconf 87' lang='lat' dir='ltr'><strong>novas</strong></span> <span class='ocrx_word' id='word_1_288' title='bbox 399 2661 524 2720; x_wconf 76' lang='lat' dir='ltr'><strong>hereses</strong></span> <span class='ocrx_word' id='word_1_289' title='bbox 538 2660 663 2720; x_wconf 80' lang='lat' dir='ltr'><strong>orientes</strong></span> <span class='ocrx_word' id='word_1_290' title='bbox 676 2680 785 2720; x_wconf 85' lang='lat' dir='ltr'><strong>novum</strong></span> <span class='ocrx_word' id='word_1_291' title='bbox 799 2661 921 2720; x_wconf 87' lang='lat' dir='ltr'><strong>verbum</strong></span> <span class='ocrx_word' id='word_1_292' title='bbox 934 2661 1020 2720; x_wconf 87' lang='lat' dir='ltr'><strong>nobis</strong></span> <span class='ocrx_word' id='word_1_293' title='bbox 1033 2661 1153 2738; x_wconf 79' lang='lat' dir='ltr'><strong>afferat3</strong></span> <span class='ocrx_word' id='word_1_294' title='bbox 1175 2661 1319 2739; x_wconf 91' lang='lat' dir='ltr'><strong>siquidem</strong></span> <span class='ocrx_word' id='word_1_295' title='bbox 1328 2662 1390 2738; x_wconf 90' lang='lat' dir='ltr'><strong>ille,</strong></span> <span class='ocrx_word' id='word_1_296' title='bbox 1404 2663 1458 2739; x_wconf 89' lang='lat' dir='ltr'><strong>qui</strong></span> 
     </span>
     <span class='ocr_line' id='line_1_28' title="bbox 242 2740 1458 2821; baseline 0.002 -22"><span class='ocrx_word' id='word_1_297' title='bbox 242 2741 273 2800; x_wconf 93' lang='lat' dir='ltr'><strong>id</strong></span> <span class='ocrx_word' id='word_1_298' title='bbox 285 2740 414 2800; x_wconf 89' lang='lat' dir='ltr'><strong>futurum</strong></span> <span class='ocrx_word' id='word_1_299' title='bbox 428 2748 557 2816; x_wconf 86' lang='lat' dir='ltr'><strong>noverat,</strong></span> <span class='ocrx_word' id='word_1_300' title='bbox 572 2741 723 2800; x_wconf 84' lang='lat' dir='ltr'><strong>veritatem</strong></span> <span class='ocrx_word' id='word_1_301' title='bbox 745 2760 826 2800; x_wconf 89' lang='lat' dir='ltr'><strong>suam</strong></span> <span class='ocrx_word' id='word_1_302' title='bbox 847 2741 890 2799; x_wconf 84' lang='lat' dir='ltr'><strong>ita</strong></span> <span class='ocrx_word' id='word_1_303' title='bbox 903 2741 933 2798; x_wconf 92' lang='lat' dir='ltr'><strong>in</strong></span> <span class='ocrx_word' id='word_1_304' title='bbox 947 2741 1047 2802; x_wconf 90' lang='lat' dir='ltr'><strong>Verbo</strong></span> <span class='ocrx_word' id='word_1_305' title='bbox 1067 2742 1278 2821; x_wconf 78' lang='lat' dir='ltr'><strong>pronunciavit,</strong></span> <span class='ocrx_word' id='word_1_306' title='bbox 1294 2751 1328 2802; x_wconf 93' lang='lat' dir='ltr'><strong>ut</strong></span> <span class='ocrx_word' id='word_1_307' title='bbox 1340 2743 1458 2820; x_wconf 83' lang='lat' dir='ltr'><strong>possint</strong></span> 
     </span>
     <span class='ocr_line' id='line_1_29' title="bbox 241 2819 1456 2898; baseline 0.002 -19"><span class='ocrx_word' id='word_1_308' title='bbox 241 2841 280 2880; x_wconf 84' lang='lat' dir='ltr'><strong>ex</strong></span> <span class='ocrx_word' id='word_1_309' title='bbox 293 2839 329 2879; x_wconf 87' lang='lat' dir='ltr'><strong>ea</strong></span> <span class='ocrx_word' id='word_1_310' title='bbox 341 2819 443 2880; x_wconf 89' lang='lat' dir='ltr'><strong>fideles</strong></span> <span class='ocrx_word' id='word_1_311' title='bbox 462 2819 587 2880; x_wconf 89' lang='lat' dir='ltr'><strong>ministri</strong></span> <span class='ocrx_word' id='word_1_312' title='bbox 607 2819 759 2880; x_wconf 89' lang='lat' dir='ltr'><strong>veritatem</strong></span> <span class='ocrx_word' id='word_1_313' title='bbox 780 2820 958 2880; x_wconf 75' lang='lat' dir='ltr'><strong>catholicam</strong></span> <span class='ocrx_word' id='word_1_314' title='bbox 979 2841 1154 2898; x_wconf 75' lang='lat' dir='ltr'><strong>agnoscere,</strong></span> <span class='ocrx_word' id='word_1_315' title='bbox 1176 2830 1206 2881; x_wconf 89' lang='lat' dir='ltr'><strong>et</strong></span> <span class='ocrx_word' id='word_1_316' title='bbox 1219 2841 1331 2880; x_wconf 87' lang='lat' dir='ltr'><strong>errores</strong></span> <span class='ocrx_word' id='word_1_317' title='bbox 1352 2841 1456 2882; x_wconf 88' lang='lat' dir='ltr'><strong>omnes</strong></span> 
     </span>
     <span class='ocr_line' id='line_1_30' title="bbox 241 2900 1454 2979; baseline 0.002 -19"><span class='ocrx_word' id='word_1_318' title='bbox 241 2921 280 2960; x_wconf 86' lang='lat' dir='ltr'><strong>ex</strong></span> <span class='ocrx_word' id='word_1_319' title='bbox 294 2920 328 2959; x_wconf 88' lang='lat' dir='ltr'><strong>ea</strong></span> <span class='ocrx_word' id='word_1_320' title='bbox 342 2900 481 2962; x_wconf 78' lang='lat' dir='ltr'><strong>refellere.</strong></span> <span class='ocrx_word' id='word_1_321' title='bbox 524 2901 603 2960; x_wconf 91' lang='lat' dir='ltr'><strong>Hinc</strong></span> <span class='ocrx_word' id='word_1_322' title='bbox 618 2901 720 2961; x_wconf 89' lang='lat' dir='ltr'><strong>Patres</strong></span> <span class='ocrx_word' id='word_1_323' title='bbox 740 2919 778 2960; x_wconf 88' lang='lat' dir='ltr'><strong>ex</strong></span> <span class='ocrx_word' id='word_1_324' title='bbox 794 2901 942 2979; x_wconf 84' lang='lat' dir='ltr'><strong>Scriptura</strong></span> <span class='ocrx_word' id='word_1_325' title='bbox 962 2901 1088 2962; x_wconf 81' lang='lat' dir='ltr'><strong>haereses</strong></span> <span class='ocrx_word' id='word_1_326' title='bbox 1102 2901 1224 2979; x_wconf 88' lang='lat' dir='ltr'><strong>Pelagii,</strong></span> <span class='ocrx_word' id='word_1_327' title='bbox 1239 2901 1330 2976; x_wconf 82' lang='lat' dir='ltr'><strong>Arrii,</strong></span> <span class='ocrx_word' id='word_1_328' title='bbox 1354 2901 1454 2962; x_wconf 82' lang='lat' dir='ltr'><strong>Macc-</strong></span> 
     </span>
     <span class='ocr_line' id='line_1_31' title="bbox 241 2980 1440 3059; baseline 0.002 -20"><span class='ocrx_word' id='word_1_329' title='bbox 241 2981 321 3040; x_wconf 92' lang='lat' dir='ltr'><strong>donii</strong></span> <span class='ocrx_word' id='word_1_330' title='bbox 336 2990 365 3040; x_wconf 88' lang='lat' dir='ltr'><strong>et</strong></span> <span class='ocrx_word' id='word_1_331' title='bbox 379 2981 501 3042; x_wconf 82' lang='lat' dir='ltr'><strong>aliorum</strong></span> <span class='ocrx_word' id='word_1_332' title='bbox 516 2981 689 3041; x_wconf 89' lang='lat' dir='ltr'><strong>solidissime</strong></span> <span class='ocrx_word' id='word_1_333' title='bbox 702 2980 871 3055; x_wconf 74' lang='lat' dir='ltr'><strong>refutarunt,</strong></span> <span class='ocrx_word' id='word_1_334' title='bbox 886 2981 956 3042; x_wconf 88' lang='lat' dir='ltr'><strong>licet</strong></span> <span class='ocrx_word' id='word_1_335' title='bbox 969 2981 1042 3039; x_wconf 90' lang='lat' dir='ltr'><strong>nihil</strong></span> <span class='ocrx_word' id='word_1_336' title='bbox 1056 2981 1093 3042; x_wconf 91' lang='lat' dir='ltr'><strong>de</strong></span> <span class='ocrx_word' id='word_1_337' title='bbox 1107 2981 1167 3042; x_wconf 91' lang='lat' dir='ltr'><strong>illis</strong></span> <span class='ocrx_word' id='word_1_338' title='bbox 1180 3001 1317 3059; x_wconf 84' lang='lat' dir='ltr'><strong>expresse</strong></span> <span class='ocrx_word' id='word_1_339' title='bbox 1332 2981 1440 3041; x_wconf 75' lang='lat' dir='ltr'><strong>tradat.</strong></span> 
     </span>
    </p>

    <p class='ocr_par' dir='ltr' id='par_1_11' title="bbox 232 3059 1457 4179">
     <span class='ocr_line' id='line_1_32' title="bbox 285 3059 1456 3140; baseline 0.002 -20"><span class='ocrx_word' id='word_1_340' title='bbox 285 3061 364 3122; x_wconf 86' lang='lat' dir='ltr'><strong>XX.</strong></span> <span class='ocrx_word' id='word_1_341' title='bbox 397 3062 464 3122; x_wconf 91' lang='lat' dir='ltr'><strong>Non</strong></span> <span class='ocrx_word' id='word_1_342' title='bbox 491 3081 609 3122; x_wconf 89' lang='lat' dir='ltr'><strong>necesse</strong></span> <span class='ocrx_word' id='word_1_343' title='bbox 634 3070 679 3122; x_wconf 90' lang='lat' dir='ltr'><strong>est</strong></span> <span class='ocrx_word' id='word_1_344' title='bbox 705 3061 768 3121; x_wconf 85' lang='lat' dir='ltr'><strong>dari</strong></span> <span class='ocrx_word' id='word_1_345' title='bbox 792 3060 929 3121; x_wconf 90' lang='lat' dir='ltr'><strong>Judicem</strong></span> <span class='ocrx_word' id='word_1_346' title='bbox 957 3059 1139 3122; x_wconf 83' lang='lat' dir='ltr'><strong>infallibilem</strong></span> <span class='ocrx_word' id='word_1_347' title='bbox 1165 3061 1320 3137; x_wconf 86' lang='lat' dir='ltr'><strong>visibilem,</strong></span> <span class='ocrx_word' id='word_1_348' title='bbox 1348 3071 1456 3140; x_wconf 71' lang='lat' dir='ltr'><strong>prater</strong></span> 
     </span>
     <span class='ocr_line' id='line_1_33' title="bbox 244 3141 1454 3220; baseline 0.002 -20"><span class='ocrx_word' id='word_1_349' title='bbox 244 3141 423 3220; x_wconf 88' lang='lat' dir='ltr'><strong>Scripturam</strong></span> <span class='ocrx_word' id='word_1_350' title='bbox 436 3141 475 3201; x_wconf 89' lang='lat' dir='ltr'><strong>ad</strong></span> <span class='ocrx_word' id='word_1_351' title='bbox 488 3142 701 3220; x_wconf 89' lang='lat' dir='ltr'><strong>componendas</strong></span> <span class='ocrx_word' id='word_1_352' title='bbox 715 3161 815 3203; x_wconf 87' lang='lat' dir='ltr'><strong>omnes</strong></span> <span class='ocrx_word' id='word_1_353' title='bbox 830 3141 1056 3216; x_wconf 83' lang='lat' dir='ltr'><strong>Controversios,</strong></span> <span class='ocrx_word' id='word_1_354' title='bbox 1075 3145 1101 3202; x_wconf 92' lang='lat' dir='ltr'><strong>l.</strong></span> <span class='ocrx_word' id='word_1_355' title='bbox 1124 3141 1181 3217; x_wconf 89' lang='lat' dir='ltr'><strong>Qui</strong></span> <span class='ocrx_word' id='word_1_356' title='bbox 1194 3141 1261 3200; x_wconf 88' lang='lat' dir='ltr'><strong>finis</strong></span> <span class='ocrx_word' id='word_1_357' title='bbox 1276 3141 1454 3202; x_wconf 86' lang='lat' dir='ltr'><strong>Controver-</strong></span> 
     </span>
     <span class='ocr_line' id='line_1_34' title="bbox 242 3221 1457 3300; baseline 0.002 -21"><span class='ocrx_word' id='word_1_358' title='bbox 242 3221 350 3280; x_wconf 88' lang='lat' dir='ltr'><strong>siarum</strong></span> <span class='ocrx_word' id='word_1_359' title='bbox 360 3243 419 3281; x_wconf 93' lang='lat' dir='ltr'><strong>non</strong></span> <span class='ocrx_word' id='word_1_360' title='bbox 428 3222 587 3300; x_wconf 84' lang='lat' dir='ltr'><strong>sperandus</strong></span> <span class='ocrx_word' id='word_1_361' title='bbox 602 3231 646 3282; x_wconf 88' lang='lat' dir='ltr'><strong>est</strong></span> <span class='ocrx_word' id='word_1_362' title='bbox 657 3222 686 3280; x_wconf 93' lang='lat' dir='ltr'><strong>in</strong></span> <span class='ocrx_word' id='word_1_363' title='bbox 697 3222 752 3282; x_wconf 86' lang='lat' dir='ltr'><strong>hac</strong></span> <span class='ocrx_word' id='word_1_364' title='bbox 763 3221 831 3296; x_wconf 84' lang='lat' dir='ltr'><strong>vita,</strong></span> <span class='ocrx_word' id='word_1_365' title='bbox 843 3241 951 3280; x_wconf 75' lang='lat' dir='ltr'><strong>maesse</strong></span> <span class='ocrx_word' id='word_1_366' title='bbox 959 3221 1032 3279; x_wconf 82' lang='lat' dir='ltr'><strong>caim</strong></span> <span class='ocrx_word' id='word_1_367' title='bbox 1041 3224 1210 3282; x_wconf 72' lang='lat' dir='ltr'><strong>cattorosco</strong></span> <span class='ocrx_word' id='word_1_368' title='bbox 1220 3243 1285 3296; x_wconf 71' lang='lat' dir='ltr'><strong>esu,</strong></span> <span class='ocrx_word' id='word_1_369' title='bbox 1297 3221 1457 3298; x_wconf 82' lang='lat' dir='ltr'><strong>ctprobata&#39;</strong></span> 
     </span>
     <span class='ocr_line' id='line_1_35' title="bbox 242 3301 1453 3379; baseline 0.003 -21"><span class='ocrx_word' id='word_1_370' title='bbox 242 3302 461 3376; x_wconf 66' lang='lat' dir='ltr'><strong>manifestentur,</strong></span> <span class='ocrx_word' id='word_1_371' title='bbox 474 3305 489 3360; x_wconf 96' lang='grc'>1</span> <span class='ocrx_word' id='word_1_372' title='bbox 506 3303 570 3361; x_wconf 81' lang='lat' dir='ltr'><strong>Gor.</strong></span> <span class='ocrx_word' id='word_1_373' title='bbox 586 3303 627 3360; x_wconf 87' lang='lat' dir='ltr'><strong>xi.</strong></span> <span class='ocrx_word' id='word_1_374' title='bbox 645 3305 691 3361; x_wconf 88' lang='grc'><strong>19.</strong></span> <span class='ocrx_word' id='word_1_375' title='bbox 734 3301 941 3378; x_wconf 81' lang='lat' dir='ltr'><strong>Apostolorum</strong></span> <span class='ocrx_word' id='word_1_376' title='bbox 955 3309 1083 3378; x_wconf 84' lang='lat' dir='ltr'><strong>tempore</strong></span> <span class='ocrx_word' id='word_1_377' title='bbox 1093 3302 1156 3379; x_wconf 88' lang='lat' dir='ltr'><strong>jam</strong></span> <span class='ocrx_word' id='word_1_378' title='bbox 1171 3303 1259 3360; x_wconf 83' lang='lat' dir='ltr'><strong>varies</strong></span> <span class='ocrx_word' id='word_1_379' title='bbox 1273 3301 1453 3379; x_wconf 88' lang='lat' dir='ltr'><strong>irrepserunt</strong></span> 
     </span>
     <span class='ocr_line' id='line_1_36' title="bbox 241 3379 1453 3458; baseline 0.005 -22"><span class='ocrx_word' id='word_1_380' title='bbox 241 3380 419 3455; x_wconf 76' lang='lat' dir='ltr'><strong>corruptele,</strong></span> <span class='ocrx_word' id='word_1_381' title='bbox 441 3400 506 3457; x_wconf 84' lang='lat' dir='ltr'><strong>quae</strong></span> <span class='ocrx_word' id='word_1_382' title='bbox 526 3382 611 3458; x_wconf 86' lang='lat' dir='ltr'><strong>plane</strong></span> <span class='ocrx_word' id='word_1_383' title='bbox 631 3381 752 3440; x_wconf 77' lang='lat' dir='ltr'><strong>subutae</strong></span> <span class='ocrx_word' id='word_1_384' title='bbox 770 3401 829 3438; x_wconf 89' lang='lat' dir='ltr'><strong>non</strong></span> <span class='ocrx_word' id='word_1_385' title='bbox 849 3379 973 3440; x_wconf 87' lang='lat' dir='ltr'><strong>fuorunt.</strong></span> <span class='ocrx_word' id='word_1_386' title='bbox 1015 3385 1043 3440; x_wconf 77' lang='grc'><strong>2.</strong></span> <span class='ocrx_word' id='word_1_387' title='bbox 1064 3380 1159 3440; x_wconf 88' lang='lat' dir='ltr'><strong>Aliud</strong></span> <span class='ocrx_word' id='word_1_388' title='bbox 1177 3389 1223 3442; x_wconf 87' lang='lat' dir='ltr'><strong>ost</strong></span> <span class='ocrx_word' id='word_1_389' title='bbox 1241 3383 1400 3442; x_wconf 78' lang='lat' dir='ltr'><strong>ccrwincerc</strong></span> <span class='ocrx_word' id='word_1_390' title='bbox 1413 3385 1453 3442; x_wconf 85' lang='lat' dir='ltr'><strong>de</strong></span> 
     </span>
     <span class='ocr_line' id='line_1_37' title="bbox 232 3457 1448 3540; baseline 0.006 -25"><span class='ocrx_word' id='word_1_391' title='bbox 232 3459 317 3532; x_wconf 83' lang='lat' dir='ltr'><strong>sacto</strong></span> <span class='ocrx_word' id='word_1_392' title='bbox 332 3457 550 3534; x_wconf 86' lang='lat' dir='ltr'><strong>Adversarium,</strong></span> <span class='ocrx_word' id='word_1_393' title='bbox 566 3461 650 3520; x_wconf 90' lang='lat' dir='ltr'><strong>atilli</strong></span> <span class='ocrx_word' id='word_1_394' title='bbox 671 3477 703 3519; x_wconf 87' lang='lat' dir='ltr'><strong>os</strong></span> <span class='ocrx_word' id='word_1_395' title='bbox 717 3460 875 3535; x_wconf 87' lang='lat' dir='ltr'><strong>obstruere,</strong></span> <span class='ocrx_word' id='word_1_396' title='bbox 891 3460 1097 3539; x_wconf 87' lang='lat' dir='ltr'><strong>nequicquam</strong></span> <span class='ocrx_word' id='word_1_397' title='bbox 1116 3471 1253 3540; x_wconf 88' lang='lat' dir='ltr'><strong>reponat;</strong></span> <span class='ocrx_word' id='word_1_398' title='bbox 1276 3461 1369 3522; x_wconf 87' lang='lat' dir='ltr'><strong>Aliud</strong></span> <span class='ocrx_word' id='word_1_399' title='bbox 1381 3481 1448 3522; x_wconf 83' lang='lat' dir='ltr'><strong>con·</strong></span> 
     </span>
     <span class='ocr_line' id='line_1_38' title="bbox 240 3537 1452 3620; baseline 0.005 -24"><span class='ocrx_word' id='word_1_400' title='bbox 240 3537 349 3597; x_wconf 81' lang='lat' dir='ltr'><strong>vincere</strong></span> <span class='ocrx_word' id='word_1_401' title='bbox 363 3541 398 3596; x_wconf 85' lang='lat' dir='ltr'><strong>de</strong></span> <span class='ocrx_word' id='word_1_402' title='bbox 411 3541 488 3614; x_wconf 82' lang='lat' dir='ltr'><strong>jore,</strong></span> <span class='ocrx_word' id='word_1_403' title='bbox 503 3547 537 3598; x_wconf 92' lang='lat' dir='ltr'><strong>ut</strong></span> <span class='ocrx_word' id='word_1_404' title='bbox 549 3539 656 3598; x_wconf 87' lang='lat' dir='ltr'><strong>habeat</strong></span> <span class='ocrx_word' id='word_1_405' title='bbox 669 3539 745 3600; x_wconf 88' lang='lat' dir='ltr'><strong>unde</strong></span> <span class='ocrx_word' id='word_1_406' title='bbox 760 3538 935 3600; x_wconf 87' lang='lat' dir='ltr'><strong>sufficienter</strong></span> <span class='ocrx_word' id='word_1_407' title='bbox 948 3541 1082 3601; x_wconf 86' lang='lat' dir='ltr'><strong>convinci</strong></span> <span class='ocrx_word' id='word_1_408' title='bbox 1100 3542 1201 3620; x_wconf 80' lang='lat' dir='ltr'><strong>possit,</strong></span> <span class='ocrx_word' id='word_1_409' title='bbox 1216 3541 1274 3601; x_wconf 89' lang='lat' dir='ltr'><strong>nisi</strong></span> <span class='ocrx_word' id='word_1_410' title='bbox 1294 3552 1452 3602; x_wconf 80' lang='lat' dir='ltr'><strong>contumax</strong></span> 
     </span>
     <span class='ocr_line' id='line_1_39' title="bbox 242 3616 1451 3700; baseline 0.003 -23"><span class='ocrx_word' id='word_1_411' title='bbox 242 3617 297 3677; x_wconf 91' lang='lat' dir='ltr'><strong>sit:</strong></span> <span class='ocrx_word' id='word_1_412' title='bbox 318 3616 401 3678; x_wconf 89' lang='lat' dir='ltr'><strong>Licet</strong></span> <span class='ocrx_word' id='word_1_413' title='bbox 413 3619 562 3695; x_wconf 86' lang='lat' dir='ltr'><strong>Scriptura</strong></span> <span class='ocrx_word' id='word_1_414' title='bbox 571 3619 651 3696; x_wconf 87' lang='lat' dir='ltr'><strong>prius</strong></span> <span class='ocrx_word' id='word_1_415' title='bbox 662 3638 721 3678; x_wconf 92' lang='lat' dir='ltr'><strong>non</strong></span> <span class='ocrx_word' id='word_1_416' title='bbox 732 3618 819 3678; x_wconf 90' lang='lat' dir='ltr'><strong>faciat</strong></span> <span class='ocrx_word' id='word_1_417' title='bbox 829 3637 943 3697; x_wconf 89' lang='lat' dir='ltr'><strong>semper</strong></span> <span class='ocrx_word' id='word_1_418' title='bbox 952 3630 1069 3698; x_wconf 90' lang='lat' dir='ltr'><strong>propter</strong></span> <span class='ocrx_word' id='word_1_419' title='bbox 1084 3622 1233 3682; x_wconf 89' lang='lat' dir='ltr'><strong>hominum</strong></span> <span class='ocrx_word' id='word_1_420' title='bbox 1248 3622 1451 3700; x_wconf 75' lang='lat' dir='ltr'><strong>pervicacmm,</strong></span> 
     </span>
     <span class='ocr_line' id='line_1_40' title="bbox 241 3697 1453 3780; baseline 0.005 -24"><span class='ocrx_word' id='word_1_421' title='bbox 241 3697 311 3758; x_wconf 88' lang='lat' dir='ltr'><strong>facit</strong></span> <span class='ocrx_word' id='word_1_422' title='bbox 324 3705 421 3758; x_wconf 85' lang='lat' dir='ltr'><strong>temen</strong></span> <span class='ocrx_word' id='word_1_423' title='bbox 434 3717 548 3776; x_wconf 91' lang='lat' dir='ltr'><strong>semper</strong></span> <span class='ocrx_word' id='word_1_424' title='bbox 565 3698 717 3776; x_wconf 89' lang='lat' dir='ltr'><strong>posterius,</strong></span> <span class='ocrx_word' id='word_1_425' title='bbox 732 3698 812 3776; x_wconf 92' lang='lat' dir='ltr'><strong>quod</strong></span> <span class='ocrx_word' id='word_1_426' title='bbox 831 3699 944 3758; x_wconf 89' lang='lat' dir='ltr'><strong>sufficit.</strong></span> <span class='ocrx_word' id='word_1_427' title='bbox 987 3704 1015 3760; x_wconf 87' lang='lat'><strong>3.</strong></span> <span class='ocrx_word' id='word_1_428' title='bbox 1039 3701 1125 3761; x_wconf 87' lang='lat' dir='ltr'><strong>Utin</strong></span> <span class='ocrx_word' id='word_1_429' title='bbox 1139 3703 1213 3780; x_wconf 88' lang='lat' dir='ltr'><strong>Rep.</strong></span> <span class='ocrx_word' id='word_1_430' title='bbox 1227 3702 1302 3762; x_wconf 91' lang='lat' dir='ltr'><strong>bene</strong></span> <span class='ocrx_word' id='word_1_431' title='bbox 1317 3702 1453 3762; x_wconf 80' lang='lat' dir='ltr'><strong>ordinata</strong></span> 
     </span>
     <span class='ocr_line' id='line_1_41' title="bbox 242 3777 1451 3860; baseline 0.002 -22"><span class='ocrx_word' id='word_1_432' title='bbox 242 3777 348 3839; x_wconf 88' lang='lat' dir='ltr'><strong>sufficit</strong></span> <span class='ocrx_word' id='word_1_433' title='bbox 361 3779 524 3838; x_wconf 87' lang='lat' dir='ltr'><strong>essebones</strong></span> <span class='ocrx_word' id='word_1_434' title='bbox 539 3778 634 3858; x_wconf 85' lang='lat' dir='ltr'><strong>Leges</strong></span> <span class='ocrx_word' id='word_1_435' title='bbox 645 3799 683 3838; x_wconf 92' lang='lat' dir='ltr'><strong>ex</strong></span> <span class='ocrx_word' id='word_1_436' title='bbox 697 3779 803 3856; x_wconf 87' lang='lat' dir='ltr'><strong>quibus</strong></span> <span class='ocrx_word' id='word_1_437' title='bbox 817 3782 851 3837; x_wconf 74' lang='grc' dir='ltr'><strong>τὰ</strong></span> <span class='ocrx_word' id='word_1_438' title='bbox 866 3779 921 3838; x_wconf 69' lang='lat' dir='ltr'><strong>eat*</strong></span> <span class='ocrx_word' id='word_1_439' title='bbox 934 3778 1033 3840; x_wconf 70' lang='lat' dir='ltr'><strong>i&#39;mva</strong></span> <span class='ocrx_word' id='word_1_440' title='bbox 1048 3781 1174 3859; x_wconf 90' lang='lat' dir='ltr'><strong>judicari</strong></span> <span class='ocrx_word' id='word_1_441' title='bbox 1187 3782 1301 3860; x_wconf 88' lang='lat' dir='ltr'><strong>possint</strong></span> <span class='ocrx_word' id='word_1_442' title='bbox 1314 3803 1333 3841; x_wconf 89' lang='lat' dir='ltr'><strong>a</strong></span> <span class='ocrx_word' id='word_1_443' title='bbox 1343 3783 1451 3860; x_wconf 87' lang='lat' dir='ltr'><strong>judici-</strong></span> 
     </span>
     <span class='ocr_line' id='line_1_42' title="bbox 240 3858 1450 3940; baseline 0.002 -21"><span class='ocrx_word' id='word_1_444' title='bbox 240 3859 296 3919; x_wconf 91' lang='lat' dir='ltr'><strong>bus</strong></span> <span class='ocrx_word' id='word_1_445' title='bbox 311 3859 501 3935; x_wconf 89' lang='lat' dir='ltr'><strong>subaltemis;</strong></span> <span class='ocrx_word' id='word_1_446' title='bbox 524 3859 571 3918; x_wconf 87' lang='lat' dir='ltr'><strong>Ita</strong></span> <span class='ocrx_word' id='word_1_447' title='bbox 584 3859 614 3918; x_wconf 89' lang='lat' dir='ltr'><strong>in</strong></span> <span class='ocrx_word' id='word_1_448' title='bbox 630 3858 762 3920; x_wconf 88' lang='lat' dir='ltr'><strong>Ecclesia</strong></span> <span class='ocrx_word' id='word_1_449' title='bbox 775 3859 880 3920; x_wconf 89' lang='lat' dir='ltr'><strong>sufficit</strong></span> <span class='ocrx_word' id='word_1_450' title='bbox 894 3859 957 3920; x_wconf 86' lang='lat' dir='ltr'><strong>dari</strong></span> <span class='ocrx_word' id='word_1_451' title='bbox 972 3863 1100 3922; x_wconf 89' lang='lat' dir='ltr'><strong>Verbum</strong></span> <span class='ocrx_word' id='word_1_452' title='bbox 1123 3863 1269 3940; x_wconf 89' lang='lat' dir='ltr'><strong>Scriptum</strong></span> <span class='ocrx_word' id='word_1_453' title='bbox 1286 3861 1450 3938; x_wconf 87' lang='lat' dir='ltr'><strong>infallibile,</strong></span> 
     </span>
     <span class='ocr_line' id='line_1_43' title="bbox 240 3939 1451 4020; baseline 0.002 -20"><span class='ocrx_word' id='word_1_454' title='bbox 240 3939 318 4000; x_wconf 90' lang='lat' dir='ltr'><strong>unde</strong></span> <span class='ocrx_word' id='word_1_455' title='bbox 340 3939 448 4018; x_wconf 86' lang='lat' dir='ltr'><strong>singuli</strong></span> <span class='ocrx_word' id='word_1_456' title='bbox 474 3939 609 4000; x_wconf 87' lang='lat' dir='ltr'><strong>Pastores</strong></span> <span class='ocrx_word' id='word_1_457' title='bbox 631 3957 760 3998; x_wconf 89' lang='lat' dir='ltr'><strong>nonnam</strong></span> <span class='ocrx_word' id='word_1_458' title='bbox 779 3939 885 4017; x_wconf 89' lang='lat' dir='ltr'><strong>judicii</strong></span> <span class='ocrx_word' id='word_1_459' title='bbox 906 3951 1006 4018; x_wconf 90' lang='lat' dir='ltr'><strong>petant</strong></span> <span class='ocrx_word' id='word_1_460' title='bbox 1028 3942 1060 4000; x_wconf 92' lang='lat' dir='ltr'><strong>in</strong></span> <span class='ocrx_word' id='word_1_461' title='bbox 1081 3941 1204 4020; x_wconf 85' lang='lat' dir='ltr'><strong>singulis</strong></span> <span class='ocrx_word' id='word_1_462' title='bbox 1226 3943 1451 4002; x_wconf 73' lang='lat' dir='ltr'><strong>controversiis.</strong></span> 
     </span>
     <span class='ocr_line' id='line_1_44' title="bbox 241 4019 1452 4099; baseline 0.002 -19"><span class='ocrx_word' id='word_1_463' title='bbox 241 4023 269 4080; x_wconf 87' lang='lat'><strong>4.</strong></span> <span class='ocrx_word' id='word_1_464' title='bbox 292 4019 393 4080; x_wconf 84' lang='lat' dir='ltr'><strong>Judex</strong></span> <span class='ocrx_word' id='word_1_465' title='bbox 407 4020 531 4081; x_wconf 80' lang='lat' dir='ltr'><strong>visibilis</strong></span> <span class='ocrx_word' id='word_1_466' title='bbox 545 4019 623 4098; x_wconf 89' lang='lat' dir='ltr'><strong>apud</strong></span> <span class='ocrx_word' id='word_1_467' title='bbox 642 4019 811 4080; x_wconf 90' lang='lat' dir='ltr'><strong>Pontificios</strong></span> <span class='ocrx_word' id='word_1_468' title='bbox 828 4040 887 4078; x_wconf 91' lang='lat' dir='ltr'><strong>non</strong></span> <span class='ocrx_word' id='word_1_469' title='bbox 907 4020 1028 4099; x_wconf 91' lang='lat' dir='ltr'><strong>impedit</strong></span> <span class='ocrx_word' id='word_1_470' title='bbox 1047 4022 1201 4099; x_wconf 87' lang='lat' dir='ltr'><strong>quominus</strong></span> <span class='ocrx_word' id='word_1_471' title='bbox 1222 4022 1344 4082; x_wconf 83' lang='lat' dir='ltr'><strong>infinitas</strong></span> <span class='ocrx_word' id='word_1_472' title='bbox 1358 4043 1452 4082; x_wconf 88' lang='lat' dir='ltr'><strong>emer-</strong></span> 
     </span>
     <span class='ocr_line' id='line_1_45' title="bbox 240 4099 1453 4179; baseline 0.002 -19"><span class='ocrx_word' id='word_1_473' title='bbox 240 4100 331 4160; x_wconf 87' lang='lat' dir='ltr'><strong>serint</strong></span> <span class='ocrx_word' id='word_1_474' title='bbox 345 4100 556 4176; x_wconf 85' lang='lat' dir='ltr'><strong>controversiae,</strong></span> <span class='ocrx_word' id='word_1_475' title='bbox 573 4119 637 4178; x_wconf 77' lang='lat' dir='ltr'><strong>quse</strong></span> <span class='ocrx_word' id='word_1_476' title='bbox 651 4099 779 4160; x_wconf 88' lang='lat' dir='ltr'><strong>nondum</strong></span> <span class='ocrx_word' id='word_1_477' title='bbox 794 4101 956 4178; x_wconf 90' lang='lat' dir='ltr'><strong>composuit</strong></span> <span class='ocrx_word' id='word_1_478' title='bbox 967 4121 1020 4179; x_wconf 90' lang='lat' dir='ltr'><strong>pro</strong></span> <span class='ocrx_word' id='word_1_479' title='bbox 1036 4101 1182 4162; x_wconf 85' lang='lat' dir='ltr'><strong>infallibili</strong></span> <span class='ocrx_word' id='word_1_480' title='bbox 1196 4123 1250 4162; x_wconf 90' lang='lat' dir='ltr'><strong>sna</strong></span> <span class='ocrx_word' id='word_1_481' title='bbox 1262 4103 1453 4163; x_wconf 86' lang='lat' dir='ltr'><strong>authoritate.</strong></span> 
     </span>
    </p>

    <p class='ocr_par' dir='ltr' id='par_1_12' title="bbox 240 4179 1454 4573">
     <span class='ocr_line' id='line_1_46' title="bbox 282 4179 1454 4259; baseline 0.005 -22"><span class='ocrx_word' id='word_1_482' title='bbox 282 4179 378 4239; x_wconf 89' lang='lat' dir='ltr'>XXI.</span> <span class='ocrx_word' id='word_1_483' title='bbox 402 4181 550 4259; x_wconf 88' lang='lat' dir='ltr'><strong>Scriptura</strong></span> <span class='ocrx_word' id='word_1_484' title='bbox 563 4181 659 4241; x_wconf 87' lang='lat' dir='ltr'><strong>varios</strong></span> <span class='ocrx_word' id='word_1_485' title='bbox 680 4189 709 4240; x_wconf 92' lang='lat' dir='ltr'><strong>et</strong></span> <span class='ocrx_word' id='word_1_486' title='bbox 729 4180 881 4257; x_wconf 85' lang='lat' dir='ltr'><strong>ambiguos</strong></span> <span class='ocrx_word' id='word_1_487' title='bbox 902 4201 1005 4240; x_wconf 88' lang='lat' dir='ltr'><strong>sensus</strong></span> <span class='ocrx_word' id='word_1_488' title='bbox 1026 4182 1121 4257; x_wconf 75' lang='lat' dir='ltr'><strong>habet,</strong></span> <span class='ocrx_word' id='word_1_489' title='bbox 1144 4201 1203 4242; x_wconf 91' lang='lat' dir='ltr'><strong>non</strong></span> <span class='ocrx_word' id='word_1_490' title='bbox 1225 4203 1263 4241; x_wconf 83' lang='lat' dir='ltr'><strong>cx</strong></span> <span class='ocrx_word' id='word_1_491' title='bbox 1283 4191 1389 4243; x_wconf 86' lang='lat' dir='ltr'><strong>natura</strong></span> <span class='ocrx_word' id='word_1_492' title='bbox 1410 4184 1454 4243; x_wconf 89' lang='lat' dir='ltr'><strong>rei</strong></span> 
     </span>
     <span class='ocr_line' id='line_1_47' title="bbox 240 4257 1451 4341; baseline 0.003 -23"><span class='ocrx_word' id='word_1_493' title='bbox 240 4257 396 4336; x_wconf 80' lang='lat' dir='ltr'><strong>affirmatur,</strong></span> <span class='ocrx_word' id='word_1_494' title='bbox 412 4270 463 4322; x_wconf 86' lang='lat' dir='ltr'><strong>aut</strong></span> <span class='ocrx_word' id='word_1_495' title='bbox 482 4261 641 4322; x_wconf 89' lang='lat' dir='ltr'><strong>intentione</strong></span> <span class='ocrx_word' id='word_1_496' title='bbox 656 4260 831 4336; x_wconf 83' lang='lat' dir='ltr'><strong>affirmantis,</strong></span> <span class='ocrx_word' id='word_1_497' title='bbox 848 4259 899 4319; x_wconf 90' lang='lat' dir='ltr'><strong>sed</strong></span> <span class='ocrx_word' id='word_1_498' title='bbox 920 4281 956 4319; x_wconf 84' lang='lat' dir='ltr'><strong>ex</strong></span> <span class='ocrx_word' id='word_1_499' title='bbox 978 4261 1092 4320; x_wconf 88' lang='lat' dir='ltr'><strong>inscitia</strong></span> <span class='ocrx_word' id='word_1_500' title='bbox 1108 4270 1160 4322; x_wconf 91' lang='lat' dir='ltr'><strong>aut</strong></span> <span class='ocrx_word' id='word_1_501' title='bbox 1178 4262 1337 4341; x_wconf 82' lang='lat' dir='ltr'><strong>pertinacia</strong></span> <span class='ocrx_word' id='word_1_502' title='bbox 1352 4262 1451 4323; x_wconf 85' lang='lat' dir='ltr'><strong>detor·</strong></span> 
     </span>
     <span class='ocr_line' id='line_1_48' title="bbox 240 4338 1453 4421; baseline 0.005 -25"><span class='ocrx_word' id='word_1_503' title='bbox 240 4338 365 4413; x_wconf 86' lang='lat' dir='ltr'><strong>quentis.</strong></span> <span class='ocrx_word' id='word_1_504' title='bbox 407 4340 595 4418; x_wconf 87' lang='lat' dir='ltr'><strong>Ambignitas</strong></span> <span class='ocrx_word' id='word_1_505' title='bbox 615 4361 686 4419; x_wconf 88' lang='lat' dir='ltr'><strong>ergo</strong></span> <span class='ocrx_word' id='word_1_506' title='bbox 705 4341 767 4400; x_wconf 83' lang='lat' dir='ltr'><strong>heac</strong></span> <span class='ocrx_word' id='word_1_507' title='bbox 782 4349 811 4400; x_wconf 92' lang='lat' dir='ltr'><strong>et</strong></span> <span class='ocrx_word' id='word_1_508' title='bbox 825 4341 985 4400; x_wconf 88' lang='lat' dir='ltr'><strong>obscuritas</strong></span> <span class='ocrx_word' id='word_1_509' title='bbox 1006 4341 1031 4399; x_wconf 92' lang='lat' dir='ltr'><strong>si</strong></span> <span class='ocrx_word' id='word_1_510' title='bbox 1051 4360 1116 4418; x_wconf 80' lang='lat' dir='ltr'><strong>quae</strong></span> <span class='ocrx_word' id='word_1_511' title='bbox 1138 4342 1183 4418; x_wconf 82' lang='lat' dir='ltr'><strong>sit,</strong></span> <span class='ocrx_word' id='word_1_512' title='bbox 1206 4361 1264 4401; x_wconf 90' lang='lat' dir='ltr'><strong>non</strong></span> <span class='ocrx_word' id='word_1_513' title='bbox 1285 4341 1364 4402; x_wconf 91' lang='lat' dir='ltr'><strong>tollit</strong></span> <span class='ocrx_word' id='word_1_514' title='bbox 1385 4345 1453 4421; x_wconf 90' lang='lat' dir='ltr'><strong>cjns</strong></span> 
     </span>
     <span class='ocr_line' id='line_1_49' title="bbox 240 4415 1452 4498; baseline 0.008 -27"><span class='ocrx_word' id='word_1_515' title='bbox 240 4415 452 4494; x_wconf 87' lang='lat' dir='ltr'><strong>authoritatem,</strong></span> <span class='ocrx_word' id='word_1_516' title='bbox 466 4419 518 4480; x_wconf 89' lang='lat' dir='ltr'><strong>scd</strong></span> <span class='ocrx_word' id='word_1_517' title='bbox 532 4421 659 4482; x_wconf 89' lang='lat' dir='ltr'><strong>ostendit</strong></span> <span class='ocrx_word' id='word_1_518' title='bbox 671 4420 872 4480; x_wconf 86' lang='lat' dir='ltr'><strong>necessitatem</strong></span> <span class='ocrx_word' id='word_1_519' title='bbox 894 4419 1018 4498; x_wconf 85' lang='lat' dir='ltr'><strong>Spiritus</strong></span> <span class='ocrx_word' id='word_1_520' title='bbox 1037 4420 1236 4498; x_wconf 89' lang='lat' dir='ltr'><strong>illuminantis,</strong></span> <span class='ocrx_word' id='word_1_521' title='bbox 1253 4431 1283 4482; x_wconf 93' lang='lat' dir='ltr'><strong>et</strong></span> <span class='ocrx_word' id='word_1_522' title='bbox 1295 4421 1452 4481; x_wconf 88' lang='lat' dir='ltr'><strong>ministerii</strong></span> 
     </span>
     <span class='ocr_line' id='line_1_50' title="bbox 241 4493 1437 4573; baseline 0.008 -21"><span class='ocrx_word' id='word_1_523' title='bbox 241 4493 406 4568; x_wconf 87' lang='lat' dir='ltr'><strong>Scripturas</strong></span> <span class='ocrx_word' id='word_1_524' title='bbox 420 4501 601 4573; x_wconf 85' lang='lat' dir='ltr'><strong>exponentis.</strong></span> <span class='ocrx_word' id='word_1_525' title='bbox 1434 4513 1437 4518; x_wconf 88' lang='lat'>&#39;</span> 
     </span>
    </p>

    <p class='ocr_par' dir='ltr' id='par_1_13' title="bbox 282 4571 1454 4658">
     <span class='ocr_line' id='line_1_51' title="bbox 282 4571 1454 4658; baseline 0.015 -31"><span class='ocrx_word' id='word_1_526' title='bbox 282 4571 395 4631; x_wconf 86' lang='lat' dir='ltr'>XXII.</span> <span class='ocrx_word' id='word_1_527' title='bbox 418 4575 501 4636; x_wconf 87' lang='lat' dir='ltr'><strong>Licet</strong></span> <span class='ocrx_word' id='word_1_528' title='bbox 514 4579 665 4656; x_wconf 72' lang='lat' dir='ltr'><strong>agamede</strong></span> <span class='ocrx_word' id='word_1_529' title='bbox 679 4600 749 4640; x_wconf 85' lang='lat' dir='ltr'><strong>vera</strong></span> <span class='ocrx_word' id='word_1_530' title='bbox 762 4579 885 4658; x_wconf 85' lang='lat' dir='ltr'><strong>alicujus</strong></span> <span class='ocrx_word' id='word_1_531' title='bbox 899 4579 955 4640; x_wconf 93' lang='lat' dir='ltr'><strong>loci</strong></span> <span class='ocrx_word' id='word_1_532' title='bbox 972 4579 1126 4658; x_wconf 72' lang='lat' dir='ltr'><strong>Scriptum</strong></span> <span class='ocrx_word' id='word_1_533' title='bbox 1140 4581 1377 4658; x_wconf 78' lang='lat' dir='ltr'><strong>interpretatione</strong></span> <span class='ocrx_word' id='word_1_534' title='bbox 1391 4603 1454 4644; x_wconf 89' lang='lat' dir='ltr'><strong>non</strong></span> 
     </span>
    </p>
   </div>
   <div class='ocr_carea' id='block_1_10' title="bbox 241 4653 1454 4743">
    <p class='ocr_par' dir='ltr' id='par_1_14' title="bbox 241 4653 1454 4743">
     <span class='ocr_line' id='line_1_52' title="bbox 241 4653 1454 4743; baseline 0.011 -33"><span class='ocrx_word' id='word_1_535' title='bbox 241 4671 360 4712; x_wconf 87' lang='lat' dir='ltr'><strong>neccsse</strong></span> <span class='ocrx_word' id='word_1_536' title='bbox 374 4661 419 4712; x_wconf 92' lang='lat' dir='ltr'><strong>est</strong></span> <span class='ocrx_word' id='word_1_537' title='bbox 437 4653 502 4714; x_wconf 89' lang='lat' dir='ltr'><strong>ideo</strong></span> <span class='ocrx_word' id='word_1_538' title='bbox 516 4656 579 4721; x_wconf 80' lang='lat' dir='ltr'><strong>dari</strong></span> <span class='ocrx_word' id='word_1_539' title='bbox 599 4659 725 4736; x_wconf 87' lang='lat' dir='ltr'><strong>aliquem</strong></span> <span class='ocrx_word' id='word_1_540' title='bbox 740 4659 876 4722; x_wconf 86' lang='lat' dir='ltr'><strong>Judicem</strong></span> <span class='ocrx_word' id='word_1_541' title='bbox 891 4659 1036 4720; x_wconf 89' lang='lat' dir='ltr'><strong>visibilem</strong></span> <span class='ocrx_word' id='word_1_542' title='bbox 1056 4661 1237 4720; x_wconf 81' lang='lat' dir='ltr'><strong>infallibilem</strong></span> <span class='ocrx_word' id='word_1_543' title='bbox 1250 4671 1335 4722; x_wconf 88' lang='lat' dir='ltr'><strong>extra</strong></span> <span class='ocrx_word' id='word_1_544' title='bbox 1350 4663 1454 4743; x_wconf 87' lang='lat' dir='ltr'><strong>Scrip-</strong></span> 
     </span>
    </p>
   </div>
   <div class='ocr_carea' id='block_1_11' title="bbox 0 0 1582 5178">
    <p class='ocr_par' dir='ltr' id='par_1_15' title="bbox 0 0 1582 5178">
     <span class='ocr_line' id='line_1_53' title="bbox 0 0 1582 5178; baseline 0 0"><span class='ocrx_word' id='word_1_545' title='bbox 0 0 1582 5178; x_wconf 95' lang='lat' dir='ltr'><strong> </strong></span> 
     </span>
    </p>
   </div>
  </div>
 </body>
</html>
