3158 5190
100 363 225 416 eumer.
241 345 299 429 vn]
599 367 638 409 ns
653 367 825 412 acarnanas.
1282 357 1320 416 19

96 515 134 566 ut
162 503 255 566 Dent.
281 503 323 566 vi.
348 509 378 583 7,
399 509 582 585 &quadam
606 529 669 569 com
689 512 736 586 eet,
761 511 870 571 1Snm.
895 511 914 570 i.
934 515 982 588 24,
998 532 1085 574 neus
1107 532 1171 572 oum
1183 515 1320 592 juvencis,

99 587 181 645 Hos,
196 588 241 646 iv.
257 590 286 663 3,
302 588 333 646 in
346 587 445 663 battis,
461 587 501 648 id.
519 609 579 648 cum
593 591 688 666 dantia,
704 591 746 651 sic
761 591 834 651 Mat
855 591 918 651 xvi.
933 596 981 669 tt,
998 590 1091 671 ἶν’,ῗδέξςι
1106 596 1284 672 completio,
1303 599 1318 653 l

95 667 212 727 Thess.
236 668 277 726 iv.
301 669 348 744 10,
375 669 406 727 in
427 687 501 744 eece,
530 670 560 728 in
581 672 647 729 teda
666 691 719 749 pro
741 692 825 746 θθιπι,
853 670 939 731 modo
960 674 1040 733 valet
1052 676 1135 750 opud
1152 674 1203 733 vel
1219 677 1319 752 justa,

94 747 287 822 Jos.x.10,
309 748 340 806 t'n
357 748 489 824 Gabaon,
504 748 576 809 Jud.
591 751 674 810 xviii.
691 754 737 827 12,
755 753 787 810 in
808 751 1009 827 Giriathiarim,
1031 753 1063 810 id
1083 762 1136 829 eat,
1158 774 1248 832 prope
1269 755 1321 816 illa

92 825 176 902 loon,
195 827 308 886 Matth.
322 829 385 886 xxi.
404 832 450 904 12,
462 831 595 889 limentes
608 834 792 890 attendentes
806 831 941 893 dicuntur
954 834 984 892 io
998 835 1204 910 temptosodee,
1220 835 1252 893 id
1264 845 1318 911 θεῖ,

93 907 128 964 in
143 908 315 984 porticibus
329 909 403 986 ejus,
418 917 452 968 ut
465 917 496 968 et
508 910 595 986 Joan,
611 931 641 970 x.
653 914 701 987 23,
716 911 795 988 alibi,
811 912 943 972 Christus
957 913 1062 972 dicitnr
1075 933 1178 992 passus
1191 915 1221 973 in
1231 917 1318 975 Jem-

92 991 202 1063 aalem,
219 987 320 1063 idest,
335 1007 425 1066 prope
440 1007 513 1048 eam.
556 991 602 1049 Ita
615 999 710 1068 potest
730 993 838 1070 optime
851 993 927 1052 verti
947 993 977 1051 in
991 1013 1049 1070 qne
1062 993 1110 1052 vel
1120 995 1208 1072 juxta
1220 1015 1317 1073 quam,

94 1087 211 1145 nempe
226 1067 345 1143 Arcam,
355 1075 438 1127 erant
450 1069 532 1129 Urna
541 1079 572 1129 et
581 1070 683 1149 Virga,
699 1079 733 1131 ut
744 1071 922 1149 significetur
931 1093 990 1132 non
1000 1073 1155 1151 impositio,
1167 1074 1218 1133 sed
1228 1094 1316 1153 appo—

95 1147 183 1207 sitio.
231 1148 291 1207 Vel
304 1167 367 1206 cem
381 1169 447 1226 qua,
462 1147 494 1207 id
514 1158 567 1227 est,
583 1151 630 1209 oui
644 1151 731 1210 Areae
744 1171 818 1211 urna
830 1172 864 1211 ao
877 1153 962 1231 virga
976 1162 1005 1213 et
1018 1154 1125 1213 tabula
1140 1155 1228 1232 Legis
1249 1176 1317 1216 con-

92 1227 218 1304 junctae
230 1227 355 1303 fuerunt
371 1228 424 1288 sed
432 1228 635 1306 diversimode,
645 1231 752 1292 tabule
766 1231 883 1310 quidem
896 1233 973 1293 intra
986 1232 1104 1310 Arcam,
1119 1253 1192 1294 urna
1205 1255 1275 1294 vero
1289 1244 1319 1296 et

95 1307 192 1384 virga
206 1307 289 1384 ioris,
304 1308 367 1367 sive
384 1308 422 1366 ad
437 1309 554 1368 Aream.

142 1387 314 1446 XXXIV.
335 1389 431 1463 Quum
454 1389 593 1466 Christus,
611 1389 715 1450 Matth.
734 1411 764 1450 v.
786 1393 834 1468 33,
856 1391 989 1470 prohibet
1007 1391 1105 1470 jurare
1119 1392 1182 1459 ἕλος
1195 1395 1315 1472 omnino,

95 1487 164 1527 non
179 1468 250 1528 vnlt
262 1469 395 1528 absolute
407 1477 440 1528 ot
453 1469 621 1547 simpliciter
634 1471 769 1530 mmnare
780 1472 986 1549 juramentum,
1001 1473 1080 1550 quod
1093 1474 1164 1533 alibi
1176 1475 1315 1553 permitti·

97 1557 152 1608 tun·
173 1557 207 1608 et
231 1549 373 1626 probetur
394 1567 428 1608 nc
448 1549 613 1628 praecipitur
632 1571 651 1610 a
665 1551 737 1627 Deo,
754 1551 849 1611 Exod.
870 1552 944 1612 xxii.
965 1555 993 1628 8,
1011 1556 1058 1630 10,
1076 1557 1110 1612 11
1125 1576 1132 1630 ,
1148 1555 1222 1614 Levi
1236 1574 1265 1614 v.
1280 1558 1315 1632 4,

100 1629 196 1688 Num.
212 1648 244 1686 v.
255 1631 302 1704 10,
312 1632 367 1707 20,
383 1629 470 1688 Prov.
484 1630 567 1690 xviii.
584 1632 636 1708 18,
652 1631 728 1692 Ηε1).
738 1631 778 1690 vi.
795 1635 840 1708 16,
853 1632 905 1691 sed
918 1639 1012 1692 certas
1026 1633 1137 1712 species
1147 1635 1315 1713 juramenti,

99 1729 172 1788 qnae
193 1729 214 1769 a
234 1708 351 1769 Judscis
370 1708 503 1786 usurpari
523 1710 663 1788 solebant,
679 1710 715 1771 de
736 1711 842 1789 quibua
861 1711 969 1772 ibidem
990 1713 1094 1791 affl'tun
1109 1715 1244 1775 nimirum
1264 1735 1316 1793 per

99 1793 215 1867 eduae,
232 1798 349 1864 mmm,
364 1790 600 1867 Hierosolfflnom,
611 1799 698 1869 capnt
710 1800 740 1852 st
752 1791 957 1870 aliasidgenus
971 1802 1124 1872 creaturas,
1139 1813 1205 1872 qnae
1216 1814 1317 1854 omnes

98 1879 136 1930 ut
150 1870 318 1930 temerarie
331 1877 362 1928 et
374 1869 483 1929 illicitae
496 1867 670 1930 damnantur
683 1891 702 1930 a
715 1872 839 1932 Christo.
881 1872 1033 1948 Quomodo
1046 1882 1123 1933 note
1136 1874 1316 1934 universales

100 1969 185 2028 saepe
205 1951 424 2028 restringuntur
443 1949 481 2008 ad
500 1959 608 2010 certem
629 1951 764 2029 speciem,
786 1951 857 2011 Joh.
871 1972 902 2010 x.
916 1954 944 2028 8,
963 1954 1106 2029 Quotquot
1117 1963 1184 2014 onte
1196 1975 1240 2012 otc
1248 1957 1315 2029 fite-

99 2039 182 2106 nmt,
205 2039 274 2090 sont
289 2033 382 2106 fleres,
398 2029 509 2090 scilieet
528 2049 587 2090 non
600 2031 706 2107 vocati,
728 2051 782 2090 nec
795 2031 885 2106 missi,
901 2032 949 2090 vel
971 2051 1001 2091 se
1015 2041 1067 2092 aut
1080 2033 1170 2092 alium
1183 2034 1316 2110 quemvis

101 2111 241 2170 dicentes
259 2129 325 2169 esse
346 2110 453 2170 ostium
472 2111 578 2170 ovium.
622 2111 661 2170 Et
683 2114 698 2168 1
715 2111 780 2170 Gor.
795 2131 824 2169 x.
840 2113 888 2188 20,
908 2112 1011 2172 Omnia
1024 2113 1094 2172 miti
1106 2113 1195 2188 licem,
1210 2122 1241 2171 θῖ
1254 2132 1316 2190 cap.

100 2191 146 2250 ix.
160 2195 212 2268 22,
232 2191 338 2251 Oraia
351 2191 475 2249 munitm
486 2194 585 2266 sec-tao
597 2211 668 2267 aava
682 2189 818 2251 nimirum
832 2189 862 2248 in
876 2191 964 2250 rebus
977 2191 1065 2251 licitis
1085 2200 1115 2252 ct
1128 2191 1316 2253 indifferenti·

103 2271 171 2346 bns,
187 2290 244 2330 nee
258 2272 336 2330 enim
349 2272 434 2330 malea
447 2278 478 2330 et
490 2271 603 2330 vitiosas
616 2272 752 2348 cuiquam
765 2270 814 2330 vel
826 2289 955 2350 unquam
968 2272 1065 2332 licent.

146 2351 295 2410 XXXV.
316 2349 385 2410 Act.
399 2350 461 2410 xiii.
477 2354 525 2428 21,
543 2351 612 2411 Seiil
632 2351 738 2410 dieitur
751 2351 944 2430 quadraginta
956 2351 1041 2412 annis
1061 2371 1208 2430 regnasse,
1224 2350 1276 2412 sed
1299 2355 1314 2411 l

106 2431 187 2492 Sam.
202 2431 267 2490 xiii.
285 2433 310 2506 1,
332 2430 448 2490 biennio
470 2439 582 2491 tentum
602 2449 739 2510 regnasse
761 2431 874 2491 dicitnr.
917 2432 1121 2510 Respondetur
1140 2452 1200 2492 non
1214 2431 1280 2509 dici,
1298 2436 1314 2491 1

106 2511 186 2571 Sem.
202 2511 266 2570 xiii.
284 2511 400 2570 Saiilem
413 2512 530 2570 biemtio
543 2519 656 2571 tantum
670 2531 827 2589 regnasset
849 2511 902 2571 sed
915 2520 1027 2573 tantum
1041 2513 1158 2573 biennio
1176 2513 1239 2592 jam
1252 2522 1316 2572 tum

103 2611 255 2670 regnasse,
278 2611 345 2650 cum
365 2591 421 2650 tria
440 2591 491 2650 illa
511 2591 668 2652 satellitum
688 2591 780 2651 millia
799 2591 889 2669 elegit
908 2592 945 2652 de
966 2593 1072 2672 quibus
1092 2594 1190 2671 agitur
1209 2612 1239 2652 v.
1254 2612 1315 2672 seq.

106 2691 173 2732 cnm
194 2672 312 2731 duobus
334 2671 417 2731 annis
441 2679 591 2748 regnasset
612 2680 674 2732 tum
696 2671 812 2732 demum
840 2681 943 2732 exacto
964 2673 1016 2732 illo
1039 2673 1157 2734 biennio
1185 2673 1316 2752 coegisse

105 2752 205 2831 copias
220 2751 288 2811 illes
302 2751 451 2826 militares,
467 2761 500 2811 ut
516 2751 608 2829 Syrus
622 2761 653 2811 et
666 2751 763 2812 Arabs
776 2760 887 2812 notem.
1285 2803 1289 2813 .

147 2832 310 2892 XXXVI.
335 2831 382 2890 Ex
396 2831 503 2910 quibus
516 2841 595 2910 patet
609 2833 673 2891 loce
686 2832 743 2891 ista
756 2833 837 2891 varia
850 2833 1011 2910 tancwart,
1026 2853 1091 2910 quse
1105 2832 1265 2893 affemntur
1277 2833 1316 2892 ad

106 2915 228 2973 ιίδωὰιι
244 2913 400 2990 Scripturas
414 2911 641 2988 convellendam,
657 2932 722 2991 quac
745 2912 910 2990 speciminis
924 2933 993 2991 ergo
1007 2934 1025 2972 a
1038 2913 1122 2972 nobis
1136 2913 1224 2972 allata
1238 2921 1314 2988 sunt,

107 2994 174 3054 licet
192 2993 324 3052 difficilia
344 2992 402 3051 sint
416 3000 445 3052 et
465 2990 593 3068 londria,
609 3011 671 3051 non·
689 3011 752 3052 esse
766 3003 863 3051 menen
876 2993 962 3070 plane
975 2991 1073 3053 dam.
1117 2992 1191 3052 Sunt
1209 3001 1239 3052 et
1259 2993 1317 3052 alia

106 3073 247 3133 nonnulla
261 3093 326 3151 qnae
340 3092 358 3131 a
373 3072 533 3134 Pontificiis
554 3071 649 3132 afferri
663 3073 758 3132 solent
771 3071 809 3131 ed
822 3072 1012 3132 evincendam
1027 3073 1238 3149 corruptionem
1252 3071 1314 3130 fon-

105 3154 177 3213 tium
192 3174 210 3214 a
224 3153 339 3213 Judssis
352 3153 402 3212 vel
417 3152 571 3214 Haereticis
584 3153 706 3228 sactam3
729 3153 781 3211 sed
794 3151 1019 3213 vindicabuntur
1032 3150 1211 3212 commodius
1226 3152 1256 3208 in
1270 3171 1314 3210 se·

105 3235 271 3312 enantibus,
287 3251 376 3311 quum
391 3232 429 3292 de
444 3232 579 3293 Editione
590 3232 758 3293 authentica
770 3231 992 3310 disputabimus.

579 3471 774 3548 eumerio
795 3471 851 3533 vr.
901 3487 904 3494 ·

115 3635 189 3694 Unde
201 3634 279 3694 nobt‘e
291 3633 446 3692 inmtescct
464 3632 578 3692 Divino
597 3631 754 3709 Smpturoe
773 3633 963 3693 Anderitos?
1000 3633 1049 3693 Aa
1063 3653 1098 3693 ca
1111 3637 1155 3694 oct
1165 3635 1265 3711 quoad
1275 3653 1313 3709 se,

129 3717 169 3775 nel
181 3717 279 3793 prtood
288 3733 348 3789 noe,
359 3715 486 3791 pcndm
498 3733 519 3773 a
535 3713 701 3772 Testimonio
714 3713 873 3774 Ecclesiae?
915 3713 989 3792 Neg.
1001 3724 1101 3775 contra
1115 3711 1292 3774 Pontificios.

199 3940 206 3951 ,
407 3872 432 3932 Ι.
456 3871 567 3951 Scopas
589 3871 805 3934 Pontificiormn
827 3874 858 3933 in
878 3874 934 3934 hac
953 3881 984 3933 et
1002 3873 1035 3932 in
1055 3874 1175 3947 caeteris,
1197 3868 1313 3948 quaeda

129 3939 312 4044 ἪΨ*
367 3952 517 4031 Scriptura
529 3952 567 4012 ab
586 3953 659 4032 ipsis
679 3962 832 4014 moventur
852 3954 1073 4030 controversiis,
1094 3973 1153 4012 non
1173 3951 1314 4044 obseptus

364 4040 430 4109 est;
451 4042 484 4093 ut
498 4033 608 4092 sedicet
623 4033 777 4112 Scriptura
791 4033 926 4110 tribunal,
941 4035 973 4092 in
986 4053 1044 4111 quo
1058 4032 1129 4092 satis
1139 4029 1266 4110 presrdu
1276 4029 1314 4087 sd

111 4129 210 4172 errores
224 4131 294 4172 suos
308 4111 434 4173 tuendos
446 4131 506 4172 non
519 4113 679 4189 inveniunt,
693 4113 848 4190 deelincnt,
863 4123 893 4173 et
906 4113 944 4172 ad
962 4112 1124 4171 Ecclesiam
1137 4111 1177 4169 id.
1193 4107 1312 4168 Pontifi-

112 4211 167 4252 cem
179 4213 262 4253 sunm
275 4201 446 4272 provocent,
461 4203 547 4272 atque
561 4193 602 4253 ita
615 4195 645 4253 in
658 4194 774 4272 propris
788 4213 874 4252 mnas
887 4193 1010 4252 Jndiees
1022 4189 1103 4251 fient.
1145 4189 1232 4266 Hinc,
1248 4206 1314 4248 cum

113 4281 186 4333 mma
197 4293 235 4334 ox
259 4273 412 4354 Scriptura
431 4273 627 4352 disputemus
648 4273 685 4333 de
708 4273 858 4349 doctrina3
881 4268 931 4330 An
949 4279 1026 4332 esset
1045 4271 1102 4349 ipsi
1122 4277 1314 4330 consentanee

114 4357 211 4415 necne?
227 4355 293 4433 jam
314 4353 353 4414 de
375 4355 439 4432 ipse
464 4355 613 4433 Scriptura
634 4355 775 4436 disputari
797 4359 923 4429 coaptum
945 4359 1007 4429 θεῖ,
1039 4350 1089 4410 An
1109 4350 1214 4411 idonea
1237 4359 1314 4410 esset

114 4435 183 4529 cnjus
194 4434 375 4530 authoritate
389 4434 598 4528 attestimonio
613 4433 776 4528 Reliffl'onis
786 4431 989 4572 oopetpfoversiae
999 4431 1195 4571 defipnirentur,
1238 4430 1315 4569 1]θᾶιὲ

113 4515 228 4657 ilnenfidiiiil
238 4513 846 4674 {tpoeepphtppptnffiptaetgesptappssiepue
867 4520 991 4672 diectiidi
1003 4519 1316 4668 edminiiiiiissngtiivis

112 4687 175 4740 note
186 4678 226 4738 lis
240 4677 307 4754 fuit,
324 4675 365 4736 ad
386 4694 451 4734 eam
466 4675 492 4734 si
505 4694 564 4736 non
577 4673 694 4752 penitus
708 4671 903 4752 evertendam,
918 4675 1022 4734 miram
1037 4674 1067 4733 in
1080 4673 1199 4733 modurn
1213 4669 1316 4732 saltem
