3160 5194
576 397 909 447 oasrroruuasms.
1227 382 1328 446 xxxix

113 559 164 622 bat
178 557 368 635 utilitatem,
384 561 416 622 et
431 558 470 623 ad
485 577 588 624 eorum
614 560 725 642 quibus
741 582 774 626 se
788 567 889 626 totum
906 561 1034 627 dederat
1048 564 1225 638 commod03
1252 562 1320 628 Imo

111 655 265 722 sidenora
282 657 349 721 sibi
368 659 406 723 ab
424 658 493 723 aliis
507 659 653 724 audiebat
670 661 777 736 occini,
791 681 828 724 eo
840 662 936 743 magis
947 683 980 726 se
993 662 1196 743 deprimebat.
1231 663 1321 728 Coeco

110 755 156 817 sui
173 775 278 820 amore
295 777 365 820 non
379 757 599 840 abripiebatur,
619 779 679 839 quo
693 759 859 839 aliquando
873 779 929 824 nec
944 780 1016 824 raro
1031 762 1222 826 offuscantur
1237 781 1319 825 com-

107 851 209 933 plures
224 855 323 931 docti,
354 856 466 937 quibus
482 878 537 920 sua
560 856 683 938 placita,
699 857 817 938 scripta
832 858 896 922 sola
911 858 1044 939 placent,
1066 860 1167 924 aliena
1181 861 1317 936 sordent,

105 951 166 1015 imo
180 953 234 1032 qui
249 973 326 1018 suas
343 961 452 1017 amant
468 955 636 1032 cicatrices,
654 963 687 1019 et
702 955 755 1037 qui
770 957 955 1021 sententiam
969 959 1074 1023 sonent
1090 979 1152 1022 non
1169 965 1317 1040 tanquam

105 1069 218 1128 reram,
234 1052 291 1116 sed
308 1059 462 1134 tanquam
480 1075 574 1130 snam,
590 1075 689 1136 neque
706 1055 897 1132 charitatem,
913 1063 949 1119 ut
974 1059 1122 1138 praeclare
1137 1057 1318 1139 Hipponen-

106 1149 146 1211 sis
161 1149 223 1228 ille,
242 1151 283 1214 ad
300 1151 424 1215 Christi
449 1152 574 1216 Domini
588 1153 736 1236 regulam,
762 1175 868 1218 verum
885 1155 926 1218 ad
950 1177 1021 1220 suos
1046 1158 1174 1221 affectus
1189 1157 1318 1240 exigunt

107 1252 199 1327 alque
219 1249 410 1313 metiuntur.
436 1251 603 1332 Nunquam
621 1252 746 1317 sibimet
758 1253 880 1318 Noster
891 1253 1045 1336 placebat,
1061 1275 1230 1339 nervosque
1245 1275 1317 1320 suos

108 1345 249 1426 ignorans
259 1349 301 1412 de
317 1369 354 1413 se
369 1349 525 1414 sentiebat
540 1349 702 1414 admodum
717 1352 856 1416 demisse.
908 1352 972 1416 Sua
986 1355 1164 1420 abutentem
1179 1355 1316 1420 authori-

107 1449 171 1509 tate
184 1447 289 1512 nullus
302 1448 386 1510 vidit
393 1471 401 1522 ;
420 1469 540 1529 semper
551 1450 688 1531 rogabat,
700 1451 832 1530 jubebat
844 1472 1008 1532 nunquam,
1020 1473 1076 1517 nec
1089 1454 1142 1516 ulli
1155 1456 1317 1535 quicquam

106 1543 272 1608 dictatorio
298 1547 389 1610 fastu
407 1548 638 1627 praescribebat.
689 1548 835 1613 Aberant
859 1571 878 1613 a
900 1551 1116 1616 candidissimo
1137 1560 1261 1633 pectore
1285 1560 1318 1615 et

33 1628 40 1645 ¹
106 1641 171 1705 miti
186 1643 318 1726 ingenio
337 1646 600 1710 excandescentia
615 1653 648 1710 et
663 1647 830 1711 iracundiae
854 1650 982 1724 furores,
998 1671 1054 1716 nec
1081 1671 1190 1731 parum
1204 1671 1242 1716 ea
1256 1650 1317 1714 dis·

106 1740 262 1820 plicebant
277 1743 419 1825 ingenia,
434 1743 467 1807 in
485 1745 594 1824 quibus
610 1745 686 1810 adeo
702 1747 784 1827 ignei
810 1747 937 1828 spiritus
950 1749 1098 1826 resident,
1113 1757 1150 1813 ut
1164 1750 1248 1813 nullo
1264 1771 1317 1814 ne·

108 1840 188 1918 gotio
204 1843 371 1905 flammula
387 1843 579 1919 incendatur,
594 1844 720 1908 incensa
735 1865 807 1908 mox
822 1854 963 1927 erumpat
977 1853 1010 1911 et
1024 1847 1088 1911 late
1101 1855 1269 1929 grassetur,
1281 1869 1317 1913 ae

107 1959 164 2016 quo
177 1940 250 2019 plus
265 1941 444 2004 trahuntur
457 1941 541 2023 pacis
559 1941 598 2005 ad
613 1943 717 2006 studia
731 1964 768 2006 eo
783 1944 947 2008 animosius
971 1952 1123 2025 proruant
1138 1947 1177 2008 ad
1191 1946 1315 2013 bellum.

107 2033 172 2102 Nec
187 2041 339 2116 mordax,
355 2061 412 2104 nec
426 2040 611 2106 maledicens
626 2047 704 2116 erat,
720 2041 760 2104 ab
779 2039 968 2122 Hieronymo
982 2043 1073 2122 plane
1091 2044 1238 2118 diversus,
1265 2045 1317 2124 qui

108 2153 142 2196 ea
156 2136 270 2218 linguae
286 2140 478 2219 impotentia
489 2140 661 2214 laborabat,
679 2144 716 2200 ut
732 2138 825 2202 nullis
840 2159 901 2202 non
915 2140 1068 2204 morsibus
1086 2141 1216 2216 saeviret,
1234 2141 1318 2206 nullo

111 2253 167 2296 non
182 2237 246 2301 sale
263 2238 402 2314 luderet,
417 2237 539 2319 injuriis
550 2237 643 2301 nullis
657 2243 857 2319 temperaret,
874 2237 955 2319 quod
970 2259 1010 2302 ex
1027 2239 1094 2320 ejus
1110 2259 1179 2303 cum
1204 2238 1318 2303 Rufino

110 2331 305 2416 Aquileiensi
333 2335 530 2418 Presbytero,
549 2357 617 2400 cnm
634 2334 807 2417 Vigilantio
828 2335 1048 2419 Hispaniarum
1067 2338 1232 2420 Episcopo,
1249 2359 1318 2403 cum

109 2429 272 2498 Joviniano
288 2433 456 2511 Monacho,
474 2440 508 2498 et
537 2455 606 2498 cum
621 2433 643 2497 J
645 2435 764 2499 ohanne
780 2433 1063 2518 Hierosolymorum
1078 2437 1225 2520 Praesule,
1252 2459 1317 2502 crc-

107 2529 168 2593 bris
182 2533 374 2614 acerbisque
391 2533 612 2616 simultatibus,
628 2531 771 2614 colligere
786 2539 845 2597 est.
878 2535 969 2600 Pacis
984 2543 1053 2599 erat
1068 2537 1316 2610 amantissimus;

110 2625 209 2694 Norat
226 2633 350 2713 qnippe
363 2653 425 2695 non
440 2633 549 2696 decere
561 2633 644 2713 pacis
657 2639 690 2696 et
701 2631 809 2713 gratia
824 2631 981 2698 ministros
996 2635 1064 2698 lieri
1076 2634 1212 2698 Bellonae
1228 2634 1316 2710 filice,

108 2728 178 2792 etin
189 2729 313 2794 Martis
329 2730 459 2795 classica
473 2730 612 2795 converti
622 2731 714 2794 tubas
725 2729 846 2806 Zionis3
864 2751 1040 2814 summoque
1050 2733 1154 2798 dolore
1165 2733 1317 2797 afficieba

110 2833 166 2902 tur,
183 2830 258 2893 dnm
272 2831 404 2920 fratres,
420 2827 596 2898 Hannibale
611 2830 651 2893 ad
667 2836 773 2910 portas
788 2830 936 2912 neglecto,
948 2829 982 2894 in
994 2838 1134 2896 mutuam
1142 2851 1230 2897 mere
1245 2852 1318 2914 per·

110 2925 218 2991 niciem
233 2928 445 3009 intelligebat.

156 3025 315 3090 Auruurs
330 3025 420 3089 bonis
444 3046 506 3089 non
520 3027 740 3106 macrescebat,
756 3045 793 3089 ea
806 3026 910 3106 potins
927 3047 1044 3092 summo
1059 3047 1127 3091 cum
1143 3027 1255 3108 gaudio
1270 3027 1315 3090 in-

114 3125 266 3190 tuebatur.
323 3123 355 3187 N
357 3125 413 3188 ihil
428 3125 481 3187 illo
496 3131 564 3187 erat
583 3125 615 3186 in
631 3125 703 3187 ritae
719 3124 825 3188 officiis
851 3123 1023 3206 humanius,
1040 3124 1118 3187 nihil
1133 3125 1172 3186 ad
1197 3144 1318 3205 promo-

114 3222 209 3287 venda
224 3223 332 3287 aliena
345 3223 504 3287 commoda
528 3221 719 3303 promptius3
746 3220 932 3303 Viduarum,
958 3221 1155 3304 pupillorum,
1182 3222 1318 3304 peregri·

116 3337 231 3403 norum,
237 3321 409 3404 egentium,
422 3329 550 3402 paratus
561 3328 630 3384 erat
641 3321 792 3405 defensor,
799 3339 948 3400 verusque
954 3329 1149 3406 tgpavorgtpor,
1158 3321 1241 3403 quod
1252 3323 1319 3384 offi-

117 3415 193 3481 cium
211 3433 266 3490 τοῖς
283 3428 387 3504 ἱερεῦσιν
402 3423 526 3504 ἁρμόζειν
550 3425 636 3483 recte
656 3417 831 3482 observavit
848 3419 1010 3484 nonnullus
1026 3419 1106 3483 Citri
1125 3421 1317 3501 Episcopus;

118 3518 285 3592 ἐλεημονικὴν
299 3527 350 3580 καὶ
366 3527 540 3602 praesaga
556 3521 608 3598 ἐ’ξιν
621 3516 812 3598 possidebat,
830 3522 867 3579 ut
881 3517 983 3583 verbis
998 3525 1070 3583 utar
1086 3519 1318 3602 Olympiodori;

117 3631 264 3696 pauperes
279 3616 408 3681 cousflio
421 3623 455 3680 et
468 3635 577 3696 reapse
587 3617 728 3697 jurabat,
740 3621 834 3696 atque
847 3615 940 3680 alacri
950 3617 1051 3680 animo
1066 3637 1170 3682 eorum
1185 3617 1320 3699 egestati

120 3716 327 3796 succurrebat,
342 3725 380 3778 ut
395 3714 448 3796 qui
464 3717 563 3795 probe
579 3720 778 3796 cognosceret
794 3723 824 3776 rt
841 3721 890 3787 τῆς
907 3720 1082 3791 {tenpestas
1101 3722 1213 3799 μέγεθος
1231 3721 1278 3777 οὐκ
1296 3721 1320 3776 ἐν

122 3817 159 3891 τῷ
174 3819 270 3886 πλήθει
286 3819 337 3876 τῶν
352 3819 503 3898 χρημάτων
523 3819 658 3897 κρίνεσθαι,
685 3808 755 3874 ἀλλ’
783 3820 807 3875 r'r
822 3821 858 3898 τῇ
873 3823 1005 3898 προθυμίᾳ
1020 3820 1070 3877 νῶν
1086 3821 1210 3890 διδόντων,
1224 3821 1274 3874 καὶ
1291 3820 1319 3874 οὐ

121 3917 251 3983 ποσότητα
270 3920 394 3992 εἰσφορᾶς
410 3920 534 3974 ἀπαιτεῖν
547 3938 588 3974 ror
606 3919 678 3986 Θεὸν,
692 3919 774 3973 ἀλλὰ
785 3917 872 3996 μέτρα
888 3920 1007 3996 γνώμης·
1036 3913 1226 3975 Exterorum
1236 3930 1320 3972 amo-

123 4023 182 4070 rem
196 4011 338 4074 omnibus
355 4009 463 4074 officiis
489 4009 548 4074 sibi
574 4010 783 4092 comparabat,
812 4030 848 4074 ao
874 4011 972 4091 ipsius
998 4009 1106 4072 domus
1121 4008 1202 4071 aedes
1229 4013 1321 4072 crant

125 4111 304 4174 exterorum.
357 4109 460 4173 Nemo
477 4109 517 4172 ab
532 4107 599 4189 ejus
625 4127 763 4172 sermone
777 4107 879 4172 tristis
897 4107 1088 4186 discedebat,
1106 4110 1139 4168 et
1155 4104 1234 4167 diem
1250 4125 1320 4186 pcr-

126 4200 231 4270 didisse
247 4207 446 4288 opinabatur,
464 4229 534 4272 curn
550 4206 626 4270 nihil
641 4207 783 4286 cuiquam
799 4211 867 4268 toto
890 4205 941 4268 die
957 4203 1166 4286 praestitisset,
1185 4205 1266 4285 quod
1283 4205 1322 4270 de

125 4297 192 4365 'lito
205 4311 315 4368 narrat
332 4305 542 4387 Tranquillus,
569 4327 605 4370 ac
620 4305 658 4368 de
674 4303 835 4368 Friderico
850 4303 877 4365 Ι.
894 4303 992 4366 refert
1006 4303 1119 4366 author
1133 4324 1195 4366 non
1210 4305 1323 4368 obscu-

127 4414 183 4463 rus.
200 4413 333 4489 cargyor
349 4411 428 4486 erat,
451 4403 566 4469 laboris
585 4401 841 4486 patientissimus,
859 4408 892 4465 et
911 4401 945 4463 in
967 4409 1118 4484 perpetuo
1136 4410 1222 4466 motu
1241 4423 1323 4465 nun-

128 4515 210 4574 quam
223 4502 350 4583 fatigari
364 4503 539 4586 ridebatur,
555 4501 642 4584 quasi
659 4499 729 4583 ipsa
743 4501 941 4566 contentione
955 4501 1049 4567 animi
1063 4501 1145 4568 vires
1160 4501 1323 4566 reficeren-

128 4599 175 4658 tur
188 4617 221 4664 aa
235 4607 471 4684 repararentur,
