<?xml version="1.0" encoding="UTF-8"?>
<!DOCTYPE html PUBLIC "-//W3C//DTD XHTML 1.0 Transitional//EN"
    "http://www.w3.org/TR/xhtml1/DTD/xhtml1-transitional.dtd">
<html xmlns="http://www.w3.org/1999/xhtml" xml:lang="en" lang="en">
 <head>
  <title>
</title>
<meta http-equiv="Content-Type" content="text/html;charset=utf-8" />
  <meta name='ocr-system' content='tesseract 3.04.00' />
  <meta name='ocr-capabilities' content='ocr_page ocr_carea ocr_par ocr_line ocrx_word'/>
</head>
<body>
  <div class='ocr_page' id='page_1' title='image "./francisciturret01pictgoog_0520.png"; bbox 0 0 3174 5174; ppageno 0'>
   <div class='ocr_carea' id='block_1_1' title="bbox 11 309 1319 392">
    <p class='ocr_par' dir='ltr' id='par_1_1' title="bbox 11 309 1319 392">
     <span class='ocr_line' id='line_1_1' title="bbox 11 309 1319 392; baseline -0.005 -18"><span class='ocrx_word' id='word_1_1' title='bbox 11 315 13 328; x_wconf 47' lang='lat'>³</span> <span class='ocrx_word' id='word_1_2' title='bbox 111 333 226 382; x_wconf 68' lang='lat' dir='ltr'>eumer.</span> <span class='ocrx_word' id='word_1_3' title='bbox 241 309 311 392; x_wconf 73' lang='lat' dir='ltr'>ru]</span> <span class='ocrx_word' id='word_1_4' title='bbox 556 328 595 368; x_wconf 85' lang='lat' dir='ltr'>nu</span> <span class='ocrx_word' id='word_1_5' title='bbox 609 327 812 370; x_wconf 71' lang='lat' dir='ltr'>reomensem</span> <span class='ocrx_word' id='word_1_6' title='bbox 827 329 886 370; x_wconf 82' lang='lat' dir='ltr'>nur.</span> <span class='ocrx_word' id='word_1_7' title='bbox 1261 309 1319 368; x_wconf 83' lang='grc'>165</span> 
     </span>
    </p>
   </div>
   <div class='ocr_carea' id='block_1_2' title="bbox 11 447 1321 3332">
    <p class='ocr_par' dir='ltr' id='par_1_2' title="bbox 108 447 1320 1580">
     <span class='ocr_line' id='line_1_2' title="bbox 109 447 1319 552; baseline -0.007 -19"><span class='ocrx_word' id='word_1_8' title='bbox 109 472 268 552; x_wconf 79' lang='lat' dir='ltr'><strong>quominus</strong></span> <span class='ocrx_word' id='word_1_9' title='bbox 280 467 427 546; x_wconf 88' lang='lat' dir='ltr'>liberrime</span> <span class='ocrx_word' id='word_1_10' title='bbox 437 485 550 546; x_wconf 89' lang='lat' dir='ltr'>semper</span> <span class='ocrx_word' id='word_1_11' title='bbox 563 461 641 546; x_wconf 80' lang='lat' dir='ltr'>agat.</span> <span class='ocrx_word' id='word_1_12' title='bbox 663 467 733 546; x_wconf 88' lang='lat' dir='ltr'>Neo,</span> <span class='ocrx_word' id='word_1_13' title='bbox 749 469 776 529; x_wconf 91' lang='lat' dir='ltr'>si</span> <span class='ocrx_word' id='word_1_14' title='bbox 788 468 827 529; x_wconf 87' lang='lat' dir='ltr'>ad</span> <span class='ocrx_word' id='word_1_15' title='bbox 839 467 1056 550; x_wconf 88' lang='lat' dir='ltr'>penuissionem</span> <span class='ocrx_word' id='word_1_16' title='bbox 1070 447 1200 547; x_wconf 77' lang='lat' dir='ltr'>sequitur</span> <span class='ocrx_word' id='word_1_17' title='bbox 1214 465 1319 526; x_wconf 85' lang='lat' dir='ltr'>infalli-</span> 
     </span>
     <span class='ocr_line' id='line_1_3' title="bbox 108 544 1320 645; baseline -0.006 -33"><span class='ocrx_word' id='word_1_18' title='bbox 108 553 210 612; x_wconf 90' lang='lat' dir='ltr'>biliter</span> <span class='ocrx_word' id='word_1_19' title='bbox 222 560 382 645; x_wconf 73' lang='lat' dir='ltr'>peceatum,</span> <span class='ocrx_word' id='word_1_20' title='bbox 398 547 464 641; x_wconf 81' lang='lat' dir='ltr'>ideo</span> <span class='ocrx_word' id='word_1_21' title='bbox 478 556 574 626; x_wconf 86' lang='lat' dir='ltr'>potest</span> <span class='ocrx_word' id='word_1_22' title='bbox 586 549 645 608; x_wconf 92' lang='lat' dir='ltr'>diei</span> <span class='ocrx_word' id='word_1_23' title='bbox 658 549 722 627; x_wconf 88' lang='lat' dir='ltr'>ejus</span> <span class='ocrx_word' id='word_1_24' title='bbox 735 567 831 626; x_wconf 83' lang='lat' dir='ltr'>causa,</span> <span class='ocrx_word' id='word_1_25' title='bbox 846 549 899 610; x_wconf 85' lang='lat' dir='ltr'>sed</span> <span class='ocrx_word' id='word_1_26' title='bbox 911 558 1024 611; x_wconf 86' lang='lat' dir='ltr'>tentum</span> <span class='ocrx_word' id='word_1_27' title='bbox 1038 547 1219 624; x_wconf 77' lang='lat' dir='ltr'>antecedens,</span> <span class='ocrx_word' id='word_1_28' title='bbox 1241 544 1320 634; x_wconf 90' lang='lat' dir='ltr'>quod</span> 
     </span>
     <span class='ocr_line' id='line_1_4' title="bbox 109 636 1317 788; baseline -0.001 -23"><span class='ocrx_word' id='word_1_29' title='bbox 109 649 276 692; x_wconf 57' lang='lat' dir='ltr'>mmo</span> <span class='ocrx_word' id='word_1_30' title='bbox 289 636 476 766; x_wconf 33' lang='lat' dir='ltr'>suppomthrl..</span> <span class='ocrx_word' id='word_1_31' title='bbox 499 704 550 765; x_wconf 83' lang='lat' dir='ltr'>Ad</span> <span class='ocrx_word' id='word_1_32' title='bbox 562 706 779 784; x_wconf 81' lang='lat' dir='ltr'>permissionem</span> <span class='ocrx_word' id='word_1_33' title='bbox 800 708 912 770; x_wconf 82' lang='lat' dir='ltr'>accedit</span> <span class='ocrx_word' id='word_1_34' title='bbox 931 709 1059 784; x_wconf 73' lang='lat' dir='ltr'>desertio,</span> <span class='ocrx_word' id='word_1_35' title='bbox 1070 726 1217 788; x_wconf 88' lang='lat' dir='ltr'>perquam</span> <span class='ocrx_word' id='word_1_36' title='bbox 1227 707 1317 783; x_wconf 89' lang='lat' dir='ltr'>Deus,</span> 
     </span>
     <span class='ocr_line' id='line_1_5' title="bbox 140 774 1317 882; baseline -0.003 -35"><span class='ocrx_word' id='word_1_37' title='bbox 140 774 313 882; x_wconf 51' lang='lat'>21’323230‘·</span> <span class='ocrx_word' id='word_1_38' title='bbox 373 796 479 846; x_wconf 90' lang='lat' dir='ltr'>utnon</span> <span class='ocrx_word' id='word_1_39' title='bbox 497 786 636 864; x_wconf 85' lang='lat' dir='ltr'>impediat</span> <span class='ocrx_word' id='word_1_40' title='bbox 655 787 801 849; x_wconf 88' lang='lat' dir='ltr'>hominem</span> <span class='ocrx_word' id='word_1_41' title='bbox 820 807 949 869; x_wconf 86' lang='lat' dir='ltr'>peccare,</span> <span class='ocrx_word' id='word_1_42' title='bbox 970 789 1053 848; x_wconf 91' lang='lat' dir='ltr'>illum</span> <span class='ocrx_word' id='word_1_43' title='bbox 1073 787 1190 864; x_wconf 76' lang='lat' dir='ltr'>deserit,</span> <span class='ocrx_word' id='word_1_44' title='bbox 1206 787 1317 845; x_wconf 88' lang='lat' dir='ltr'>subtra-</span> 
     </span>
     <span class='ocr_line' id='line_1_6' title="bbox 277 865 1318 944; baseline 0 -20"><span class='ocrx_word' id='word_1_45' title='bbox 277 865 284 879; x_wconf 84' lang='lat'>&#39;</span> <span class='ocrx_word' id='word_1_46' title='bbox 374 865 472 926; x_wconf 85' lang='lat' dir='ltr'>hendo</span> <span class='ocrx_word' id='word_1_47' title='bbox 485 867 608 943; x_wconf 86' lang='lat' dir='ltr'>gratiam</span> <span class='ocrx_word' id='word_1_48' title='bbox 628 875 747 944; x_wconf 89' lang='lat' dir='ltr'>peccato</span> <span class='ocrx_word' id='word_1_49' title='bbox 761 867 972 944; x_wconf 73' lang='lat' dir='ltr'>adversantem,</span> <span class='ocrx_word' id='word_1_50' title='bbox 993 869 1042 927; x_wconf 84' lang='lat' dir='ltr'>vel</span> <span class='ocrx_word' id='word_1_51' title='bbox 1061 879 1121 926; x_wconf 89' lang='lat' dir='ltr'>non</span> <span class='ocrx_word' id='word_1_52' title='bbox 1142 865 1238 926; x_wconf 85' lang='lat' dir='ltr'>dando</span> <span class='ocrx_word' id='word_1_53' title='bbox 1258 873 1318 924; x_wconf 87' lang='lat' dir='ltr'>tam</span> 
     </span>
     <span class='ocr_line' id='line_1_7' title="bbox 110 945 1318 1025; baseline -0.002 -19"><span class='ocrx_word' id='word_1_54' title='bbox 110 947 268 1022; x_wconf 83' lang='lat' dir='ltr'>efficacem,</span> <span class='ocrx_word' id='word_1_55' title='bbox 275 964 334 1022; x_wconf 86' lang='lat' dir='ltr'>qne</span> <span class='ocrx_word' id='word_1_56' title='bbox 347 964 482 1023; x_wconf 88' lang='lat' dir='ltr'>superare</span> <span class='ocrx_word' id='word_1_57' title='bbox 495 945 588 1022; x_wconf 90' lang='lat' dir='ltr'>possit</span> <span class='ocrx_word' id='word_1_58' title='bbox 597 948 785 1006; x_wconf 77' lang='lat' dir='ltr'>tentationem</span> <span class='ocrx_word' id='word_1_59' title='bbox 796 947 977 1024; x_wconf 88' lang='lat' dir='ltr'>ingruentem</span> <span class='ocrx_word' id='word_1_60' title='bbox 984 970 992 1024; x_wconf 87' lang='lat'>;</span> <span class='ocrx_word' id='word_1_61' title='bbox 1014 967 1080 1025; x_wconf 78' lang='lat' dir='ltr'>quae</span> <span class='ocrx_word' id='word_1_62' title='bbox 1091 946 1258 1022; x_wconf 80' lang='lat' dir='ltr'>subtractio,</span> <span class='ocrx_word' id='word_1_63' title='bbox 1268 945 1318 1004; x_wconf 88' lang='lat' dir='ltr'>vel</span> 
     </span>
     <span class='ocr_line' id='line_1_8' title="bbox 108 1025 1318 1104; baseline -0.003 -17"><span class='ocrx_word' id='word_1_64' title='bbox 108 1035 156 1087; x_wconf 84' lang='lat' dir='ltr'>est</span> <span class='ocrx_word' id='word_1_65' title='bbox 170 1026 328 1104; x_wconf 58' lang='lat' dir='ltr'>premens,</span> <span class='ocrx_word' id='word_1_66' title='bbox 346 1044 435 1102; x_wconf 86' lang='lat' dir='ltr'>quum</span> <span class='ocrx_word' id='word_1_67' title='bbox 507 1025 576 1084; x_wconf 88' lang='lat' dir='ltr'>tiam</span> <span class='ocrx_word' id='word_1_68' title='bbox 595 1034 681 1085; x_wconf 87' lang='lat' dir='ltr'>antee</span> <span class='ocrx_word' id='word_1_69' title='bbox 700 1026 797 1086; x_wconf 81' lang='lat' dir='ltr'>datam</span> <span class='ocrx_word' id='word_1_70' title='bbox 818 1028 902 1104; x_wconf 90' lang='lat' dir='ltr'>tollit,</span> <span class='ocrx_word' id='word_1_71' title='bbox 923 1028 974 1086; x_wconf 81' lang='lat' dir='ltr'>uel</span> <span class='ocrx_word' id='word_1_72' title='bbox 993 1027 1131 1104; x_wconf 64' lang='lat' dir='ltr'>negatos,</span> <span class='ocrx_word' id='word_1_73' title='bbox 1150 1045 1239 1103; x_wconf 90' lang='lat' dir='ltr'>quum</span> <span class='ocrx_word' id='word_1_74' title='bbox 1259 1045 1318 1084; x_wconf 91' lang='lat' dir='ltr'>non</span> 
     </span>
     <span class='ocr_line' id='line_1_9' title="bbox 109 1104 1319 1182; baseline -0.002 -17"><span class='ocrx_word' id='word_1_75' title='bbox 109 1107 162 1166; x_wconf 86' lang='lat' dir='ltr'>dat</span> <span class='ocrx_word' id='word_1_76' title='bbox 175 1124 283 1164; x_wconf 86' lang='lat' dir='ltr'>novam</span> <span class='ocrx_word' id='word_1_77' title='bbox 297 1105 420 1181; x_wconf 81' lang='lat' dir='ltr'>gratiam</span> <span class='ocrx_word' id='word_1_78' title='bbox 484 1104 670 1182; x_wconf 87' lang='lat' dir='ltr'>perstandum</span> <span class='ocrx_word' id='word_1_79' title='bbox 684 1107 892 1167; x_wconf 79' lang='lat' dir='ltr'>neeessariam:</span> <span class='ocrx_word' id='word_1_80' title='bbox 914 1107 1009 1165; x_wconf 90' lang='lat' dir='ltr'>Priori</span> <span class='ocrx_word' id='word_1_81' title='bbox 1019 1127 1104 1166; x_wconf 88' lang='lat' dir='ltr'>sensu</span> <span class='ocrx_word' id='word_1_82' title='bbox 1120 1107 1200 1164; x_wconf 91' lang='lat' dir='ltr'>Dens</span> <span class='ocrx_word' id='word_1_83' title='bbox 1212 1105 1319 1164; x_wconf 89' lang='lat' dir='ltr'>deserit</span> 
     </span>
     <span class='ocr_line' id='line_1_10' title="bbox 110 1183 1318 1264; baseline -0.002 -19"><span class='ocrx_word' id='word_1_84' title='bbox 110 1186 245 1245; x_wconf 87' lang='lat' dir='ltr'>homines</span> <span class='ocrx_word' id='word_1_85' title='bbox 258 1192 433 1262; x_wconf 80' lang='lat' dir='ltr'>peccatores,</span> <span class='ocrx_word' id='word_1_86' title='bbox 454 1203 544 1261; x_wconf 90' lang='lat' dir='ltr'>quum</span> <span class='ocrx_word' id='word_1_87' title='bbox 557 1183 617 1242; x_wconf 89' lang='lat' dir='ltr'>illis</span> <span class='ocrx_word' id='word_1_88' title='bbox 637 1185 730 1245; x_wconf 81' lang='lat' dir='ltr'>aufert</span> <span class='ocrx_word' id='word_1_89' title='bbox 749 1186 847 1245; x_wconf 88' lang='lat' dir='ltr'>lumen</span> <span class='ocrx_word' id='word_1_90' title='bbox 867 1205 926 1264; x_wconf 91' lang='lat' dir='ltr'>quo</span> <span class='ocrx_word' id='word_1_91' title='bbox 946 1187 1112 1261; x_wconf 86' lang='lat' dir='ltr'>abutuntur,</span> <span class='ocrx_word' id='word_1_92' title='bbox 1135 1194 1165 1244; x_wconf 91' lang='lat' dir='ltr'>et</span> <span class='ocrx_word' id='word_1_93' title='bbox 1185 1185 1318 1262; x_wconf 89' lang='lat' dir='ltr'>spiritum</span> 
     </span>
     <span class='ocr_line' id='line_1_11' title="bbox 111 1264 1317 1340; baseline -0.003 -14"><span class='ocrx_word' id='word_1_94' title='bbox 111 1272 294 1326; x_wconf 67' lang='lat' dir='ltr'>coercentem</span> <span class='ocrx_word' id='word_1_95' title='bbox 308 1264 436 1340; x_wconf 87' lang='lat' dir='ltr'>retrahit,</span> <span class='ocrx_word' id='word_1_96' title='bbox 452 1283 509 1340; x_wconf 90' lang='lat' dir='ltr'>quo</span> <span class='ocrx_word' id='word_1_97' title='bbox 522 1264 564 1338; x_wconf 87' lang='lat' dir='ltr'>fit,</span> <span class='ocrx_word' id='word_1_98' title='bbox 586 1273 619 1324; x_wconf 89' lang='lat' dir='ltr'>ut</span> <span class='ocrx_word' id='word_1_99' title='bbox 633 1265 688 1324; x_wconf 92' lang='lat' dir='ltr'>hoc</span> <span class='ocrx_word' id='word_1_100' title='bbox 702 1265 784 1324; x_wconf 89' lang='lat' dir='ltr'>obice</span> <span class='ocrx_word' id='word_1_101' title='bbox 797 1275 908 1326; x_wconf 90' lang='lat' dir='ltr'>remoto</span> <span class='ocrx_word' id='word_1_102' title='bbox 922 1273 1008 1325; x_wconf 90' lang='lat' dir='ltr'>ruant</span> <span class='ocrx_word' id='word_1_103' title='bbox 1022 1267 1103 1324; x_wconf 89' lang='lat' dir='ltr'>velut</span> <span class='ocrx_word' id='word_1_104' title='bbox 1116 1264 1215 1324; x_wconf 85' lang='lat' dir='ltr'>effusis</span> <span class='ocrx_word' id='word_1_105' title='bbox 1228 1265 1317 1324; x_wconf 88' lang='lat' dir='ltr'>bebe-</span> 
     </span>
     <span class='ocr_line' id='line_1_12' title="bbox 111 1342 1319 1421; baseline 0.002 -19"><span class='ocrx_word' id='word_1_106' title='bbox 111 1346 157 1404; x_wconf 86' lang='lat' dir='ltr'>nis</span> <span class='ocrx_word' id='word_1_107' title='bbox 171 1347 202 1404; x_wconf 87' lang='lat' dir='ltr'>in</span> <span class='ocrx_word' id='word_1_108' title='bbox 217 1342 345 1403; x_wconf 83' lang='lat' dir='ltr'>scelere:</span> <span class='ocrx_word' id='word_1_109' title='bbox 367 1343 523 1403; x_wconf 84' lang='lat' dir='ltr'>Posteriori</span> <span class='ocrx_word' id='word_1_110' title='bbox 541 1343 669 1405; x_wconf 86' lang='lat' dir='ltr'>deseruit</span> <span class='ocrx_word' id='word_1_111' title='bbox 689 1344 845 1421; x_wconf 85' lang='lat' dir='ltr'>Adsmum,</span> <span class='ocrx_word' id='word_1_112' title='bbox 867 1363 926 1404; x_wconf 93' lang='lat' dir='ltr'>non</span> <span class='ocrx_word' id='word_1_113' title='bbox 940 1345 1037 1404; x_wconf 83' lang='lat' dir='ltr'>dendo</span> <span class='ocrx_word' id='word_1_114' title='bbox 1058 1364 1124 1403; x_wconf 93' lang='lat' dir='ltr'>cum</span> <span class='ocrx_word' id='word_1_115' title='bbox 1137 1345 1246 1404; x_wconf 73' lang='lat' dir='ltr'>aemilio</span> <span class='ocrx_word' id='word_1_116' title='bbox 1259 1345 1319 1404; x_wconf 80' lang='lat' dir='ltr'>eine</span> 
     </span>
     <span class='ocr_line' id='line_1_13' title="bbox 112 1423 1316 1502; baseline 0 -18"><span class='ocrx_word' id='word_1_117' title='bbox 112 1446 169 1502; x_wconf 83' lang='lat' dir='ltr'>quo</span> <span class='ocrx_word' id='word_1_118' title='bbox 182 1433 261 1485; x_wconf 84' lang='lat' dir='ltr'>staro</span> <span class='ocrx_word' id='word_1_119' title='bbox 274 1442 334 1482; x_wconf 92' lang='lat' dir='ltr'>non</span> <span class='ocrx_word' id='word_1_120' title='bbox 353 1430 474 1500; x_wconf 84' lang='lat' dir='ltr'>poterat,</span> <span class='ocrx_word' id='word_1_121' title='bbox 496 1431 597 1501; x_wconf 87' lang='lat' dir='ltr'>etque</span> <span class='ocrx_word' id='word_1_122' title='bbox 610 1423 736 1484; x_wconf 85' lang='lat' dir='ltr'>habebat</span> <span class='ocrx_word' id='word_1_123' title='bbox 755 1443 840 1502; x_wconf 89' lang='lat' dir='ltr'>posse</span> <span class='ocrx_word' id='word_1_124' title='bbox 854 1425 881 1483; x_wconf 88' lang='lat' dir='ltr'>si</span> <span class='ocrx_word' id='word_1_125' title='bbox 893 1426 991 1501; x_wconf 87' lang='lat' dir='ltr'>vellet,</span> <span class='ocrx_word' id='word_1_126' title='bbox 1013 1424 1153 1485; x_wconf 77' lang='lat' dir='ltr'>currilium</span> <span class='ocrx_word' id='word_1_127' title='bbox 1173 1443 1228 1502; x_wconf 80' lang='lat' dir='ltr'>quc</span> <span class='ocrx_word' id='word_1_128' title='bbox 1247 1432 1316 1484; x_wconf 88' lang='lat' dir='ltr'>actu</span> 
     </span>
     <span class='ocr_line' id='line_1_14' title="bbox 112 1501 695 1580; baseline -0.003 -16"><span class='ocrx_word' id='word_1_129' title='bbox 112 1513 213 1580; x_wconf 80' lang='lat' dir='ltr'>staret,</span> <span class='ocrx_word' id='word_1_130' title='bbox 228 1512 260 1563; x_wconf 92' lang='lat' dir='ltr'>et</span> <span class='ocrx_word' id='word_1_131' title='bbox 272 1501 393 1574; x_wconf 86' lang='lat' dir='ltr'>heberet</span> <span class='ocrx_word' id='word_1_132' title='bbox 406 1502 483 1562; x_wconf 85' lang='lat' dir='ltr'>velle</span> <span class='ocrx_word' id='word_1_133' title='bbox 497 1501 575 1580; x_wconf 89' lang='lat' dir='ltr'>quod</span> <span class='ocrx_word' id='word_1_134' title='bbox 587 1511 695 1580; x_wconf 90' lang='lat' dir='ltr'>posset.</span> 
     </span>
    </p>

    <p class='ocr_par' dir='ltr' id='par_1_3' title="bbox 103 1581 1320 2222">
     <span class='ocr_line' id='line_1_15' title="bbox 217 1581 1316 1663; baseline 0.002 -24"><span class='ocrx_word' id='word_1_135' title='bbox 217 1649 223 1660; x_wconf 38' lang='grc' dir='ltr'>Ι</span> <span class='ocrx_word' id='word_1_136' title='bbox 436 1581 514 1642; x_wconf 91' lang='lat' dir='ltr'>XII.</span> <span class='ocrx_word' id='word_1_137' title='bbox 535 1582 667 1642; x_wconf 81' lang='lat' dir='ltr'>Deserts&#39;o</span> <span class='ocrx_word' id='word_1_138' title='bbox 682 1589 780 1642; x_wconf 86' lang='lat' dir='ltr'>autem</span> <span class='ocrx_word' id='word_1_139' title='bbox 797 1583 854 1644; x_wconf 85' lang='lat' dir='ltr'>ists</span> <span class='ocrx_word' id='word_1_140' title='bbox 871 1591 968 1663; x_wconf 88' lang='lat' dir='ltr'>potest</span> <span class='ocrx_word' id='word_1_141' title='bbox 987 1602 1052 1645; x_wconf 88' lang='lat' dir='ltr'>esse</span> <span class='ocrx_word' id='word_1_142' title='bbox 1069 1582 1185 1662; x_wconf 84' lang='lat' dir='ltr'>triplex,</span> <span class='ocrx_word' id='word_1_143' title='bbox 1209 1585 1236 1642; x_wconf 90' lang='grc'>1.</span> <span class='ocrx_word' id='word_1_144' title='bbox 1251 1585 1316 1642; x_wconf 78' lang='lat' dir='ltr'>Ex-</span> 
     </span>
     <span class='ocr_line' id='line_1_16' title="bbox 112 1647 1316 1754; baseline 0.002 -34"><span class='ocrx_word' id='word_1_145' title='bbox 112 1647 355 1754; x_wconf 48' lang='lat' dir='ltr'>Qssssffissssffi</span> <span class='ocrx_word' id='word_1_146' title='bbox 369 1662 550 1739; x_wconf 75' lang='lat' dir='ltr'>plorationis,</span> <span class='ocrx_word' id='word_1_147' title='bbox 565 1677 654 1740; x_wconf 87' lang='lat' dir='ltr'>quum</span> <span class='ocrx_word' id='word_1_148' title='bbox 669 1663 749 1722; x_wconf 87' lang='lat' dir='ltr'>Deus</span> <span class='ocrx_word' id='word_1_149' title='bbox 763 1662 872 1724; x_wconf 87' lang='lat' dir='ltr'>deserit</span> <span class='ocrx_word' id='word_1_150' title='bbox 890 1663 1045 1742; x_wconf 85' lang='lat' dir='ltr'>hominem,</span> <span class='ocrx_word' id='word_1_151' title='bbox 1066 1672 1100 1724; x_wconf 88' lang='lat' dir='ltr'>ut</span> <span class='ocrx_word' id='word_1_152' title='bbox 1117 1683 1184 1723; x_wconf 92' lang='lat' dir='ltr'>eum</span> <span class='ocrx_word' id='word_1_153' title='bbox 1204 1664 1316 1742; x_wconf 91' lang='lat' dir='ltr'>probet,</span> 
     </span>
     <span class='ocr_line' id='line_1_17' title="bbox 103 1723 1317 1822; baseline 0.001 -21"><span class='ocrx_word' id='word_1_154' title='bbox 103 1745 117 1766; x_wconf 80' lang='lat'><em>⁶</em></span> <span class='ocrx_word' id='word_1_155' title='bbox 156 1723 173 1767; x_wconf 73' lang='lat'>¹²</span> <span class='ocrx_word' id='word_1_156' title='bbox 376 1740 470 1819; x_wconf 86' lang='lat' dir='ltr'>qualis</span> <span class='ocrx_word' id='word_1_157' title='bbox 483 1740 620 1802; x_wconf 87' lang='lat' dir='ltr'>tribuitur</span> <span class='ocrx_word' id='word_1_158' title='bbox 634 1741 776 1818; x_wconf 80' lang='lat' dir='ltr'>Ereohiae,</span> <span class='ocrx_word' id='word_1_159' title='bbox 792 1746 810 1801; x_wconf 80' lang='lat'><strong>2</strong></span> <span class='ocrx_word' id='word_1_160' title='bbox 825 1744 931 1803; x_wconf 71' lang='lat' dir='ltr'>chron.</span> <span class='ocrx_word' id='word_1_161' title='bbox 945 1745 1041 1803; x_wconf 84' lang='lat' dir='ltr'>xxxii.</span> <span class='ocrx_word' id='word_1_162' title='bbox 1056 1747 1104 1820; x_wconf 81' lang='lat'>31,</span> <span class='ocrx_word' id='word_1_163' title='bbox 1119 1762 1208 1822; x_wconf 91' lang='lat' dir='ltr'>quum</span> <span class='ocrx_word' id='word_1_164' title='bbox 1224 1744 1317 1821; x_wconf 86' lang='lat' dir='ltr'>Lege·</span> 
     </span>
     <span class='ocr_line' id='line_1_18' title="bbox 112 1819 1317 1902; baseline -0.002 -18"><span class='ocrx_word' id='word_1_165' title='bbox 112 1833 161 1885; x_wconf 85' lang='lat' dir='ltr'>tos</span> <span class='ocrx_word' id='word_1_166' title='bbox 173 1820 404 1901; x_wconf 83' lang='lat' dir='ltr'>Babyloniorum</span> <span class='ocrx_word' id='word_1_167' title='bbox 417 1819 542 1896; x_wconf 86' lang='lat' dir='ltr'>admisit,</span> <span class='ocrx_word' id='word_1_168' title='bbox 563 1830 594 1882; x_wconf 88' lang='lat' dir='ltr'>et</span> <span class='ocrx_word' id='word_1_169' title='bbox 607 1821 758 1882; x_wconf 85' lang='lat' dir='ltr'>thesauros</span> <span class='ocrx_word' id='word_1_170' title='bbox 779 1821 838 1881; x_wconf 89' lang='lat' dir='ltr'>illis</span> <span class='ocrx_word' id='word_1_171' title='bbox 858 1842 927 1883; x_wconf 85' lang='lat' dir='ltr'>suos</span> <span class='ocrx_word' id='word_1_172' title='bbox 947 1843 1047 1883; x_wconf 91' lang='lat' dir='ltr'>omnes</span> <span class='ocrx_word' id='word_1_173' title='bbox 1067 1823 1188 1902; x_wconf 83' lang='lat' dir='ltr'>aperuit,</span> <span class='ocrx_word' id='word_1_174' title='bbox 1209 1823 1317 1901; x_wconf 91' lang='lat' dir='ltr'>quippe</span> 
     </span>
     <span class='ocr_line' id='line_1_19' title="bbox 112 1901 1320 1979; baseline -0.003 -15"><span class='ocrx_word' id='word_1_175' title='bbox 112 1913 187 1964; x_wconf 88' lang='lat' dir='ltr'>tuno</span> <span class='ocrx_word' id='word_1_176' title='bbox 199 1903 304 1964; x_wconf 90' lang='lat' dir='ltr'>dicitur</span> <span class='ocrx_word' id='word_1_177' title='bbox 317 1901 400 1962; x_wconf 89' lang='lat' dir='ltr'>illurn</span> <span class='ocrx_word' id='word_1_178' title='bbox 413 1901 566 1960; x_wconf 70' lang='lat' dir='ltr'>decembre</span> <span class='ocrx_word' id='word_1_179' title='bbox 578 1901 668 1977; x_wconf 75' lang='lat' dir='ltr'>Deo,</span> <span class='ocrx_word' id='word_1_180' title='bbox 691 1909 724 1960; x_wconf 80' lang='lat' dir='ltr'>ot</span> <span class='ocrx_word' id='word_1_181' title='bbox 736 1903 876 1978; x_wconf 77' lang='lat' dir='ltr'>probaret</span> <span class='ocrx_word' id='word_1_182' title='bbox 894 1903 981 1978; x_wconf 69' lang='lat' dir='ltr'>idum,</span> <span class='ocrx_word' id='word_1_183' title='bbox 1002 1911 1030 1962; x_wconf 85' lang='lat' dir='ltr'>et</span> <span class='ocrx_word' id='word_1_184' title='bbox 1048 1912 1223 1978; x_wconf 66' lang='lat' dir='ltr'>cognosceret</span> <span class='ocrx_word' id='word_1_185' title='bbox 1242 1904 1320 1979; x_wconf 83' lang='lat' dir='ltr'>qaod</span> 
     </span>
     <span class='ocr_line' id='line_1_20' title="bbox 115 1979 1317 2060; baseline -0.001 -18"><span class='ocrx_word' id='word_1_186' title='bbox 115 1991 182 2043; x_wconf 84' lang='lat' dir='ltr'>erat</span> <span class='ocrx_word' id='word_1_187' title='bbox 193 1984 221 2042; x_wconf 80' lang='lat' dir='ltr'>rie</span> <span class='ocrx_word' id='word_1_188' title='bbox 233 1985 318 2043; x_wconf 78' lang='lat' dir='ltr'>eorde</span> <span class='ocrx_word' id='word_1_189' title='bbox 331 2001 390 2041; x_wconf 82' lang='lat' dir='ltr'>sue.</span> <span class='ocrx_word' id='word_1_190' title='bbox 433 1980 482 2040; x_wconf 86' lang='lat' dir='ltr'>Sic</span> <span class='ocrx_word' id='word_1_191' title='bbox 495 1979 623 2040; x_wconf 89' lang='lat' dir='ltr'>deseruit</span> <span class='ocrx_word' id='word_1_192' title='bbox 636 1979 792 2057; x_wconf 86' lang='lat' dir='ltr'>Adamurn,</span> <span class='ocrx_word' id='word_1_193' title='bbox 814 2001 903 2059; x_wconf 91' lang='lat' dir='ltr'>quum</span> <span class='ocrx_word' id='word_1_194' title='bbox 917 1982 1057 2060; x_wconf 85' lang='lat' dir='ltr'>permissa</span> <span class='ocrx_word' id='word_1_195' title='bbox 1069 1982 1236 2056; x_wconf 86' lang='lat' dir='ltr'>tentatione,</span> <span class='ocrx_word' id='word_1_196' title='bbox 1258 2001 1317 2041; x_wconf 88' lang='lat' dir='ltr'>non</span> 
     </span>
     <span class='ocr_line' id='line_1_21' title="bbox 112 2059 1316 2138; baseline -0.004 -14"><span class='ocrx_word' id='word_1_197' title='bbox 112 2063 195 2124; x_wconf 86' lang='lat' dir='ltr'>dedit</span> <span class='ocrx_word' id='word_1_198' title='bbox 207 2063 251 2122; x_wconf 84' lang='lat' dir='ltr'>illi</span> <span class='ocrx_word' id='word_1_199' title='bbox 265 2061 369 2122; x_wconf 83' lang='lat' dir='ltr'>efficax</span> <span class='ocrx_word' id='word_1_200' title='bbox 382 2059 597 2138; x_wconf 66' lang='lat' dir='ltr'>auxiliumque</span> <span class='ocrx_word' id='word_1_201' title='bbox 610 2059 655 2119; x_wconf 88' lang='lat' dir='ltr'>illi</span> <span class='ocrx_word' id='word_1_202' title='bbox 667 2059 827 2136; x_wconf 88' lang='lat' dir='ltr'>resisteret;</span> <span class='ocrx_word' id='word_1_203' title='bbox 851 2061 915 2120; x_wconf 91' lang='lat' dir='ltr'>Deo</span> <span class='ocrx_word' id='word_1_204' title='bbox 924 2061 1016 2120; x_wconf 86' lang='lat' dir='ltr'>veluti</span> <span class='ocrx_word' id='word_1_205' title='bbox 1029 2060 1142 2120; x_wconf 85' lang='lat' dir='ltr'>eminus</span> <span class='ocrx_word' id='word_1_206' title='bbox 1155 2059 1316 2137; x_wconf 87' lang='lat' dir='ltr'>recedente,</span> 
     </span>
     <span class='ocr_line' id='line_1_22' title="bbox 113 2138 1316 2222; baseline -0.003 -18"><span class='ocrx_word' id='word_1_207' title='bbox 113 2153 147 2204; x_wconf 89' lang='lat' dir='ltr'>ut</span> <span class='ocrx_word' id='word_1_208' title='bbox 158 2143 309 2222; x_wconf 88' lang='lat' dir='ltr'>patefieret</span> <span class='ocrx_word' id='word_1_209' title='bbox 322 2148 432 2220; x_wconf 85' lang='lat' dir='ltr'>quante</span> <span class='ocrx_word' id='word_1_210' title='bbox 449 2139 487 2199; x_wconf 92' lang='lat' dir='ltr'>sit</span> <span class='ocrx_word' id='word_1_211' title='bbox 501 2139 563 2200; x_wconf 91' lang='lat' dir='ltr'>sine</span> <span class='ocrx_word' id='word_1_212' title='bbox 578 2139 722 2200; x_wconf 84' lang='lat' dir='ltr'>Crantoris</span> <span class='ocrx_word' id='word_1_213' title='bbox 735 2139 842 2199; x_wconf 84' lang='lat' dir='ltr'>virtute</span> <span class='ocrx_word' id='word_1_214' title='bbox 855 2140 989 2200; x_wconf 85' lang='lat' dir='ltr'>humsnae</span> <span class='ocrx_word' id='word_1_215' title='bbox 999 2148 1109 2200; x_wconf 73' lang='lat' dir='ltr'>nature</span> <span class='ocrx_word' id='word_1_216' title='bbox 1123 2138 1316 2200; x_wconf 82' lang='lat' dir='ltr'>imbecillitas.</span> 
     </span>
    </p>

    <p class='ocr_par' dir='ltr' id='par_1_4' title="bbox 11 2218 1320 2620">
     <span class='ocr_line' id='line_1_23' title="bbox 251 2218 1318 2297; baseline 0.002 -19"><span class='ocrx_word' id='word_1_217' title='bbox 251 2276 258 2288; x_wconf 75' lang='lat'>‚</span> <span class='ocrx_word' id='word_1_218' title='bbox 294 2275 300 2288; x_wconf 92' lang='grc'>,</span> <span class='ocrx_word' id='word_1_219' title='bbox 377 2223 405 2278; x_wconf 81' lang='grc'>2.</span> <span class='ocrx_word' id='word_1_220' title='bbox 422 2219 618 2296; x_wconf 73' lang='lat' dir='ltr'>Correotiorui,</span> <span class='ocrx_word' id='word_1_221' title='bbox 633 2227 766 2297; x_wconf 85' lang='lat' dir='ltr'>respectu</span> <span class='ocrx_word' id='word_1_222' title='bbox 787 2219 927 2280; x_wconf 74' lang='lat' dir='ltr'>Ecclesia</span> <span class='ocrx_word' id='word_1_223' title='bbox 940 2228 975 2279; x_wconf 87' lang='lat' dir='ltr'>-et</span> <span class='ocrx_word' id='word_1_224' title='bbox 992 2218 1130 2294; x_wconf 89' lang='lat' dir='ltr'>fidelium,</span> <span class='ocrx_word' id='word_1_225' title='bbox 1142 2237 1215 2296; x_wconf 90' lang='lat' dir='ltr'>quos</span> <span class='ocrx_word' id='word_1_226' title='bbox 1237 2219 1318 2280; x_wconf 89' lang='lat' dir='ltr'>Deus</span> 
     </span>
     <span class='ocr_line' id='line_1_24' title="bbox 147 2275 1316 2377; baseline 0 -19"><span class='ocrx_word' id='word_1_227' title='bbox 147 2275 321 2322; x_wconf 70' lang='lat' dir='ltr'>commone.</span> <span class='ocrx_word' id='word_1_228' title='bbox 375 2298 482 2360; x_wconf 90' lang='lat' dir='ltr'>dicitur</span> <span class='ocrx_word' id='word_1_229' title='bbox 495 2298 626 2359; x_wconf 88' lang='lat' dir='ltr'>deserere</span> <span class='ocrx_word' id='word_1_230' title='bbox 640 2299 677 2360; x_wconf 86' lang='lat' dir='ltr'>ad</span> <span class='ocrx_word' id='word_1_231' title='bbox 691 2307 813 2377; x_wconf 89' lang='lat' dir='ltr'>ternpus,</span> <span class='ocrx_word' id='word_1_232' title='bbox 828 2307 863 2360; x_wconf 92' lang='lat' dir='ltr'>ut</span> <span class='ocrx_word' id='word_1_233' title='bbox 875 2308 976 2377; x_wconf 87' lang='lat' dir='ltr'>postes</span> <span class='ocrx_word' id='word_1_234' title='bbox 990 2299 1111 2376; x_wconf 83' lang='lat' dir='ltr'>colligat</span> <span class='ocrx_word' id='word_1_235' title='bbox 1121 2317 1172 2358; x_wconf 89' lang='lat' dir='ltr'>eos</span> <span class='ocrx_word' id='word_1_236' title='bbox 1185 2298 1216 2356; x_wconf 92' lang='lat' dir='ltr'>in</span> <span class='ocrx_word' id='word_1_237' title='bbox 1231 2298 1316 2358; x_wconf 89' lang='lat' dir='ltr'>mise·</span> 
     </span>
     <span class='ocr_line' id='line_1_25' title="bbox 113 2378 1318 2472; baseline -0.002 -31"><span class='ocrx_word' id='word_1_238' title='bbox 113 2381 276 2441; x_wconf 83' lang='lat' dir='ltr'>rationibus</span> <span class='ocrx_word' id='word_1_239' title='bbox 286 2379 409 2453; x_wconf 80' lang='lat' dir='ltr'>aeternis,</span> <span class='ocrx_word' id='word_1_240' title='bbox 422 2379 463 2438; x_wconf 83' lang='lat' dir='ltr'>Is.</span> <span class='ocrx_word' id='word_1_241' title='bbox 471 2379 559 2455; x_wconf 61' lang='lat' dir='ltr'>live,</span> <span class='ocrx_word' id='word_1_242' title='bbox 569 2387 599 2439; x_wconf 91' lang='lat' dir='ltr'>et</span> <span class='ocrx_word' id='word_1_243' title='bbox 608 2379 657 2439; x_wconf 87' lang='lat' dir='ltr'>Pe.</span> <span class='ocrx_word' id='word_1_244' title='bbox 668 2397 757 2438; x_wconf 83' lang='lat' dir='ltr'>cxxv.</span> <span class='ocrx_word' id='word_1_245' title='bbox 768 2381 796 2438; x_wconf 79' lang='grc'>3.</span> <span class='ocrx_word' id='word_1_246' title='bbox 817 2381 846 2439; x_wconf 82' lang='grc'>3.</span> <span class='ocrx_word' id='word_1_247' title='bbox 855 2380 1094 2472; x_wconf 67' lang='lat' dir='ltr'>Prenolrisjudr&#39;oir&#39;,</span> <span class='ocrx_word' id='word_1_248' title='bbox 1103 2378 1197 2456; x_wconf 84' lang='lat' dir='ltr'>qualis</span> <span class='ocrx_word' id='word_1_249' title='bbox 1207 2378 1318 2438; x_wconf 87' lang='lat' dir='ltr'>denun-</span> 
     </span>
     <span class='ocr_line' id='line_1_26' title="bbox 11 2457 1320 2620; baseline -0.002 -20"><span class='ocrx_word' id='word_1_250' title='bbox 11 2593 12 2600; x_wconf 13' lang='grc' dir='ltr'>ι</span> <span class='ocrx_word' id='word_1_251' title='bbox 378 2457 821 2615; x_wconf 56' lang='grc' dir='ltr'>ἓὲἪὲῑξὲιῗἚῒιέιῗὲξ·</span> <span class='ocrx_word' id='word_1_252' title='bbox 836 2460 1214 2620; x_wconf 48' lang='lat' dir='ltr'>{titillationi</span> <span class='ocrx_word' id='word_1_253' title='bbox 1233 2479 1320 2598; x_wconf 55' lang='lat' dir='ltr'>ills</span> 
     </span>
    </p>

    <p class='ocr_par' dir='ltr' id='par_1_5' title="bbox 114 2617 836 2698">
     <span class='ocr_line' id='line_1_27' title="bbox 114 2617 836 2698; baseline -0.003 -18"><span class='ocrx_word' id='word_1_254' title='bbox 114 2619 304 2698; x_wconf 83' lang='lat' dir='ltr'>dereliquisse</span> <span class='ocrx_word' id='word_1_255' title='bbox 318 2627 348 2678; x_wconf 91' lang='lat' dir='ltr'>et</span> <span class='ocrx_word' id='word_1_256' title='bbox 357 2617 510 2678; x_wconf 84' lang='lat' dir='ltr'>tradidisse</span> <span class='ocrx_word' id='word_1_257' title='bbox 523 2617 638 2695; x_wconf 89' lang='lat' dir='ltr'>dieitur,</span> <span class='ocrx_word' id='word_1_258' title='bbox 653 2619 738 2678; x_wconf 84' lang='lat' dir='ltr'>Rom.</span> <span class='ocrx_word' id='word_1_259' title='bbox 753 2619 773 2678; x_wconf 86' lang='lat' dir='ltr'>i.</span> <span class='ocrx_word' id='word_1_260' title='bbox 787 2622 836 2679; x_wconf 79' lang='lat'>24.</span> 
     </span>
    </p>

    <p class='ocr_par' dir='ltr' id='par_1_6' title="bbox 11 2697 1319 2780">
     <span class='ocr_line' id='line_1_28' title="bbox 11 2697 1319 2780; baseline -0.001 -19"><span class='ocrx_word' id='word_1_261' title='bbox 11 2719 12 2770; x_wconf 68' lang='grc' dir='ltr'>ι</span> <span class='ocrx_word' id='word_1_262' title='bbox 155 2699 253 2762; x_wconf 89' lang='lat' dir='ltr'>XIII.</span> <span class='ocrx_word' id='word_1_263' title='bbox 276 2699 375 2777; x_wconf 88' lang='lat' dir='ltr'>Hujus</span> <span class='ocrx_word' id='word_1_264' title='bbox 388 2707 485 2758; x_wconf 87' lang='lat' dir='ltr'>sutem</span> <span class='ocrx_word' id='word_1_265' title='bbox 498 2697 669 2758; x_wconf 80' lang='lat' dir='ltr'>desertIonis</span> <span class='ocrx_word' id='word_1_266' title='bbox 683 2717 771 2759; x_wconf 86' lang='lat' dir='ltr'>causa</span> <span class='ocrx_word' id='word_1_267' title='bbox 784 2707 830 2760; x_wconf 87' lang='lat' dir='ltr'>est</span> <span class='ocrx_word' id='word_1_268' title='bbox 843 2719 956 2778; x_wconf 88' lang='lat' dir='ltr'>semper</span> <span class='ocrx_word' id='word_1_269' title='bbox 972 2699 1054 2780; x_wconf 85' lang='lat' dir='ltr'>juste</span> <span class='ocrx_word' id='word_1_270' title='bbox 1067 2707 1097 2761; x_wconf 93' lang='lat' dir='ltr'>et</span> <span class='ocrx_word' id='word_1_271' title='bbox 1110 2707 1210 2760; x_wconf 84' lang='lat' dir='ltr'>seuots</span> <span class='ocrx_word' id='word_1_272' title='bbox 1229 2717 1319 2779; x_wconf 89' lang='lat' dir='ltr'>penes</span> 
     </span>
    </p>

    <p class='ocr_par' dir='ltr' id='par_1_7' title="bbox 114 2776 1321 3332">
     <span class='ocr_line' id='line_1_29' title="bbox 116 2776 1319 2857; baseline 0.002 -19"><span class='ocrx_word' id='word_1_273' title='bbox 116 2779 232 2854; x_wconf 73' lang='lat' dir='ltr'>Deum,</span> <span class='ocrx_word' id='word_1_274' title='bbox 257 2777 310 2838; x_wconf 88' lang='lat' dir='ltr'>sed</span> <span class='ocrx_word' id='word_1_275' title='bbox 333 2776 419 2838; x_wconf 90' lang='lat' dir='ltr'>modo</span> <span class='ocrx_word' id='word_1_276' title='bbox 443 2776 604 2855; x_wconf 60' lang='lat' dir='ltr'>manifesta,</span> <span class='ocrx_word' id='word_1_277' title='bbox 628 2785 662 2840; x_wconf 91' lang='lat' dir='ltr'>ut</span> <span class='ocrx_word' id='word_1_278' title='bbox 685 2777 810 2839; x_wconf 89' lang='lat' dir='ltr'>desertio</span> <span class='ocrx_word' id='word_1_279' title='bbox 833 2789 1025 2857; x_wconf 88' lang='lat' dir='ltr'>peecatorum,</span> <span class='ocrx_word' id='word_1_280' title='bbox 1040 2781 1091 2857; x_wconf 91' lang='lat' dir='ltr'>qui</span> <span class='ocrx_word' id='word_1_281' title='bbox 1110 2780 1237 2857; x_wconf 85' lang='lat' dir='ltr'>peccetis</span> <span class='ocrx_word' id='word_1_282' title='bbox 1258 2781 1319 2841; x_wconf 89' lang='lat' dir='ltr'>suis</span> 
     </span>
     <span class='ocr_line' id='line_1_30' title="bbox 114 2857 1320 2938; baseline 0.002 -21"><span class='ocrx_word' id='word_1_283' title='bbox 114 2857 345 2936; x_wconf 68' lang='lat' dir='ltr'>precedentibus</span> <span class='ocrx_word' id='word_1_284' title='bbox 357 2875 422 2917; x_wconf 89' lang='lat' dir='ltr'>eam</span> <span class='ocrx_word' id='word_1_285' title='bbox 435 2857 595 2917; x_wconf 86' lang='lat' dir='ltr'>commeriti</span> <span class='ocrx_word' id='word_1_286' title='bbox 618 2865 693 2932; x_wconf 80' lang='lat' dir='ltr'>erunt,</span> <span class='ocrx_word' id='word_1_287' title='bbox 714 2857 802 2918; x_wconf 90' lang='lat' dir='ltr'>modo</span> <span class='ocrx_word' id='word_1_288' title='bbox 815 2859 929 2919; x_wconf 85' lang='lat' dir='ltr'>occulta</span> <span class='ocrx_word' id='word_1_289' title='bbox 941 2867 1047 2934; x_wconf 87' lang='lat' dir='ltr'>menet,</span> <span class='ocrx_word' id='word_1_290' title='bbox 1068 2861 1163 2936; x_wconf 85' lang='lat' dir='ltr'>qualis</span> <span class='ocrx_word' id='word_1_291' title='bbox 1176 2861 1207 2918; x_wconf 94' lang='lat' dir='ltr'>in</span> <span class='ocrx_word' id='word_1_292' title='bbox 1226 2861 1320 2938; x_wconf 89' lang='lat' dir='ltr'>primo</span> 
     </span>
     <span class='ocr_line' id='line_1_31' title="bbox 114 2935 1318 3015; baseline 0 -19"><span class='ocrx_word' id='word_1_293' title='bbox 114 2937 225 2998; x_wconf 85' lang='lat' dir='ltr'>Adami</span> <span class='ocrx_word' id='word_1_294' title='bbox 238 2945 367 3015; x_wconf 85' lang='lat' dir='ltr'>peceato.</span> <span class='ocrx_word' id='word_1_295' title='bbox 409 2935 530 2997; x_wconf 89' lang='lat' dir='ltr'>Interim</span> <span class='ocrx_word' id='word_1_296' title='bbox 544 2935 698 2997; x_wconf 85' lang='lat' dir='ltr'>causalitas</span> <span class='ocrx_word' id='word_1_297' title='bbox 717 2937 782 3014; x_wconf 88' lang='lat' dir='ltr'>ejus</span> <span class='ocrx_word' id='word_1_298' title='bbox 795 2957 853 2996; x_wconf 90' lang='lat' dir='ltr'>non</span> <span class='ocrx_word' id='word_1_299' title='bbox 866 2946 963 3015; x_wconf 83' lang='lat' dir='ltr'>potest</span> <span class='ocrx_word' id='word_1_300' title='bbox 983 2939 1047 2997; x_wconf 89' lang='lat' dir='ltr'>Deo</span> <span class='ocrx_word' id='word_1_301' title='bbox 1060 2937 1122 2998; x_wconf 83' lang='lat' dir='ltr'>ulle</span> <span class='ocrx_word' id='word_1_302' title='bbox 1134 2939 1244 2998; x_wconf 86' lang='lat' dir='ltr'>ratione</span> <span class='ocrx_word' id='word_1_303' title='bbox 1265 2941 1318 2998; x_wconf 85' lang='lat' dir='ltr'>inr-</span> 
     </span>
     <span class='ocr_line' id='line_1_32' title="bbox 115 3015 1318 3096; baseline 0 -20"><span class='ocrx_word' id='word_1_304' title='bbox 115 3018 205 3096; x_wconf 84' lang='lat' dir='ltr'>pingi,</span> <span class='ocrx_word' id='word_1_305' title='bbox 221 3018 291 3094; x_wconf 89' lang='lat' dir='ltr'>quia</span> <span class='ocrx_word' id='word_1_306' title='bbox 303 3036 356 3094; x_wconf 89' lang='lat' dir='ltr'>per</span> <span class='ocrx_word' id='word_1_307' title='bbox 369 3015 560 3076; x_wconf 84' lang='lat' dir='ltr'>desertionem</span> <span class='ocrx_word' id='word_1_308' title='bbox 572 3015 663 3084; x_wconf 87' lang='lat' dir='ltr'>illam,</span> <span class='ocrx_word' id='word_1_309' title='bbox 677 3035 732 3075; x_wconf 92' lang='lat' dir='ltr'>neo</span> <span class='ocrx_word' id='word_1_310' title='bbox 742 3016 838 3093; x_wconf 71' lang='lat' dir='ltr'>coegit</span> <span class='ocrx_word' id='word_1_311' title='bbox 851 3016 933 3075; x_wconf 89' lang='lat' dir='ltr'>illum</span> <span class='ocrx_word' id='word_1_312' title='bbox 944 3015 983 3074; x_wconf 88' lang='lat' dir='ltr'>sd</span> <span class='ocrx_word' id='word_1_313' title='bbox 995 3016 1118 3094; x_wconf 86' lang='lat' dir='ltr'>lapsum,</span> <span class='ocrx_word' id='word_1_314' title='bbox 1133 3037 1187 3076; x_wconf 91' lang='lat' dir='ltr'>nec</span> <span class='ocrx_word' id='word_1_315' title='bbox 1197 3017 1318 3095; x_wconf 86' lang='lat' dir='ltr'>inspira-</span> 
     </span>
     <span class='ocr_line' id='line_1_33' title="bbox 115 3095 1319 3176; baseline -0.002 -20"><span class='ocrx_word' id='word_1_316' title='bbox 115 3097 159 3157; x_wconf 86' lang='lat' dir='ltr'>vit</span> <span class='ocrx_word' id='word_1_317' title='bbox 172 3095 229 3176; x_wconf 91' lang='lat' dir='ltr'>ipsi</span> <span class='ocrx_word' id='word_1_318' title='bbox 243 3097 425 3158; x_wconf 87' lang='lat' dir='ltr'>voluntatem</span> <span class='ocrx_word' id='word_1_319' title='bbox 437 3095 563 3172; x_wconf 83' lang='lat' dir='ltr'>lebendi,</span> <span class='ocrx_word' id='word_1_320' title='bbox 584 3115 640 3156; x_wconf 87' lang='lat' dir='ltr'>neo</span> <span class='ocrx_word' id='word_1_321' title='bbox 653 3095 775 3154; x_wconf 86' lang='lat' dir='ltr'>abstulit</span> <span class='ocrx_word' id='word_1_322' title='bbox 794 3095 917 3172; x_wconf 87' lang='lat' dir='ltr'>gratiam</span> <span class='ocrx_word' id='word_1_323' title='bbox 930 3095 1019 3155; x_wconf 90' lang='lat' dir='ltr'>ullam</span> <span class='ocrx_word' id='word_1_324' title='bbox 1033 3096 1175 3154; x_wconf 87' lang='lat' dir='ltr'>internam</span> <span class='ocrx_word' id='word_1_325' title='bbox 1189 3096 1219 3152; x_wconf 90' lang='lat' dir='ltr'>iu</span> <span class='ocrx_word' id='word_1_326' title='bbox 1240 3115 1319 3155; x_wconf 88' lang='lat' dir='ltr'>orea-</span> 
     </span>
     <span class='ocr_line' id='line_1_34' title="bbox 114 3173 1319 3253; baseline 0 -18"><span class='ocrx_word' id='word_1_327' title='bbox 114 3177 192 3236; x_wconf 86' lang='lat' dir='ltr'>tione</span> <span class='ocrx_word' id='word_1_328' title='bbox 206 3175 315 3251; x_wconf 78' lang='lat' dir='ltr'>datam,</span> <span class='ocrx_word' id='word_1_329' title='bbox 330 3175 382 3236; x_wconf 86' lang='lat' dir='ltr'>sed</span> <span class='ocrx_word' id='word_1_330' title='bbox 395 3183 507 3236; x_wconf 86' lang='lat' dir='ltr'>tantum</span> <span class='ocrx_word' id='word_1_331' title='bbox 527 3174 684 3252; x_wconf 81' lang='lat' dir='ltr'>denegavit</span> <span class='ocrx_word' id='word_1_332' title='bbox 697 3174 855 3234; x_wconf 84' lang='lat' dir='ltr'>indebitam</span> <span class='ocrx_word' id='word_1_333' title='bbox 872 3175 994 3253; x_wconf 60' lang='lat' dir='ltr'>gatiam</span> <span class='ocrx_word' id='word_1_334' title='bbox 1014 3173 1240 3234; x_wconf 82' lang='lat' dir='ltr'>confirmationis</span> <span class='ocrx_word' id='word_1_335' title='bbox 1260 3195 1319 3236; x_wconf 91' lang='lat' dir='ltr'>non</span> 
     </span>
     <span class='ocr_line' id='line_1_35' title="bbox 114 3253 1321 3332; baseline 0 -16"><span class='ocrx_word' id='word_1_336' title='bbox 114 3257 222 3332; x_wconf 84' lang='lat' dir='ltr'>datum,</span> <span class='ocrx_word' id='word_1_337' title='bbox 237 3275 276 3316; x_wconf 83' lang='lat' dir='ltr'>ex</span> <span class='ocrx_word' id='word_1_338' title='bbox 288 3255 436 3316; x_wconf 86' lang='lat' dir='ltr'>liberrimo</span> <span class='ocrx_word' id='word_1_339' title='bbox 455 3255 614 3315; x_wconf 80' lang='lat' dir='ltr'>voluntatis</span> <span class='ocrx_word' id='word_1_340' title='bbox 628 3274 688 3314; x_wconf 84' lang='lat' dir='ltr'>ense</span> <span class='ocrx_word' id='word_1_341' title='bbox 707 3253 896 3332; x_wconf 86' lang='lat' dir='ltr'>beneplacito,</span> <span class='ocrx_word' id='word_1_342' title='bbox 917 3273 976 3332; x_wconf 91' lang='lat' dir='ltr'>quo</span> <span class='ocrx_word' id='word_1_343' title='bbox 990 3254 1026 3314; x_wconf 92' lang='lat' dir='ltr'>de</span> <span class='ocrx_word' id='word_1_344' title='bbox 1047 3271 1099 3314; x_wconf 91' lang='lat' dir='ltr'>suo</span> <span class='ocrx_word' id='word_1_345' title='bbox 1119 3254 1269 3332; x_wconf 87' lang='lat' dir='ltr'>dispensat</span> <span class='ocrx_word' id='word_1_346' title='bbox 1288 3264 1321 3316; x_wconf 89' lang='lat' dir='ltr'>ut</span> 
     </span>
    </p>
   </div>
   <div class='ocr_carea' id='block_1_3' title="bbox 11 3334 1320 3494">
    <p class='ocr_par' dir='ltr' id='par_1_8' title="bbox 11 3334 1320 3494">
     <span class='ocr_line' id='line_1_36' title="bbox 11 3334 1318 3413; baseline 0.002 -19"><span class='ocrx_word' id='word_1_347' title='bbox 11 3385 13 3394; x_wconf 80' lang='grc'>,</span> <span class='ocrx_word' id='word_1_348' title='bbox 115 3336 188 3412; x_wconf 82' lang='lat' dir='ltr'>vult,</span> <span class='ocrx_word' id='word_1_349' title='bbox 209 3335 286 3396; x_wconf 88' lang='lat' dir='ltr'>liber</span> <span class='ocrx_word' id='word_1_350' title='bbox 305 3355 387 3413; x_wconf 85' lang='lat' dir='ltr'>seque</span> <span class='ocrx_word' id='word_1_351' title='bbox 400 3334 541 3395; x_wconf 89' lang='lat' dir='ltr'>donorum</span> <span class='ocrx_word' id='word_1_352' title='bbox 555 3353 672 3394; x_wconf 89' lang='lat' dir='ltr'>suorum</span> <span class='ocrx_word' id='word_1_353' title='bbox 695 3343 816 3412; x_wconf 82' lang='lat' dir='ltr'>negator</span> <span class='ocrx_word' id='word_1_354' title='bbox 829 3353 863 3393; x_wconf 88' lang='lat' dir='ltr'>ao</span> <span class='ocrx_word' id='word_1_355' title='bbox 883 3334 1013 3412; x_wconf 86' lang='lat' dir='ltr'>largitor.</span> <span class='ocrx_word' id='word_1_356' title='bbox 1055 3334 1139 3394; x_wconf 89' lang='lat' dir='ltr'>Licet</span> <span class='ocrx_word' id='word_1_357' title='bbox 1158 3342 1255 3395; x_wconf 89' lang='lat' dir='ltr'>eutem</span> <span class='ocrx_word' id='word_1_358' title='bbox 1269 3355 1318 3396; x_wconf 90' lang='lat' dir='ltr'>ne·</span> 
     </span>
     <span class='ocr_line' id='line_1_37' title="bbox 11 3411 1320 3494; baseline 0.001 -21"><span class='ocrx_word' id='word_1_359' title='bbox 11 3415 13 3448; x_wconf 73' lang='lat'>³</span> <span class='ocrx_word' id='word_1_360' title='bbox 116 3417 238 3476; x_wconf 82' lang='lat' dir='ltr'>cessitas</span> <span class='ocrx_word' id='word_1_361' title='bbox 250 3415 350 3494; x_wconf 82' lang='lat' dir='ltr'>lapsus</span> <span class='ocrx_word' id='word_1_362' title='bbox 363 3434 429 3475; x_wconf 89' lang='lat' dir='ltr'>enm</span> <span class='ocrx_word' id='word_1_363' title='bbox 449 3415 603 3492; x_wconf 82' lang='lat' dir='ltr'>negatione</span> <span class='ocrx_word' id='word_1_364' title='bbox 616 3414 701 3474; x_wconf 88' lang='lat' dir='ltr'>istius</span> <span class='ocrx_word' id='word_1_365' title='bbox 720 3413 822 3492; x_wconf 82' lang='lat' dir='ltr'>gratiae</span> <span class='ocrx_word' id='word_1_366' title='bbox 840 3411 934 3490; x_wconf 82' lang='lat' dir='ltr'>fuerit,</span> <span class='ocrx_word' id='word_1_367' title='bbox 955 3434 1014 3475; x_wconf 91' lang='lat' dir='ltr'>non</span> <span class='ocrx_word' id='word_1_368' title='bbox 1028 3415 1143 3475; x_wconf 88' lang='lat' dir='ltr'>sublata</span> <span class='ocrx_word' id='word_1_369' title='bbox 1155 3413 1210 3474; x_wconf 83' lang='lat' dir='ltr'>tuit</span> <span class='ocrx_word' id='word_1_370' title='bbox 1223 3423 1320 3475; x_wconf 88' lang='lat' dir='ltr'>tamen</span> 
     </span>
    </p>
   </div>
   <div class='ocr_carea' id='block_1_4' title="bbox 114 3490 1321 3573">
    <p class='ocr_par' dir='ltr' id='par_1_9' title="bbox 114 3490 1321 3573">
     <span class='ocr_line' id='line_1_38' title="bbox 114 3490 1321 3573; baseline 0.002 -20"><span class='ocrx_word' id='word_1_371' title='bbox 114 3495 236 3556; x_wconf 84' lang='lat' dir='ltr'>libertas</span> <span class='ocrx_word' id='word_1_372' title='bbox 253 3502 284 3554; x_wconf 91' lang='lat' dir='ltr'>et</span> <span class='ocrx_word' id='word_1_373' title='bbox 304 3492 499 3573; x_wconf 85' lang='lat' dir='ltr'>spontaneitas</span> <span class='ocrx_word' id='word_1_374' title='bbox 519 3490 644 3553; x_wconf 89' lang='lat' dir='ltr'>hominis</span> <span class='ocrx_word' id='word_1_375' title='bbox 664 3493 819 3572; x_wconf 86' lang='lat' dir='ltr'>peccantis,</span> <span class='ocrx_word' id='word_1_376' title='bbox 841 3493 894 3554; x_wconf 90' lang='lat' dir='ltr'>sed</span> <span class='ocrx_word' id='word_1_377' title='bbox 911 3503 1023 3555; x_wconf 86' lang='lat' dir='ltr'>tentum</span> <span class='ocrx_word' id='word_1_378' title='bbox 1044 3503 1201 3571; x_wconf 82' lang='lat' dir='ltr'>ostensum,</span> <span class='ocrx_word' id='word_1_379' title='bbox 1224 3496 1321 3556; x_wconf 88' lang='lat' dir='ltr'>Deum</span> 
     </span>
    </p>
   </div>
   <div class='ocr_carea' id='block_1_5' title="bbox 11 3573 1320 3652">
    <p class='ocr_par' dir='ltr' id='par_1_10' title="bbox 11 3573 1320 3652">
     <span class='ocr_line' id='line_1_39' title="bbox 11 3573 1320 3652; baseline 0.002 -20"><span class='ocrx_word' id='word_1_380' title='bbox 11 3589 12 3620; x_wconf 73' lang='lat'><em>³</em></span> <span class='ocrx_word' id='word_1_381' title='bbox 115 3575 255 3650; x_wconf 86' lang='lat' dir='ltr'>voluisse,</span> <span class='ocrx_word' id='word_1_382' title='bbox 269 3582 303 3635; x_wconf 92' lang='lat' dir='ltr'>ut</span> <span class='ocrx_word' id='word_1_383' title='bbox 316 3581 394 3634; x_wconf 86' lang='lat' dir='ltr'>certo</span> <span class='ocrx_word' id='word_1_384' title='bbox 414 3573 568 3634; x_wconf 81' lang='lat' dir='ltr'>laberetur.</span> <span class='ocrx_word' id='word_1_385' title='bbox 608 3573 720 3634; x_wconf 89' lang='lat' dir='ltr'>Verum</span> <span class='ocrx_word' id='word_1_386' title='bbox 739 3583 774 3635; x_wconf 90' lang='lat' dir='ltr'>ut</span> <span class='ocrx_word' id='word_1_387' title='bbox 794 3575 875 3635; x_wconf 88' lang='lat' dir='ltr'>Deus</span> <span class='ocrx_word' id='word_1_388' title='bbox 891 3593 956 3635; x_wconf 88' lang='lat' dir='ltr'>eum</span> <span class='ocrx_word' id='word_1_389' title='bbox 977 3583 1056 3635; x_wconf 89' lang='lat' dir='ltr'>certo</span> <span class='ocrx_word' id='word_1_390' title='bbox 1076 3573 1137 3646; x_wconf 85' lang='lat' dir='ltr'>labi</span> <span class='ocrx_word' id='word_1_391' title='bbox 1155 3575 1258 3652; x_wconf 87' lang='lat' dir='ltr'>voluit,</span> <span class='ocrx_word' id='word_1_392' title='bbox 1281 3597 1320 3635; x_wconf 83' lang='lat' dir='ltr'>ex</span> 
     </span>
    </p>
   </div>
   <div class='ocr_carea' id='block_1_6' title="bbox 114 3653 1322 4130">
    <p class='ocr_par' dir='ltr' id='par_1_11' title="bbox 114 3653 1320 3970">
     <span class='ocr_line' id='line_1_40' title="bbox 115 3653 1320 3732; baseline -0.001 -17"><span class='ocrx_word' id='word_1_393' title='bbox 115 3663 225 3715; x_wconf 76' lang='lat' dir='ltr'>eterno</span> <span class='ocrx_word' id='word_1_394' title='bbox 239 3673 292 3714; x_wconf 87' lang='lat' dir='ltr'>suc</span> <span class='ocrx_word' id='word_1_395' title='bbox 305 3653 429 3730; x_wconf 87' lang='lat' dir='ltr'>decreto,</span> <span class='ocrx_word' id='word_1_396' title='bbox 444 3653 486 3713; x_wconf 86' lang='lat' dir='ltr'>ita</span> <span class='ocrx_word' id='word_1_397' title='bbox 499 3653 585 3714; x_wconf 88' lang='lat' dir='ltr'>simul</span> <span class='ocrx_word' id='word_1_398' title='bbox 604 3653 750 3714; x_wconf 89' lang='lat' dir='ltr'>liberrime</span> <span class='ocrx_word' id='word_1_399' title='bbox 763 3673 830 3714; x_wconf 91' lang='lat' dir='ltr'>eum</span> <span class='ocrx_word' id='word_1_400' title='bbox 847 3654 907 3714; x_wconf 86' lang='lat' dir='ltr'>labi</span> <span class='ocrx_word' id='word_1_401' title='bbox 921 3654 1023 3732; x_wconf 85' lang='lat' dir='ltr'>voluit,</span> <span class='ocrx_word' id='word_1_402' title='bbox 1044 3673 1099 3714; x_wconf 90' lang='lat' dir='ltr'>uec</span> <span class='ocrx_word' id='word_1_403' title='bbox 1112 3654 1206 3731; x_wconf 84' lang='lat' dir='ltr'>magis</span> <span class='ocrx_word' id='word_1_404' title='bbox 1219 3657 1257 3713; x_wconf 93' lang='lat' dir='ltr'>ob</span> <span class='ocrx_word' id='word_1_405' title='bbox 1270 3675 1320 3714; x_wconf 92' lang='lat' dir='ltr'>ne·</span> 
     </span>
     <span class='ocr_line' id='line_1_41' title="bbox 115 3732 1320 3812; baseline -0.002 -18"><span class='ocrx_word' id='word_1_406' title='bbox 115 3743 218 3812; x_wconf 81' lang='lat' dir='ltr'>gotum</span> <span class='ocrx_word' id='word_1_407' title='bbox 231 3733 320 3794; x_wconf 85' lang='lat' dir='ltr'>istum</span> <span class='ocrx_word' id='word_1_408' title='bbox 334 3733 392 3793; x_wconf 92' lang='lat' dir='ltr'>Dei</span> <span class='ocrx_word' id='word_1_409' title='bbox 405 3753 576 3793; x_wconf 87' lang='lat' dir='ltr'>concursum</span> <span class='ocrx_word' id='word_1_410' title='bbox 589 3732 628 3791; x_wconf 81' lang='lat' dir='ltr'>sd</span> <span class='ocrx_word' id='word_1_411' title='bbox 640 3735 706 3811; x_wconf 87' lang='lat' dir='ltr'>ejus</span> <span class='ocrx_word' id='word_1_412' title='bbox 718 3734 859 3794; x_wconf 80' lang='lat' dir='ltr'>actualem</span> <span class='ocrx_word' id='word_1_413' title='bbox 875 3733 1117 3811; x_wconf 82' lang='lat' dir='ltr'>perseverantiam</span> <span class='ocrx_word' id='word_1_414' title='bbox 1128 3733 1215 3791; x_wconf 88' lang='lat' dir='ltr'>desiit</span> <span class='ocrx_word' id='word_1_415' title='bbox 1228 3732 1320 3810; x_wconf 91' lang='lat' dir='ltr'>ipsius</span> 
     </span>
     <span class='ocr_line' id='line_1_42' title="bbox 114 3812 1320 3893; baseline -0.001 -21"><span class='ocrx_word' id='word_1_416' title='bbox 114 3816 216 3893; x_wconf 84' lang='lat' dir='ltr'>lapsus</span> <span class='ocrx_word' id='word_1_417' title='bbox 230 3832 294 3874; x_wconf 86' lang='lat' dir='ltr'>esee</span> <span class='ocrx_word' id='word_1_418' title='bbox 307 3813 479 3889; x_wconf 82' lang='lat' dir='ltr'>liberrimus,</span> <span class='ocrx_word' id='word_1_419' title='bbox 494 3832 582 3891; x_wconf 83' lang='lat' dir='ltr'>quam</span> <span class='ocrx_word' id='word_1_420' title='bbox 595 3813 633 3872; x_wconf 92' lang='lat' dir='ltr'>ob</span> <span class='ocrx_word' id='word_1_421' title='bbox 646 3812 825 3872; x_wconf 89' lang='lat' dir='ltr'>liberrimum</span> <span class='ocrx_word' id='word_1_422' title='bbox 840 3814 894 3872; x_wconf 92' lang='lat' dir='ltr'>Dei</span> <span class='ocrx_word' id='word_1_423' title='bbox 906 3831 1077 3872; x_wconf 89' lang='lat' dir='ltr'>concursum</span> <span class='ocrx_word' id='word_1_424' title='bbox 1091 3831 1156 3870; x_wconf 90' lang='lat' dir='ltr'>cum</span> <span class='ocrx_word' id='word_1_425' title='bbox 1170 3830 1258 3870; x_wconf 87' lang='lat' dir='ltr'>cauea</span> <span class='ocrx_word' id='word_1_426' title='bbox 1270 3832 1320 3872; x_wconf 89' lang='lat' dir='ltr'>ne·</span> 
     </span>
     <span class='ocr_line' id='line_1_43' title="bbox 115 3890 1206 3970; baseline -0.004 -16"><span class='ocrx_word' id='word_1_427' title='bbox 115 3893 250 3970; x_wconf 69' lang='lat' dir='ltr'>aessens,</span> <span class='ocrx_word' id='word_1_428' title='bbox 266 3891 374 3953; x_wconf 87' lang='lat' dir='ltr'>desinit</span> <span class='ocrx_word' id='word_1_429' title='bbox 386 3893 513 3970; x_wconf 88' lang='lat' dir='ltr'>operatio</span> <span class='ocrx_word' id='word_1_430' title='bbox 527 3891 612 3951; x_wconf 86' lang='lat' dir='ltr'>istius</span> <span class='ocrx_word' id='word_1_431' title='bbox 625 3911 721 3951; x_wconf 81' lang='lat' dir='ltr'>causae</span> <span class='ocrx_word' id='word_1_432' title='bbox 734 3911 798 3952; x_wconf 87' lang='lat' dir='ltr'>esee</span> <span class='ocrx_word' id='word_1_433' title='bbox 811 3892 981 3966; x_wconf 82' lang='lat' dir='ltr'>necessaris,</span> <span class='ocrx_word' id='word_1_434' title='bbox 995 3892 1044 3950; x_wconf 84' lang='lat' dir='ltr'>vel</span> <span class='ocrx_word' id='word_1_435' title='bbox 1058 3890 1206 3950; x_wconf 86' lang='lat' dir='ltr'>naturalis.</span> 
     </span>
    </p>

    <p class='ocr_par' dir='ltr' id='par_1_12' title="bbox 115 3968 1322 4130">
     <span class='ocr_line' id='line_1_44' title="bbox 157 3968 1322 4050; baseline -0.002 -18"><span class='ocrx_word' id='word_1_436' title='bbox 157 3973 250 4032; x_wconf 90' lang='lat' dir='ltr'>XIV.</span> <span class='ocrx_word' id='word_1_437' title='bbox 272 3971 322 4031; x_wconf 84' lang='lat' dir='ltr'>An</span> <span class='ocrx_word' id='word_1_438' title='bbox 336 3991 406 4032; x_wconf 88' lang='lat' dir='ltr'>vero</span> <span class='ocrx_word' id='word_1_439' title='bbox 426 3979 530 4049; x_wconf 71' lang='lat' dir='ltr'>preter</span> <span class='ocrx_word' id='word_1_440' title='bbox 543 3969 759 4050; x_wconf 88' lang='lat' dir='ltr'>permissionem</span> <span class='ocrx_word' id='word_1_441' title='bbox 786 3979 815 4030; x_wconf 91' lang='lat' dir='ltr'>et</span> <span class='ocrx_word' id='word_1_442' title='bbox 828 3969 1020 4030; x_wconf 88' lang='lat' dir='ltr'>desertionem</span> <span class='ocrx_word' id='word_1_443' title='bbox 1035 3969 1092 4028; x_wconf 89' lang='lat' dir='ltr'>Dei</span> <span class='ocrx_word' id='word_1_444' title='bbox 1105 3968 1190 4029; x_wconf 88' lang='lat' dir='ltr'>detur</span> <span class='ocrx_word' id='word_1_445' title='bbox 1202 3969 1322 4030; x_wconf 90' lang='lat' dir='ltr'>ulterior</span> 
     </span>
     <span class='ocr_line' id='line_1_45' title="bbox 115 4049 1321 4130; baseline -0.002 -18"><span class='ocrx_word' id='word_1_446' title='bbox 115 4051 251 4130; x_wconf 80' lang='lat' dir='ltr'>quaedsm</span> <span class='ocrx_word' id='word_1_447' title='bbox 266 4052 323 4111; x_wconf 90' lang='lat' dir='ltr'>Dei</span> <span class='ocrx_word' id='word_1_448' title='bbox 336 4053 472 4128; x_wconf 83' lang='lat' dir='ltr'>operatio,</span> <span class='ocrx_word' id='word_1_449' title='bbox 493 4071 552 4111; x_wconf 92' lang='lat' dir='ltr'>non</span> <span class='ocrx_word' id='word_1_450' title='bbox 572 4049 715 4109; x_wconf 89' lang='lat' dir='ltr'>immerito</span> <span class='ocrx_word' id='word_1_451' title='bbox 735 4049 881 4127; x_wconf 76' lang='lat' dir='ltr'>queritur,</span> <span class='ocrx_word' id='word_1_452' title='bbox 903 4049 982 4126; x_wconf 91' lang='lat' dir='ltr'>quod</span> <span class='ocrx_word' id='word_1_453' title='bbox 1001 4049 1120 4126; x_wconf 87' lang='lat' dir='ltr'>quidam</span> <span class='ocrx_word' id='word_1_454' title='bbox 1133 4049 1239 4108; x_wconf 86' lang='lat' dir='ltr'>aeriter</span> <span class='ocrx_word' id='word_1_455' title='bbox 1257 4050 1321 4109; x_wconf 87' lang='lat' dir='ltr'>infi-</span> 
     </span>
    </p>
   </div>
   <div class='ocr_carea' id='block_1_7' title="bbox 115 4127 1427 4208">
    <p class='ocr_par' dir='ltr' id='par_1_13' title="bbox 115 4127 1427 4208">
     <span class='ocr_line' id='line_1_46' title="bbox 115 4127 1427 4208; baseline 0 -18"><span class='ocrx_word' id='word_1_456' title='bbox 115 4133 239 4208; x_wconf 88' lang='lat' dir='ltr'>oisntur,</span> <span class='ocrx_word' id='word_1_457' title='bbox 255 4131 305 4190; x_wconf 90' lang='lat' dir='ltr'>alii</span> <span class='ocrx_word' id='word_1_458' title='bbox 319 4151 389 4190; x_wconf 86' lang='lat' dir='ltr'>vero</span> <span class='ocrx_word' id='word_1_459' title='bbox 403 4140 553 4191; x_wconf 79' lang='lat' dir='ltr'>asserunt:</span> <span class='ocrx_word' id='word_1_460' title='bbox 574 4130 625 4189; x_wconf 92' lang='lat' dir='ltr'>Illi</span> <span class='ocrx_word' id='word_1_461' title='bbox 638 4148 676 4190; x_wconf 88' lang='lat' dir='ltr'>ne</span> <span class='ocrx_word' id='word_1_462' title='bbox 691 4128 754 4189; x_wconf 87' lang='lat' dir='ltr'>Deo</span> <span class='ocrx_word' id='word_1_463' title='bbox 768 4129 863 4188; x_wconf 85' lang='lat' dir='ltr'>labem</span> <span class='ocrx_word' id='word_1_464' title='bbox 876 4129 965 4188; x_wconf 86' lang='lat' dir='ltr'>ullam</span> <span class='ocrx_word' id='word_1_465' title='bbox 980 4129 1098 4187; x_wconf 73' lang='lat' dir='ltr'>malitiae</span> <span class='ocrx_word' id='word_1_466' title='bbox 1111 4127 1160 4186; x_wconf 85' lang='lat' dir='ltr'>vel</span> <span class='ocrx_word' id='word_1_467' title='bbox 1173 4128 1323 4206; x_wconf 83' lang='lat' dir='ltr'>injustitiae</span> <span class='ocrx_word' id='word_1_468' title='bbox 1424 4149 1427 4156; x_wconf 91' lang='grc'><em>·</em></span> 
     </span>
    </p>
   </div>
   <div class='ocr_carea' id='block_1_8' title="bbox 115 4207 1326 4746">
    <p class='ocr_par' dir='ltr' id='par_1_14' title="bbox 115 4207 1323 4290">
     <span class='ocr_line' id='line_1_47' title="bbox 115 4207 1323 4290; baseline -0.002 -21"><span class='ocrx_word' id='word_1_469' title='bbox 115 4221 281 4290; x_wconf 84' lang='lat' dir='ltr'>aspergant,</span> <span class='ocrx_word' id='word_1_470' title='bbox 298 4229 363 4288; x_wconf 85' lang='lat' dir='ltr'>quae</span> <span class='ocrx_word' id='word_1_471' title='bbox 377 4230 443 4271; x_wconf 89' lang='lat' dir='ltr'>eum</span> <span class='ocrx_word' id='word_1_472' title='bbox 463 4209 576 4288; x_wconf 88' lang='lat' dir='ltr'>peceati</span> <span class='ocrx_word' id='word_1_473' title='bbox 588 4210 739 4270; x_wconf 87' lang='lat' dir='ltr'>authorem</span> <span class='ocrx_word' id='word_1_474' title='bbox 760 4208 864 4285; x_wconf 81' lang='lat' dir='ltr'>faciet3</span> <span class='ocrx_word' id='word_1_475' title='bbox 888 4208 943 4268; x_wconf 89' lang='lat' dir='ltr'>Isti</span> <span class='ocrx_word' id='word_1_476' title='bbox 962 4229 999 4268; x_wconf 90' lang='lat' dir='ltr'>ue</span> <span class='ocrx_word' id='word_1_477' title='bbox 1013 4207 1084 4286; x_wconf 91' lang='lat' dir='ltr'>quid</span> <span class='ocrx_word' id='word_1_478' title='bbox 1097 4207 1205 4267; x_wconf 86' lang='lat' dir='ltr'>divinae</span> <span class='ocrx_word' id='word_1_479' title='bbox 1220 4209 1323 4270; x_wconf 88' lang='lat' dir='ltr'>Provi-</span> 
     </span>
    </p>

    <p class='ocr_par' dir='ltr' id='par_1_15' title="bbox 116 4286 1323 4366">
     <span class='ocr_line' id='line_1_48' title="bbox 116 4286 1323 4366; baseline -0.002 -16"><span class='ocrx_word' id='word_1_480' title='bbox 116 4291 224 4350; x_wconf 79' lang='lat' dir='ltr'>dentise</span> <span class='ocrx_word' id='word_1_481' title='bbox 238 4291 419 4350; x_wconf 83' lang='lat' dir='ltr'>subtrahant.</span> <span class='ocrx_word' id='word_1_482' title='bbox 461 4291 528 4350; x_wconf 91' lang='lat' dir='ltr'>Non</span> <span class='ocrx_word' id='word_1_483' title='bbox 540 4288 713 4366; x_wconf 73' lang='lat' dir='ltr'>&#39;negandum</span> <span class='ocrx_word' id='word_1_484' title='bbox 732 4286 865 4366; x_wconf 89' lang='lat' dir='ltr'>equidem</span> <span class='ocrx_word' id='word_1_485' title='bbox 885 4288 977 4347; x_wconf 86' lang='lat' dir='ltr'>multa</span> <span class='ocrx_word' id='word_1_486' title='bbox 995 4289 1061 4348; x_wconf 87' lang='lat' dir='ltr'>loca</span> <span class='ocrx_word' id='word_1_487' title='bbox 1079 4287 1242 4366; x_wconf 80' lang='lat' dir='ltr'>Scripturse,</span> <span class='ocrx_word' id='word_1_488' title='bbox 1258 4309 1323 4366; x_wconf 75' lang='lat' dir='ltr'>qua</span> 
     </span>
    </p>

    <p class='ocr_par' dir='ltr' id='par_1_16' title="bbox 115 4367 1323 4447">
     <span class='ocr_line' id='line_1_49' title="bbox 115 4367 1323 4447; baseline -0.001 -18"><span class='ocrx_word' id='word_1_489' title='bbox 115 4371 212 4430; x_wconf 78' lang='lat' dir='ltr'>notive</span> <span class='ocrx_word' id='word_1_490' title='bbox 233 4370 433 4445; x_wconf 85' lang='lat' dir='ltr'>enuncientur,</span> <span class='ocrx_word' id='word_1_491' title='bbox 455 4370 571 4447; x_wconf 85' lang='lat' dir='ltr'>passive</span> <span class='ocrx_word' id='word_1_492' title='bbox 592 4367 731 4446; x_wconf 84' lang='lat' dir='ltr'>explicari</span> <span class='ocrx_word' id='word_1_493' title='bbox 751 4386 837 4447; x_wconf 87' lang='lat' dir='ltr'>posse</span> <span class='ocrx_word' id='word_1_494' title='bbox 850 4377 880 4428; x_wconf 92' lang='lat' dir='ltr'>et</span> <span class='ocrx_word' id='word_1_495' title='bbox 893 4367 1007 4443; x_wconf 87' lang='lat' dir='ltr'>debere,</span> <span class='ocrx_word' id='word_1_496' title='bbox 1029 4367 1070 4427; x_wconf 85' lang='lat' dir='ltr'>ita</span> <span class='ocrx_word' id='word_1_497' title='bbox 1082 4367 1209 4427; x_wconf 89' lang='lat' dir='ltr'>utillud</span> <span class='ocrx_word' id='word_1_498' title='bbox 1229 4369 1323 4428; x_wconf 83' lang='lat' dir='ltr'>locere</span> 
     </span>
    </p>

    <p class='ocr_par' dir='ltr' id='par_1_17' title="bbox 115 4447 1326 4527">
     <span class='ocr_line' id='line_1_50' title="bbox 115 4447 1326 4527; baseline -0.001 -20"><span class='ocrx_word' id='word_1_499' title='bbox 115 4450 230 4510; x_wconf 86' lang='lat' dir='ltr'>dicatur</span> <span class='ocrx_word' id='word_1_500' title='bbox 244 4449 359 4526; x_wconf 86' lang='lat' dir='ltr'>aliquis,</span> <span class='ocrx_word' id='word_1_501' title='bbox 381 4449 460 4527; x_wconf 90' lang='lat' dir='ltr'>quod</span> <span class='ocrx_word' id='word_1_502' title='bbox 480 4457 593 4509; x_wconf 75' lang='lat' dir='ltr'>tanturm</span> <span class='ocrx_word' id='word_1_503' title='bbox 613 4448 761 4526; x_wconf 86' lang='lat' dir='ltr'>permittit,</span> <span class='ocrx_word' id='word_1_504' title='bbox 783 4455 814 4508; x_wconf 89' lang='lat' dir='ltr'>et</span> <span class='ocrx_word' id='word_1_505' title='bbox 835 4467 893 4507; x_wconf 93' lang='lat' dir='ltr'>non</span> <span class='ocrx_word' id='word_1_506' title='bbox 914 4447 1044 4526; x_wconf 87' lang='lat' dir='ltr'>impedit,</span> <span class='ocrx_word' id='word_1_507' title='bbox 1067 4455 1100 4507; x_wconf 90' lang='lat' dir='ltr'>ut</span> <span class='ocrx_word' id='word_1_508' title='bbox 1121 4466 1211 4524; x_wconf 90' lang='lat' dir='ltr'>quum</span> <span class='ocrx_word' id='word_1_509' title='bbox 1224 4449 1326 4507; x_wconf 80' lang='lat' dir='ltr'>Durrid</span> 
     </span>
    </p>

    <p class='ocr_par' dir='ltr' id='par_1_18' title="bbox 118 4525 1324 4608">
     <span class='ocr_line' id='line_1_51' title="bbox 118 4525 1324 4608; baseline -0.001 -20"><span class='ocrx_word' id='word_1_510' title='bbox 118 4529 263 4588; x_wconf 80' lang='lat' dir='ltr'>Moabitae</span> <span class='ocrx_word' id='word_1_511' title='bbox 275 4529 428 4608; x_wconf 71' lang='lat' dir='ltr'>vivificasse</span> <span class='ocrx_word' id='word_1_512' title='bbox 446 4527 593 4605; x_wconf 65' lang='lat' dir='ltr'>dicimus</span> <span class='ocrx_word' id='word_1_513' title='bbox 617 4527 695 4588; x_wconf 86' lang='lat' dir='ltr'>Sam.</span> <span class='ocrx_word' id='word_1_514' title='bbox 709 4529 771 4588; x_wconf 80' lang='lat' dir='ltr'>viii.</span> <span class='ocrx_word' id='word_1_515' title='bbox 792 4525 824 4604; x_wconf 76' lang='lat'>2,</span> <span class='ocrx_word' id='word_1_516' title='bbox 842 4527 882 4588; x_wconf 91' lang='lat' dir='ltr'>id.</span> <span class='ocrx_word' id='word_1_517' title='bbox 903 4547 962 4588; x_wconf 92' lang='lat' dir='ltr'>non</span> <span class='ocrx_word' id='word_1_518' title='bbox 982 4527 1131 4599; x_wconf 87' lang='lat' dir='ltr'>occidisse,</span> <span class='ocrx_word' id='word_1_519' title='bbox 1147 4535 1176 4587; x_wconf 91' lang='lat' dir='ltr'>et</span> <span class='ocrx_word' id='word_1_520' title='bbox 1189 4528 1324 4588; x_wconf 82' lang='lat' dir='ltr'>Noaehue</span> 
     </span>
    </p>

    <p class='ocr_par' dir='ltr' id='par_1_19' title="bbox 117 4607 1324 4746">
     <span class='ocr_line' id='line_1_52' title="bbox 117 4607 1324 4690; baseline 0.002 -22"><span class='ocrx_word' id='word_1_521' title='bbox 117 4609 271 4690; x_wconf 66' lang='lat' dir='ltr'>mvfioosse</span> <span class='ocrx_word' id='word_1_522' title='bbox 284 4609 431 4684; x_wconf 80' lang='lat' dir='ltr'>animalia,</span> <span class='ocrx_word' id='word_1_523' title='bbox 447 4607 522 4668; x_wconf 85' lang='lat' dir='ltr'>Gen.</span> <span class='ocrx_word' id='word_1_524' title='bbox 537 4607 577 4668; x_wconf 91' lang='lat' dir='ltr'>vi.</span> <span class='ocrx_word' id='word_1_525' title='bbox 594 4609 640 4683; x_wconf 77' lang='lat'>19,</span> <span class='ocrx_word' id='word_1_526' title='bbox 656 4607 696 4667; x_wconf 80' lang='lat' dir='ltr'>id</span> <span class='ocrx_word' id='word_1_527' title='bbox 711 4627 906 4669; x_wconf 80' lang='lat' dir='ltr'>conservasse.</span> <span class='ocrx_word' id='word_1_528' title='bbox 946 4607 1045 4686; x_wconf 84' lang='lat' dir='ltr'>Atque</span> <span class='ocrx_word' id='word_1_529' title='bbox 1059 4607 1101 4666; x_wconf 90' lang='lat' dir='ltr'>ita</span> <span class='ocrx_word' id='word_1_530' title='bbox 1113 4607 1178 4666; x_wconf 88' lang='lat' dir='ltr'>loce</span> <span class='ocrx_word' id='word_1_531' title='bbox 1190 4608 1324 4686; x_wconf 73' lang='lat' dir='ltr'>quedam</span> 
     </span>
     <span class='ocr_line' id='line_1_53' title="bbox 1069 4691 1122 4746; baseline 0 0"><span class='ocrx_word' id='word_1_532' title='bbox 1069 4691 1122 4746; x_wconf 70' lang='lat' dir='ltr'>lu</span> 
     </span>
    </p>
   </div>
   <div class='ocr_carea' id='block_1_9' title="bbox 0 0 1601 5174">
    <p class='ocr_par' dir='ltr' id='par_1_20' title="bbox 0 0 1601 5174">
     <span class='ocr_line' id='line_1_54' title="bbox 0 0 1601 5174; baseline 0 0"><span class='ocrx_word' id='word_1_533' title='bbox 0 0 1601 5174; x_wconf 95' lang='lat' dir='ltr'> </span> 
     </span>
    </p>
   </div>
  </div>
 </body>
</html>
