3152 5178
151 409 257 460 cumr.
273 389 346 472 xm]
638 408 678 448 na
692 407 864 450 marcnes.
1304 395 1360 452 139

149 571 211 630 qua
224 551 263 612 tie
280 550 435 628 Scriptura
447 556 601 609 morantem
621 549 840 626 controversia,
861 550 996 612 excitatae
1016 557 1102 612 arnt:
1125 549 1187 610 Nec
1208 550 1287 610 enim
1307 553 1365 612 alia

148 631 185 692 tie
197 651 287 692 cauea
300 632 352 692 vei
367 631 541 690 Authoritas
557 630 711 707 scripture
724 631 755 690 in
769 631 888 692 dubium
902 639 1024 690 rocanrr
1037 651 1055 690 a
1066 630 1235 708 Pontificiia,
1250 633 1301 692 vel
1315 634 1364 692 ln·

149 713 270 789 tegritas
294 719 326 771 et
349 711 467 772 Puritaa
489 710 670 788 convellitur,
695 711 745 770 rel
773 710 968 790 Perspicnitaa
1002 719 1032 770 et
1056 711 1200 772 Perfectio
1222 714 1364 792 arguitur,

147 813 236 871 qnam
249 802 285 853 nt
298 791 439 852 evincant
460 791 638 869 Scripturam
658 810 717 850 uon
737 810 822 869 posse
843 792 1111 854 Gonnoveraarum
1132 811 1196 856 csse
1216 793 1364 870 Judicem,

148 873 201 933 aad
213 872 383 934 necessario
398 872 436 931 ad
450 871 590 931 Tribunal
604 871 744 932 Ecclesiae
765 872 992 950 confugiendum
1006 892 1079 934 esse.

458 953 501 1012 Ii.
524 951 575 1010 Ad
597 952 711 1012 Statum
732 952 907 1026 Quaationie
927 952 1150 1028 observandum,
1179 954 1206 1012 1.
1230 953 1297 1014 Non
1317 953 1365 1012 hic

417 1033 507 1110 queri
521 1031 557 1091 de
571 1033 764 1109 qualicunque
776 1032 905 1110 jndici03
927 1031 978 1092 An
991 1033 1083 1094 nilum
1097 1042 1242 1110 competat
1263 1033 1365 1094 Eccle-

416 1113 467 1172 eiaa
487 1113 536 1172 vel
557 1113 621 1190 ejus
643 1112 816 1172 Rectoribua
836 1113 873 1172 de
895 1113 1106 1174 controversiis
1126 1112 1195 1173 fidei
1212 1113 1364 1191 judicium,

149 1189 230 1268 qnod
244 1191 357 1250 crimen
372 1192 427 1251 sibi
442 1193 598 1270 impactum
620 1213 674 1254 sua
693 1193 777 1270 praxi
797 1193 924 1254 refutem
945 1193 1124 1272 Orthodoxi;
1149 1193 1208 1254 Sed
1228 1195 1367 1271 quaritur

148 1279 265 1330 tantum
279 1270 317 1330 de
334 1271 475 1350 Supremo
495 1281 525 1332 et
547 1271 676 1332 infallibi
696 1293 755 1350 quo
776 1274 911 1334 standum
931 1273 1151 1351 cedendnmque
1172 1275 1210 1334 sit
1229 1293 1364 1334 necessa·

148 1352 202 1427 rio,
225 1350 278 1408 An
293 1351 332 1410 sit
345 1371 434 1429 penae
450 1353 627 1431 scripturam
641 1352 742 1431 ipsam,
758 1353 836 1430 quod
850 1354 994 1432 volumus,
1010 1353 1061 1414 An
1074 1373 1145 1414 rero
1166 1373 1256 1432 penes
1271 1354 1364 1413 homi-

147 1451 217 1490 nem
231 1431 370 1508 aliquem,
392 1441 442 1492 ant
457 1435 570 1492 Coetum
585 1433 740 1494 conflatum
754 1453 793 1505 ex
806 1433 982 1510 hominibus,
997 1433 1077 1512 qnod
1090 1435 1195 1494 volunt
1210 1434 1365 1495 Pontificii.

192 1511 256 1570 ΙΙΙ.
277 1511 399 1588 Triplex
413 1513 461 1572 iric
474 1521 608 1574 accurate
621 1513 845 1590 diafinguendus
859 1523 904 1574 est
917 1514 1028 1574 Judeu.
1071 1514 1186 1575 Primus
1211 1515 1366 1592 Supremas
1402 1530 1407 1538 '

146 1601 179 1652 et
192 1594 410 1674 ιῦταςιτοςιιὸς,
426 1595 477 1673 qui
488 1594 602 1672 judicat
617 1595 791 1654 authoritate
805 1595 984 1672 legislatoris
996 1603 1026 1655 et
1040 1595 1174 1656 absoluta
1186 1615 1238 1673 per
1248 1595 1366 1654 modum

148 1673 259 1732 summi
275 1673 427 1751 Principis,
443 1675 493 1750 qui
507 1675 616 1750 Legem
631 1674 706 1750 tulit,
719 1683 749 1734 et
762 1694 780 1732 a
793 1695 851 1752 qno
865 1694 922 1734 non
937 1674 1023 1736 datur
1036 1676 1220 1754 provocatio,
1257 1675 1366 1736 Secun-

146 1753 215 1828 dus,
232 1759 374 1834 ἰηιιςπιιὶς
391 1774 443 1814 seu
456 1755 660 1828 Ministeriaic'r,
682 1755 732 1830 qui
747 1755 860 1831 Legum
880 1756 1144 1832 interpretationem
1158 1756 1227 1815 feeit
1240 1776 1292 1834 per
1305 1775 1365 1816 me

146 1832 222 1892 tium
234 1834 362 1894 ministri
374 1834 494 1913 publici.
533 1835 658 1911 Tertius,
674 1832 793 1900 liemcule
814 1855 866 1894 aen
885 1836 1028 1912 namna,
1050 1836 1101 1912 qui
1115 1845 1177 1896 tum
1191 1836 1227 1898 de
1241 1836 1365 1914 legibue,

147 1921 214 1972 tum
228 1913 266 1972 de
279 1914 515 1992 interpretatione
534 1914 647 1993 judicat
666 1935 719 1993 per
737 1914 856 1974 modum
876 1916 997 1992 privatae
1017 1914 1209 1976 discmtionie.
1251 1917 1367 1978 Primus

148 1994 203 2054 ciat
215 1995 366 2054 Judicium
379 1995 537 2054 Damnarat
550 1995 660 2056 ultimae
680 2003 711 2055 et
732 1995 881 2054 absolutas.
926 1994 1077 2054 Secundus
1097 1996 1243 2056 Judiciam
1263 1998 1366 2056 Deter-

146 2075 315 2134 arrr'nutr'ont'e
336 2077 466 2152 palliata,
496 2075 547 2136 red
575 2075 781 2150 subalternum,
817 2083 847 2134 et
873 2073 989 2152 iegibus
1016 2075 1196 2134 adstrictum.
1251 2075 1367 2136 Tertius

145 2155 300 2216 Judaeum
319 2157 449 2214 Pricatm
468 2156 661 2230 Decretioatis,
684 2155 747 2215 siue
767 2155 829 2214 ulia
848 2153 1022 2214 authoritate
1042 2154 1168 2233 publica.
1220 2154 1279 2214 Hic
1307 2175 1367 2216 uon

147 2235 336 2312 disputamus
350 2235 387 2296 de
401 2235 509 2296 Judice
529 2235 719 2312 ministeriali,
742 2243 772 2296 et
784 2235 908 2313 privato,
931 2234 983 2296 aed
1003 2235 1040 2295 de
1061 2254 1195 2313 supremo
1216 2244 1246 2296 et
1259 2235 1366 2296 ufsni:

184 1021 271 1066 Statua
283 1019 365 1070 Quae·

233 1079 320 1122 tionis.

193 2394 252 2456 IV.
274 2395 341 2454 Non
355 2395 503 2474 quaeritur,
519 2396 569 2454 An
585 2396 734 2474 Scriptura
747 2395 785 2456 eit
800 2395 915 2474 Regula
922 2403 952 2455 et
961 2395 1070 2456 Norma
1078 2395 1364 2474 Controuersiarum

148 2475 221 2534 Hoc
234 2476 314 2534 enim
328 2496 387 2536 non
401 2475 559 2538 diffitentur
573 2476 727 2551 Pontifioii,
743 2476 846 2538 animm
854 2477 910 2534 hoc
918 2477 1022 2538 volunt
1030 2475 1124 2538 videri
1135 2483 1213 2535 certo
1228 2485 1362 2552 statuere,

146 2555 221 2615 licet
234 2555 316 2633 quod
330 2575 388 2618 nna
401 2576 489 2618 manu
510 2556 588 2632 dant,
605 2557 696 2616 altera
709 2556 848 2632 auferant,
867 2557 932 2632 ejus
953 2557 1157 2618 obscuritatem
1172 2564 1201 2616 et
1215 2556 1363 2634 imperfec-

147 2637 263 2696 tionem
276 2644 442 2714 arguentee.
485 2637 552 2711 Sed,
569 2637 619 2696 An
634 2637 672 2696 sit
685 2636 787 2714 regrrle
800 2636 899 2696 totalis
907 2645 937 2696 et
949 2637 1044 2714 piena,
1056 2655 1114 2696 non
1123 2637 1254 2713 partialis
1268 2644 1298 2695 et
1311 2637 1363 2694 im-

147 2716 292 2794 periecta.
335 2715 385 2774 Ilii
408 2717 485 2776 enim
508 2717 652 2794 Regulam
674 2725 787 2778 tantum
809 2717 959 2794 partialem
982 2735 1045 2777 esse
1067 2717 1179 2792 volunt,
1195 2725 1225 2776 et
1247 2716 1364 2794 quidem

147 2805 299 2874 quatenus
310 2797 397 2874 juxta
410 2805 536 2856 mentem
551 2797 691 2856 Ecclesiae
705 2797 862 2856 Catholicae
875 2795 915 2856 id.
931 2797 1070 2858 Romanae
1083 2797 1254 2874 explicatam.

192 2877 232 2935 V.
257 2876 475 2938 Pontificiorum
490 2877 631 2936 sententia
645 2897 679 2936 eo
695 2877 780 2936 redit.
823 2878 850 2936 1.
873 2877 1066 2953 Distinguunt
1085 2877 1160 2935 iuter
1175 2877 1312 2936 Normam
1334 2885 1364 2936 et

148 2956 301 3032 Judieem,
311 2957 362 3034 qui
376 2977 414 3016 ex
430 2957 578 3034 Scriptura
588 2956 675 3016 debet
688 2955 761 3016 ferre
773 2957 930 3034 judicium,
947 2957 1123 3033 Scripturam
1133 2955 1249 3032 quidem
1259 2975 1363 3032 agnos·

151 3046 223 3096 eunt
237 3057 302 3096 esee
316 3057 455 3112 normam,
471 3036 523 3095 aed
537 3037 686 3113 partialem
700 3047 730 3096 et
744 3036 964 3113 inadequatam,
983 3035 1030 3092 eui
1051 3035 1182 3094 'iraditio
1196 3034 1312 3115 ἔγραφες
1327 3036 1365 3095 sit

151 3116 306 3192 addenda3
328 3125 358 3176 et
372 3137 437 3194 quae
457 3135 516 3176 non
530 3115 653 3176 sufficiat
673 3115 711 3176 ad
732 3114 952 3174 controversiae
973 3113 1159 3190 definiendas,
1175 3115 1232 3172 uisi
1246 3113 1365 3172 accedat

150 3195 174 3256 J
177 3196 271 3256 udicis
285 3196 410 3274 alicujus
424 3196 549 3256 visibilis
563 3204 593 3255 et
606 3195 767 3255 infallibilis
782 3194 933 3270 sannatia,
948 3213 1013 3270 qun
1027 3193 1104 3252 clare
1123 3194 1302 3270 pronunciet,
1317 3203 1363 3252 ut·

150 3277 213 3336 rius
232 3277 326 3353 partis
347 3295 435 3336 causa
454 3275 493 3336 ait
511 3275 623 3354 potior;
647 3277 715 3354 quia
736 3274 809 3334 alias
830 3274 928 3334 nulius
948 3273 1165 3334 contentionum
1188 3281 1265 3332 esset
1287 3273 1363 3333 finis.

153 3355 255 3414 Talem
277 3364 374 3416 autem
395 3355 531 3416 «Iudicem
552 3376 611 3415 non
625 3356 696 3415 aiibi
716 3355 903 3433 quarentium
918 3371 983 3414 esse
1003 3373 1090 3431 quam
1103 3353 1135 3413 in
1149 3354 1289 3432 Ecclesia,
1312 3355 1363 3416 ubi

152 3447 280 3512 quatuor
294 3436 411 3513 erigrmt
424 3436 580 3496 tribunalia
593 3457 611 3495 a
624 3437 730 3514 quibus
743 3435 850 3495 nonsit
862 3435 1025 3513 appellatio,
1044 3437 1070 3493 l.
1080 3434 1227 3510 Ecclesiae,
1244 3439 1272 3496 a.
1288 3434 1362 3494 Con·

153 3515 296 3609 ciliorum,
312 3519 341 3576 3.
358 3517 485 3610 Petrum,
501 3517 654 3610 43Papac
673 3516 723 3576 sed
737 3517 791 3610 rite
801 3515 920 3576 euecta
928 3515 1079 3576 subductis
1087 3515 1166 3576 solus
1174 3524 1264 3576 restat
1273 3516 1361 3594 Papa,

155 3594 1153 3754 omVsEprETnuinesliluiisseirliiiraliiiltliuiilalmcpliibffieiiiasffiiiiadi,
1170 3676 1220 3753 qui
1234 3675 1364 3736 Concilio

155 3755 327 3816 iiidentino
340 3757 471 3818 interfuit
483 3757 534 3818 lib.
550 3761 577 3832 2,
595 3755 698 3816 Defen.
714 3755 799 3818 Fidei
808 3755 925 3816 'ilidcn
935 3757 1022 3816 Hanc
1031 3765 1147 3830 matam,
1160 3755 1262 3831 inquit,
1277 3755 1363 3814 inar-

151 3837 292 3912 pretnudu'
303 3837 470 3914 Scripturas
479 3838 687 3912 mactantem,
699 3858 756 3898 noa
765 3836 880 3914 cingulis
888 3837 997 3912 mam
1005 3835 1163 3912 Episcopa
1173 3837 1224 3893 aed
1233 3837 1365 3894 Emaano

153 3920 243 3976 when
257 3919 390 3998 Pontifici
402 3919 598 3994 quincuncem
612 3927 652 3980 eet
666 3913 769 3993 Capul,
785 3926 837 3976 aut
849 3917 973 3976 mnan
989 3916 1161 3976 nealcae
1175 3917 1233 3990 cjsa
1246 3913 1365 3989 imperio

154 3996 184 4056 in
204 4017 294 4056 unum
314 3999 433 4058 collecti
454 3999 607 4058 mainan
650 3997 689 4056 Et
703 3997 778 4056 Beli.
792 3997 823 4054 li.
839 3999 868 4056 3.
882 3996 919 4056 dc
933 3996 1032 4056 Verbo
1048 3995 1112 4070 Dei,
1128 4013 1153 4052 c.
1170 3994 1217 4051 19.
1238 3994 1296 4050 Iste
1309 3995 1363 4052 Ja-

155 4079 211 4136 der
224 4098 282 4136 aon
291 4088 386 4154 pateat
399 4097 457 4138 crte
469 4079 629 4154 Scriptura,
644 4079 696 4138 acci
707 4078 844 4154 Princeps
857 4077 1077 4149 Ecclesiastico,
1092 4075 1137 4133 cel
1148 4073 1232 4148 solua,
1246 4075 1291 4132 cci
1303 4093 1365 4132 cum

155 4159 270 4218 aucto
284 4167 313 4216 et
323 4179 459 4218 commea
474 4158 721 4235 Ocipcircopcrum.
763 4158 803 4216 Et
818 4159 908 4233 Greg.
923 4155 960 4214 de
974 4154 1078 4214 Valen.
1093 4153 1130 4211 de
1145 4151 1253 4228 Anaiy.
1269 4151 1319 4210 lib.
1335 4157 1363 4210 i.

157 4238 291 4312 Pentisac
303 4239 364 4315 ritae
383 4240 533 4298 Romnum
552 4247 594 4298 est
613 4239 643 4298 in
662 4259 718 4316 qaae
733 4237 892 4298 cellaritae
912 4235 963 4296 illa
982 4234 1093 4307 residet,
1115 4251 1178 4309 quae
1192 4231 1220 4289 in
1237 4233 1366 4290 Ecclesia

158 4327 236 4376 aaut
249 4320 291 4394 eni
294 4320 487 4395 judicandum
501 4321 536 4380 de
550 4318 674 4380 mannate
687 4319 800 4378 camiac
816 4313 1104 4392 Ooatroncraiiefidei.
1147 4312 1213 4373 Non
1221 4330 1256 4372 ea
1269 4319 1366 4372 tamen

160 4398 284 4458 omnium
298 4407 343 4466 eat
358 4398 511 4474 cennens,
526 4399 595 4460 iicet
608 4399 684 4460 enim
697 4398 774 4458 hauc
794 4394 910 4458 Judicis
922 4401 1095 4471 potestatem
1110 4391 1243 4453 Pontifici
1258 4391 1365 4454 adan,

160 4475 226 4538 baut
239 4479 283 4540 ilii
297 4481 350 4558 qui
365 4479 477 4556 Papam
490 4479 665 4556 pertendunt
677 4497 742 4538 esse
756 4495 843 4555 supra
852 4473 1021 4549 Concilium,
1036 4474 1119 4536 aliter
1131 4481 1229 4533 umen
1238 4474 1367 4536 sentiunt

159 4558 207 4635 qui
219 4559 385 4622 Concilium
400 4577 488 4636 supra
502 4559 610 4636 Papam
623 4577 688 4620 ease
701 4557 822 4634 volunt,
843 4556 893 4618 aiii
907 4554 1031 4631 deniqne
1044 4563 1236 4631 ntutramque
1250 4575 1366 4634 compc-

158 4640 428 4714 intentantium,
452 4639 561 4716 Papam
581 4640 611 4700 iu
632 4637 771 4713 Concilio,
787 4639 849 4698 sive
870 4635 1030 4696 Concilium
1043 4653 1062 4694 a
1076 4635 1156 4712 Papa
1176 4635 1367 4712 approbatum

158 4731 353 4784 censentanea
368 4719 508 4780 Judteem
523 4719 610 4779 istum
624 4717 813 4780 infallibilem.
