3152 5178
104 379 199 428 coner.
212 357 270 440 rm]
553 377 593 418 nn
607 377 666 418 nro
679 378 748 436 uuo,
764 379 802 420 rr
816 379 914 420 rnrso.
1234 361 1289 416 179

99 519 177 599 possit
188 515 351 594 munatius,
374 535 462 596 quum
476 515 513 576 sd
526 517 628 578 rivum
647 527 801 596 resecetur,
816 527 846 579 et
858 524 886 578 vl
900 521 1010 596 replere
1029 517 1163 578 videatur
1175 518 1291 596 proprie

97 599 223 677 pertinere
236 597 275 656 ad
288 616 398 675 corpus
412 617 483 658 occu
567 598 664 658 locum
677 617 728 676 per
742 599 787 658 eui
796 599 994 660 extensionem
1005 620 1013 676 ;
1035 617 1102 658 cum
1114 605 1212 658 temen
1221 597 1289 656 liec-

97 688 169 738 tenua
180 678 267 754 longo
281 695 340 735 usu
355 685 470 755 recepta
514 676 569 737 erit
581 678 657 738 inter
670 679 863 757 Philosophoe
877 687 907 738 et
926 678 1100 756 Theologos,
1115 685 1145 738 et
1163 697 1288 736 commo·

96 758 154 816 dum
170 755 260 834 possit
273 755 407 816 obtinere
422 776 547 832 sensum,
561 777 600 816 ex
613 766 709 818 mente
722 758 814 836 ipsius
830 758 954 837 Spiritus
973 757 1080 834 Sancti,
1095 756 1147 836 qui
1166 764 1290 819 testetur

94 839 174 895 Deum
186 837 302 913 mpero
317 839 417 895 coelron
430 846 458 896 ct
469 845 585 914 mane,
600 839 623 899 J
624 858 664 897 er.
678 838 761 897 xxiii
776 841 825 915 st,
840 858 899 898 non
912 839 1028 899 videtur
1038 847 1145 900 temere
1155 836 1288 913 rejicien-

93 917 131 992 di,
144 916 166 976 ei
179 915 280 976 dextre
294 915 460 994 explicetur
473 925 503 976 et
516 935 587 976 seno
608 937 695 977 sensu
713 918 901 996 intelligatur,
922 919 1048 978 memme
1063 937 1129 977 cnm
1149 916 1287 976 destitue-

93 1015 146 1054 mnr
156 995 285 1088 terminis
299 995 426 1089 propriis
438 1003 470 1089 et
483 997 626 1056 eccuretis
645 995 751 1090 quilius
765 997 822 1058 Dei
842 998 1033 1092 ubiquitatem
1049 997 1235 1091 explicemus,
1257 1003 1289 1056 et

91 1076 334 1232 cecicit
348 1075 937 1235 uuttteuuuctutu
951 1078 1285 1236 turturi.

89 1235 264 1310 meneutam,
280 1243 316 1294 ut
329 1234 388 1294 hoc
401 1235 581 1314 intelligatur
594 1235 790 1297 diversissime
803 1257 821 1296 s
834 1237 921 1296 modo
934 1238 1050 1299 essendi
1064 1237 1094 1297 iu
1107 1237 1171 1296 loco
1185 1255 1286 1312 corpo·

90 1335 150 1388 runi,
163 1313 201 1374 id.
215 1314 290 1374 citra
303 1314 395 1392 apetii
414 1315 640 1394 occupationem,
662 1325 694 1376 et
712 1317 758 1376 eui
778 1317 1054 1396 multiplicationem,
1077 1316 1286 1391 extensionem,

90 1393 255 1470 divisionem,
270 1394 323 1454 rel
338 1413 407 1454 cum
419 1394 485 1454 aliis
497 1395 586 1455 rebus
599 1395 841 1473 commixtionem,
857 1397 910 1458 sed
923 1397 1075 1458 illocaliter
1088 1403 1118 1456 et
1126 1395 1285 1474 impartibi-

89 1472 158 1549 liter;
177 1473 244 1550 quie
256 1473 429 1553 ubicunque
442 1483 495 1551 est,
518 1483 596 1534 totus
610 1483 664 1551 est,
678 1483 757 1535 totus
776 1477 808 1535 in
827 1477 970 1554 omnibns,
984 1485 1064 1540 totus
1077 1485 1161 1537 extra
1179 1475 1285 1551 omnic,

89 1553 156 1612 uallo
167 1553 229 1612 loco
242 1553 389 1630 inclusus,
404 1553 485 1614 nullo
498 1554 586 1615 etiem
599 1555 744 1632 exclusus,
759 1575 813 1617 uec
825 1565 886 1617 tam
898 1557 930 1616 in
942 1558 1016 1634 loco,
1026 1557 1095 1636 quie
1102 1556 1215 1616 finitum
1226 1575 1285 1616 non

89 1633 152 1710 capit
162 1631 316 1710 inlinitum,
333 1653 424 1711 quarn
437 1632 468 1694 in
488 1634 592 1712 seipso,
608 1654 666 1713 quo
686 1635 810 1714 pertinet
822 1638 901 1715 quod
923 1637 1051 1698 Rebbini
1065 1639 1161 1697 Deum
1177 1642 1285 1696 vocant

90 1729 150 1784 :pe
169 1715 264 1790 barn
289 1714 365 1792 qnia
387 1713 467 1773 Deus
486 1732 546 1773 nou
565 1722 626 1774 um
638 1714 703 1774 looo
724 1717 895 1793 continetur,
917 1737 1004 1811 quam
1025 1717 1121 1778 omnis
1139 1716 1171 1774 in
1189 1716 1285 1793 scipso

90 1789 206 1867 mutnet,
216 1801 246 1853 et
259 1793 347 1871 quod
361 1793 551 1871 Theophylus
564 1794 602 1854 ed
616 1794 804 1873 Autolycum,
813 1797 865 1856 lib.
879 1797 899 1855 i.
913 1807 962 1874 art,
978 1799 990 1856 i
1005 1802 1066 1862 Θαὶς
1085 1795 1160 1862 siric
1173 1796 1225 1855 ἔπι
1237 1799 1285 1856 sir

91 1867 1170 1954 lumaslimffro'aelcim,Dmlocuerotomniutmteidir'psclocuseet

121 1948 185 2010 Vll.
206 1953 251 2013 De
271 1954 337 2013 ieta
359 1953 416 2012 Dei
436 1952 634 2014 immensitate
657 1963 688 2014 et
711 1955 950 2034 Omniprresentie
962 1956 1045 2016 litem
1066 1955 1151 2016 nobis
1164 1961 1285 2015 movent

91 2023 217 2092 Sorisimi
230 2053 299 2092 cum
313 2032 447 2110 Vorstio,
462 2032 513 2111 qui
526 2033 684 2095 admittimt
696 2035 879 2112 presentium
889 2035 986 2112 quoad
998 2035 1136 2094 virtutem
1146 2043 1176 2094 et
1184 2053 1282 2113 opera·

90 2106 188 2186 fiunem,
203 2112 255 2174 sad
267 2119 385 2192 negent
397 2132 462 2172 eem
475 2113 571 2190 quoad
581 2113 756 2190 essentiam
777 2133 867 2192 quum
881 2114 955 2174 coelo
964 2115 1059 2174 Deum
1070 2113 1211 2174 contineri
1218 2133 1283 2192 per·

90 2188 200 2266 tendunt,
213 2201 247 2252 ut
260 2193 386 2253 &diuo
406 2191 437 2251 in
456 2201 540 2253 treet.
562 2193 711 2253 Francisci
731 2193 864 2270 Devidis,
879 2195 1048 2270 stercutus,
1063 2193 1115 2254 lib.
1128 2193 1148 2254 i.
1163 2194 1200 2254 de
1213 2213 1285 2252 vere

92 2263 170 2346 Relig.
183 2289 206 2330 c
222 2275 290 2349 lut,
305 2291 372 2332 uon
385 2271 474 2332 mmel
494 2281 635 2349 meenmt,
650 2281 680 2334 et
693 2273 782 2332 variis
802 2274 981 2352 argumentis
993 2274 1115 2352 prebere
1132 2281 1282 2336 conentur.

96 2343 208 2426 Vectio,
222 2351 293 2413 lieet
308 2351 451 2411 videatur
469 2351 562 2428 bins·
580 2353 612 2412 in
631 2353 687 2412 hac
699 2353 867 2431 questione,
888 2361 986 2414 umen
1007 2353 1179 2414 sententium
1199 2373 1283 2414 auam

93 2426 147 2486 estis
222 2431 244 2490 't
257 2431 289 2491 in
303 2438 434 2492 trwtctu
442 2431 479 2491 de
494 2433 558 2492 Deo
571 2439 601 2492 et
615 2430 762 2511 Apologia
771 2453 832 2510 eus,
844 2453 934 2512 quum
942 2433 1203 2512 omniprescntimn
1214 2433 1282 2493 sub-

92 2448 232 2570 chiffl
243 2511 325 2572 inter
339 2509 475 2570 ἇσὺπιτα
489 2518 518 2571 et
531 2509 643 2572 dile-ra
657 2513 788 2591 reponit;
809 2521 839 2573 et
852 2513 958 2574 diserte
969 2513 1054 2575 donet
1065 2513 1161 2574 Deum
1180 2531 1281 2574 secun-

93 2580 146 2642 dum
157 2591 309 2650 ementium
321 2611 388 2650 esse
402 2593 433 2650 in
447 2591 530 2667 ccelo,
546 2591 705 2652 seeundum
718 2593 856 2653 virtutem
869 2613 939 2654 vero
953 2601 984 2654 et
1003 2591 1160 2654 efficacium
1172 2613 1237 2654 esee
1250 2593 1282 2652 in

93 2669 152 2723 lerrs
163 2677 190 2728 et
201 2670 304 2732 edesse
320 2670 457 2730 omnibus
470 2671 618 2731 creaturis.

122 2743 201 2808 llll.
222 2749 391 2811 Orthodoxi
404 2769 474 2810 vero
488 2750 546 2810 Dei
560 2751 788 2812 immensitatem
801 2759 831 2812 et
851 2752 1129 2832 Omnipresentiem,
1144 2772 1203 2812 uon
1216 2761 1284 2812 ten-

94 2827 143 2882 tum
153 2827 255 2890 ratione
268 2829 393 2890 virtutis
405 2849 440 2890 ee
453 2830 637 2908 opemtionie,
653 2831 704 2892 sed
717 2831 862 2925 praecipue
874 2833 985 2893 ratione
1006 2832 1138 2892 assentite
1159 2832 1282 2892 creduut

93 2907 305 2971 etconlitcnturt
350 2908 472 2969 Modum
493 2928 563 2970 vero
581 2909 660 2970 illius
679 2931 734 2970 nee
755 2910 897 2972 curiosius
916 2911 1119 2990 inquirendum
1133 2931 1205 2987 eece,
1225 2932 1281 2972 nec

93 2985 180 3071 temere
191 2987 391 3052 definiendum
405 2998 542 3066 censent3
565 2989 632 3049 Hoc
655 2997 768 3050 tentum
782 2999 861 3050 certo
881 2991 1039 3050 tenendum
1052 3009 1124 3065 esse,
1139 3009 1198 3049 nou
1212 3010 1280 3050 con·

94 3069 175 3124 uslere
186 3069 234 3128 rel
245 3070 276 3129 iu
289 3068 534 3148 multiplicatione
548 3068 681 3129 essentie
694 3069 811 3144 divine,
825 3087 892 3146 qne
901 3078 947 3128 eet
958 3089 1018 3130 una
1030 3087 1150 3128 numero
1163 3078 1193 3128 et
1206 3068 1281 3128 indi-

93 3137 172 3219 l’illita
185 3149 230 3206 rel
247 3149 279 3210 in
301 3149 473 3208 extensione
494 3157 524 3210 et
543 3148 697 3210 diffusione
718 3147 869 3226 cujusdem
883 3148 968 3206 molis
988 3167 1141 3225 corporeae,
1156 3165 1223 3207 cum
1243 3149 1283 3208 sit

96 3215 197 3294 Spiritus
207 3227 362 3305 increatus,
374 3229 422 3288 vel
434 3228 465 3286 in
473 3237 608 3289 contactu
618 3227 753 3306 Physico,
766 3227 816 3305 qui
825 3227 963 3304 competit
972 3235 1085 3288 tontum
1093 3227 1260 3306 corporibus
1271 3249 1280 3305 ς

96 3295 142 3384 §ed
152 3303 180 3362 in
192 3307 315 3386 simplici
330 3316 360 3368 ct
374 3307 458 3369 nobis
477 3307 762 3386 incomprehensibili
782 3308 915 3368 essentie
929 3306 1036 3366 divinae
1049 3306 1199 3383 infinitate,
1215 3327 1281 3384 quae

95 3383 126 3433 ¹¹⁸
143 3379 232 3446 hume
253 3388 341 3450 adest
363 3387 450 3448 rebus
471 3387 614 3465 omnibus,
636 3395 669 3447 ut
690 3395 720 3447 et
732 3387 841 3465 ubique
862 3387 900 3447 eit
919 3386 951 3446 in
963 3387 1081 3464 mundo,
1105 3406 1160 3448 nec
1183 3395 1280 3448 umen

96 3460 183 3521 mundo
194 3465 368 3528 includatur.

98 3567 158 3622 om,
171 3581 310 3631 moenum
374 3547 434 3640 Ill.
458 3545 598 3640 Rationes
612 3553 688 3640 sunt
731 3549 758 3605 1.
780 3545 856 3640 Quia
870 3545 1019 3626 Scriptura
1030 3546 1106 3608 hanc
1121 3547 1279 3641 Omuiprre-

117 3641 310 3752 mem
332 3625 1282 3784 ilde?ddqllhl‘sitdluiiisstsstd’deictidlimffiloi

100 3767 146 3833 illic
156 3797 191 3857 es,
203 3793 250 3847 eut
263 3794 388 3848 stratum
404 3749 541 3864 ponerein
555 3784 586 3844 in
600 3785 760 3863 sepulchro,
774 3785 836 3846 illic
850 3785 928 3846 ades.
971 3786 1005 3847 Si
1022 3804 1197 3846 assumerem
1219 3750 1281 3844 elad

103 3867 188 3918 surore
199 3863 381 3928 habitaturus
396 3865 428 3924 in
441 3865 623 3926 extremitate
643 3866 739 3942 mesia,
755 3866 842 3926 etism
855 3865 925 3926 illuc
944 3885 1048 3927 menne
1061 3873 1112 3926 tue
1125 3863 1282 3924 deduceret

105 4083 185 4155 ‘¹⁰¹³OE
195 4043 602 4179 qrutenissaeldiiiiiabididardiiiill’l’¹
617 4043 678 4163 delii
691 4043 840 4182 praiz
853 4101 969 4180 templis
983 4041 1157 4162 mundfdotis
1170 4099 1283 4162 includi

103 4181 789 4334 dinfiiitiie'Vldidtirddliousiedludtasuirffimeddi
802 4183 834 4319 id
847 4179 1281 4338 quitdididquddoliddivdreffi

105 4333 216 4398 nulum
235 4345 335 4439 replet.
378 4309 444 4402 imo
464 4343 534 4402 alibi
547 4349 723 4420 protestetur
737 4361 768 4401 se
789 4281 895 4400 coeffi
908 4348 938 4399 et
952 4349 1057 4400 terrem
1071 4339 1190 4418 implere
1203 4339 1282 4418 apud

107 4403 192 4493 :dim
210 4425 288 4484 xxiii.
303 4426 354 4484 24.
395 4424 497 4482 simeon
511 4425 608 4484 ectum
621 4431 648 4482 ct
661 4431 769 4481 marn
782 4441 832 4498 eqo
847 4421 969 4497 impleo!
1010 4419 1051 4480 Et
1070 4439 1107 4478 ne
1120 4419 1186 4496 quis
1199 4427 1282 4498 putet

106 4494 165 4580 uta
177 4501 270 4562 eoelum
283 4512 335 4565 aut
344 4501 484 4564 mundum
497 4502 646 4577 contineri,
662 4501 732 4562 alibi
747 4501 872 4580 Spiritus
887 4500 1012 4562 Sanctus
1024 4506 1155 4575 testatur,
1172 4501 1188 4558 1
1204 4499 1280 4578 ch.

109 4577 722 4658 vuli¹¹·Caricecoelorumcumuoacuperc.

139 4646 173 4710 X-
191 4657 303 4724 Furere
315 4661 459 4740 excipitur
471 4682 490 4722 a
504 4662 610 4724 Orcllt'o
623 4660 680 4722 iste
691 4661 757 4722 loca
770 4679 856 4740 egere
870 4660 906 4722 de
920 4658 1151 4739 omnipraesentic
1164 4658 1281 4720 virtutis
