3158 5190
123 401 237 451 enasr.
253 384 318 464 vn]
626 403 665 442 ua
680 402 851 445 semrrnna.
1300 387 1337 445 85

121 549 217 620 potest
241 541 354 614 lacere,
380 539 461 618 quod
482 540 524 600 ad‘
544 541 636 599 Deum
659 542 752 600 solum
776 543 931 621 Scriptura
953 543 1101 602 authorem
1124 541 1265 622 pertinet;
1288 543 1339 602 sad

123 621 192 680 iacit
213 629 333 680 tantum
357 621 448 698 prius,
464 617 543 695 quod
564 619 714 680 ministerii
736 628 782 680 est
802 640 861 680 non
882 621 1060 699 magisterii:
1091 623 1134 682 Ut
1155 621 1267 681 aurifex
1289 621 1340 699 qui

127 699 248 760 scoriam
264 700 305 758 ab
329 717 403 758 auro
417 699 549 773 secenut,
564 699 612 758 vel
625 700 677 776 qui
698 699 779 777 lydio
801 699 897 777 lapide
919 701 1052 778 explorat
1073 719 1184 776 aurum,
1201 699 1339 759 discernit

127 778 244 858 qnidam
258 797 369 837 verum
382 777 421 836 ab
434 777 604 852 adulterino,
621 777 673 837 sed
690 797 748 836 non
769 777 839 839 facit
859 797 923 838 ease
937 799 1046 854 verum,
1062 798 1116 839 nec
1130 779 1226 858 quoad
1240 797 1271 838 se
1285 797 1339 837 nec

131 858 228 934 quoad
241 877 316 916 noa:
340 857 389 915 Ita
403 855 537 915 Ecclesia
549 875 601 934 per
621 875 744 915 examen
766 877 850 917 suum
864 857 1001 918 discenm
1014 858 1131 936 quidem
1144 859 1233 917 libros
1248 859 1339 917 Oano-

130 939 213 994 nicos
235 955 254 993 a
276 955 336 994 non
352 935 507 994 (lenonicia
521 944 550 994 et
564 935 757 1013 Apocryphis,
774 937 825 996 sed
847 938 920 998 tales
942 957 1000 996 non
1018 937 1104 1014 facit3
1125 956 1179 996 nec
1197 937 1340 1014 judicium

130 1015 273 1074 Ecclesiae
287 1023 385 1092 potest
400 1015 603 1073 authoritatem
617 1015 698 1073 libris
713 1029 799 1092 quam
812 1035 865 1094 per
886 1035 917 1075 se
938 1035 997 1075 non
1017 1016 1163 1075 habebant
1177 1017 1338 1091 conciliare,

126 1093 180 1153 sed
193 1094 400 1152 authoritatem
410 1093 473 1172 jam
487 1093 659 1152 existentem
673 1093 801 1154 declarat
813 1097 990 1172 argumentis
1004 1113 1022 1154 a
1034 1096 1117 1154 libris
1131 1095 1202 1172 ipsis
1214 1096 1322 1173 petitis.

169 1173 267 1231 XXI.
290 1172 360 1230 Alia
373 1183 418 1231 est
432 1172 567 1249 cognitio
581 1173 623 1230 rei
633 1171 760 1250 mnfusa,
774 1173 996 1233 Aliadistincta.
1038 1175 1209 1251 cognitione
1220 1174 1341 1233 confusa

128 1251 265 1310 Ecclesia
278 1258 375 1328 potest
388 1251 526 1328 cognosci
546 1260 614 1310 ante
628 1251 814 1328 Scripturam,
829 1253 881 1311 sed
894 1253 1030 1314 distincta
1045 1253 1200 1331 Scriptura
1213 1254 1341 1330 cognitio

125 1331 293 1408 pracedare
308 1329 403 1405 debet,
425 1330 496 1408 quia
515 1330 623 1388 veritas
647 1331 787 1390 Ecclesia
808 1333 924 1390 nonnisi
944 1333 974 1390 in
998 1332 1145 1410 Scriptura
1166 1331 1342 1408 deprehendi

124 1419 236 1488 potest.
279 1408 411 1467 Ecclesia
423 1417 520 1486 potest
533 1428 550 1466 a
563 1408 648 1469 nobis
668 1411 844 1487 apprehendi
855 1414 918 1505 fide
931 1413 1055 1470 tumea
1075 1420 1142 1471 aute
1165 1411 1341 1488 Scripturam

124 1497 270 1565 tanquam
285 1489 383 1546 Coetus
397 1487 546 1549 hominum
560 1487 662 1547 iisdem
676 1489 765 1548 sacris
775 1498 917 1549 utentium
929 1512 936 1565 ;
960 1490 1018 1549 Sed
1028 1510 1086 1548 non
1100 1498 1195 1568 potest
1205 1489 1342 1566 cognosci

124 1575 158 1626 at
171 1565 262 1640 credi,
278 1574 310 1625 ut
324 1567 424 1625 Coetuus
437 1566 565 1626 fidelium
586 1575 616 1626 et
636 1567 806 1628 communio
828 1569 998 1628 Sanctorum
1003 1572 1066 1648 fide
1080 1570 1183 1645 dr'vinc,
1199 1569 1254 1626 nisi
1275 1577 1342 1647 post

125 1646 278 1722 cognitam
295 1645 472 1722 Scripturam
486 1664 550 1722 quae
565 1646 704 1706 Ecclesia
718 1655 801 1706 notas
815 1648 898 1707 nobis
913 1648 1085 1726 suppeditat.

170 1723 287 1782 XXII.
308 1724 405 1799 Quum
419 1723 588 1802 Apostolus,
605 1725 689 1784 Rom.
703 1745 734 1784 x.
751 1729 798 1802 17,
814 1725 885 1786 dicit
896 1730 986 1807 fidem
1000 1747 1057 1788 carc
1070 1748 1108 1787 aa
1123 1727 1230 1802 auditu,
1246 1723 1342 1784 innuit

126 1803 249 1881 quidem
264 1803 404 1861 Ecclesia
418 1803 607 1863 ministerium
620 1804 797 1864 intercedere
811 1805 916 1865 debere
930 1815 1067 1882 tauquam
1086 1806 1213 1865 medium
1227 1804 1341 1864 ordina·

126 1883 206 1940 rium
220 1881 258 1940 ad
272 1881 359 1940 fidem
372 1881 404 1939 in
417 1881 524 1941 adultis
534 1883 759 1959 ingenerandam
772 1907 779 1943 ε
795 1884 847 1943 sed
857 1903 916 1943 non
925 1885 1011 1944 docet
1020 1891 1171 1964 propterea
1181 1883 1342 1943 Ecclesiam

127 1962 283 2020 clariorem
296 1969 327 2020 et
340 1961 480 2019 notiorem
494 1979 558 2020 esse
573 1963 731 2039 Scriptura.

171 2039 305 2099 XXIII.
328 2039 421 2098 Aliud
434 2048 480 2098 est
499 2059 626 2116 quarere
640 2040 677 2100 de
691 2040 837 2098 librorum·
852 2059 997 2099 sacrorum
1019 2059 1147 2114 nuaram,
1163 2038 1342 2114 authoribus,

127 2120 271 2196 partibus,
294 2127 324 2177 et
344 2119 468 2196 singulis
489 2119 605 2196 verbis3
627 2118 720 2178 Aliud
742 2119 779 2177 de
799 2118 931 2178 doctrina
946 2119 1155 2178 fundamentali
1175 2117 1259 2176 libris
1277 2118 1344 2177 istis

129 2207 289 2258 contenta:
329 2197 465 2275 Cognitio
478 2199 534 2256 ista
547 2198 585 2256 ad
598 2196 758 2275 quemlibet
778 2196 893 2256 fidelem
913 2199 1045 2277 pertinet,
1062 2198 1113 2256 sed
1127 2217 1185 2256 non
1198 2197 1267 2273 illa;
1289 2214 1343 2256 uec

183 2277 343 2336 ’clitabitur
370 2277 449 2336 salus
474 2276 553 2336 illius
581 2279 631 2354 qui
654 2277 779 2336 nesciret
806 2297 824 2334 a
846 2295 904 2355 quo
927 2277 1064 2356 seriptum
1087 2277 1126 2335 sit
1151 2275 1343 2354 Evangelium

129 2297 192 2414 ppp
231 2357 276 2431 ai,
297 2355 384 2414 modo
404 2355 534 2416 crederet
553 2357 659 2416 librum
681 2375 745 2415 esse
766 2355 962 2415 authenticum
982 2365 1011 2416 et
1025 2355 1164 2415 divinum.
1207 2355 1277 2415 Alia
1297 2363 1343 2414 est

130 2436 261 2512 cognitio
275 2435 404 2494 authoris
416 2435 544 2511 primarii
558 2436 681 2513 alicujus
689 2436 756 2494 libri
768 2459 776 2511 ;
797 2435 855 2494 alia
863 2455 933 2494 vero
946 2436 1010 2515 ejus
1019 2435 1201 2494 amanuensis
1211 2442 1343 2496 tantum:

133 2515 196 2573 Ista
209 2523 256 2573 eet
269 2522 381 2574 tantum
396 2513 464 2573 fidei
476 2513 620 2574 historica
632 2536 640 2591 3
662 2514 719 2574 Illa
732 2533 802 2575 vero
816 2513 932 2574 divina.

172 2593 300 2651 XXIV.
322 2593 396 2652 Cum
420 2593 549 2652 Cirnaba
566 2595 654 2671 juxta
676 2593 868 2671 Philosophos
885 2595 924 2652 ait
944 2591 1155 2672 argumentatio
1176 2589 1342 2670 sophistica,
1451 2577 1457 2595 ’

131 2672 283 2748 quoidam
297 2672 436 2748 probatur
448 2691 500 2748 per
514 2673 649 2749 scipsum,
663 2691 729 2749 quoe
742 2681 874 2731 versatur
887 2672 964 2732 circa
976 2672 1053 2732 idem
1067 2691 1162 2731 causae
1176 2691 1269 2748 genus
1283 2689 1342 2728 am·

132 2751 195 2810 bitu
209 2750 335 2827 quodam
350 2751 412 2811 sine
425 2751 482 2809 fine
496 2751 527 2808 in
541 2771 572 2810 se
586 2760 748 2810 recurrente
760 2774 768 2827 ;
790 2771 848 2811 non
862 2760 958 2830 potest
970 2751 1055 2810 nobis
1068 2751 1191 2830 impingi
1200 2749 1340 2824 circulus,

131 2849 222 2906 quum
238 2830 416 2907 Scripturam
436 2831 591 2907 probamus
604 2850 656 2908 per
678 2831 824 2908 Spiritum,
847 2839 877 2889 et
898 2829 1037 2908 Spiritum
1051 2831 1179 2890 vicissim
1193 2850 1231 2889 ex
1247 2828 1342 2905 Scrip-

132 2917 216 2968 tura:
258 2909 334 2968 Nam
347 2909 395 2966 hic
409 2909 531 2985 quaestio
552 2909 667 2968 diversa
681 2917 733 2983 est,
757 2916 787 2968 et
805 2908 885 2968 aliud
901 2909 1027 2968 medium
1048 2927 1100 2967 seu
1120 2927 1215 2967 musae
1229 2927 1341 2984 genns3

131 2988 239 3066 quippe
252 2989 408 3065 probamus
424 2989 601 3066 Scripturam
613 3007 666 3066 per
680 2987 820 3066 Spiritum
830 2997 968 3064 tanquam
977 3006 1030 3064 per
1043 3006 1160 3046 causam
1173 2986 1343 3046 efficientem

130 3085 189 3144 qua
202 3067 365 3144 credimns;
387 3067 440 3126 sed
456 3068 611 3144 probamus
634 3067 772 3145 Spiritum
792 3085 831 3126 ex
854 3066 1009 3143 Scriptura,
1024 3074 1161 3141 tanquam
1175 3085 1213 3122 ex
1228 3063 1343 3141 objecto
1364 3075 1367 3080 '

130 3157 160 3206 et
180 3155 351 3224 sagramento
372 3155 490 3225 propter
513 3146 591 3224 quod
614 3145 767 3206 credimus.
809 3145 846 3203 In
867 3145 960 3222 primo
980 3144 1170 3222 respondetur
1190 3143 1228 3200 ad
1248 3161 1342 3220 quas-

130 3226 249 3301 tionem,
269 3227 357 3303 Unde,
371 3247 421 3286 seu
433 3245 491 3303 qua
503 3229 604 3286 abtum
616 3225 711 3286 credis
722 3224 899 3301 Scripturam
920 3241 984 3282 esse
999 3223 1161 3282 Divinam?
1174 3221 1285 3281 sedicet
1291 3239 1344 3300 per

134 3305 284 3382 Spiritum.
327 3307 364 3364 In
378 3306 506 3366 secundo
519 3325 589 3365 vero
602 3304 793 3384 respondetur
806 3303 844 3362 ad
857 3302 1056 3381 quaestionem,
1072 3303 1180 3377 Quare,
1194 3321 1243 3360 acu
1251 3321 1342 3379 prop·

131 3393 175 3442 ter
187 3385 259 3462 quid
278 3385 372 3445 credis
394 3386 533 3480 Spiritum
555 3385 605 3480 qui
619 3385 707 3444 estin
721 3393 759 3459 te,
774 3402 839 3477 esse
862 3382 1002 3476 Spiritum
1026 3381 1187 3442 Sanctum?
1204 3381 1342 3476 nimirum

130 3465 607 3622 tererestereres
621 3461 1343 3620 htt⁶ltt.l⁰tl.ltt.dhi⁰tllt.ttss

131 3642 220 3700 quum
234 3624 360 3702 probant
375 3623 553 3702 Scripturam
561 3643 599 3682 ex
610 3623 744 3682 Ecclesia
751 3630 781 3682 et
790 3622 952 3683 Ecclesiam
966 3641 1003 3682 ex
1019 3621 1168 3700 Scriptura
1176 3643 1183 3698 ;
1198 3622 1254 3680 hoc
1264 3620 1342 3679 eninr

131 3701 164 3761 fit
178 3723 230 3781 per
242 3702 322 3761 idem
336 3703 471 3778 medium,
487 3710 517 3762 et
530 3702 607 3762 idem
621 3721 715 3761 causae
729 3721 830 3781 genus.
873 3701 905 3762 Si
918 3702 1082 3780 quaerimus,
1092 3701 1152 3760 Cur
1164 3700 1212 3759 vel
1225 3707 1343 3778 propter

131 3783 201 3858 quid
215 3783 336 3842 credant
358 3783 536 3863 Scripturam
556 3801 621 3842 esse
644 3781 794 3841 divinam?
812 3779 882 3860 quia
904 3781 1036 3841 Ecclesia
1054 3781 1110 3840 hoc
1123 3779 1202 3852 dicit,
1224 3797 1341 3854 respon-

130 3860 218 3936 dent;
243 3862 277 3923 Si
289 3863 415 3940 petimus
429 3881 536 3938 rursus,
553 3863 612 3921 Cur
626 3861 765 3921 Ecclesiae
779 3861 922 3922 credant?
941 3860 1011 3939 quia
1021 3860 1169 3938 Scriptura
1181 3857 1225 3914 illi
1235 3855 1340 3915 infalli-

129 3941 274 4002 hilitatcm
288 3941 398 4017 tribuit,
414 3949 559 4019 reges-unt,
575 3942 644 4000 dum
658 3961 721 4000 eam
734 3949 820 4000 vocat
834 3941 996 4000 columnam
1005 3948 1035 3999 et
1045 3939 1255 3998 firmamentum
1267 3935 1341 3994 veri·

129 4022 216 4082 tatis:
260 4021 292 4082 Si
306 4023 457 4097 instamus,
467 4021 544 4081 unde
554 4021 646 4080 sciant
653 4022 709 4079 hoc
719 4020 874 4099 Scripturas
888 4017 1085 4079 testimonium
1099 4035 1162 4076 esee
1173 4013 1343 4074 caisano?

129 4101 197 4180 quia
211 4103 347 4160 Ecclesia
360 4102 397 4160 de
412 4121 448 4162 eo
461 4121 515 4160 nos
528 4101 664 4160 certiores
683 4099 761 4174 iacit,
776 4099 905 4159 addunt:
947 4098 994 4157 Ita
1014 4096 1204 4155 revolvuntur
1217 4113 1252 4152 eo
1265 4092 1342 4152 unde

129 4181 256 4241 fecerant
270 4181 439 4259 disputandi
453 4181 576 4254 initium,
592 4189 622 4238 et
635 4179 818 4238 ininhnitum
829 4175 1062 4256 progrediuntur,
1073 4172 1168 4233 necin
1179 4173 1239 4232 ullo
1248 4172 1342 4251 primo

129 4261 260 4321 credibili
274 4261 379 4322 sistere
392 4269 523 4338 possunt.
565 4260 667 4337 Neque
680 4259 729 4317 hic
742 4259 859 4317 diversa
877 4255 1000 4332 quaestio
1013 4261 1077 4330 est;
1098 4251 1251 4330 utrobique
1265 4251 1342 4311 enim

129 4344 266 4418 quaeritur
280 4341 318 4400 de
333 4341 445 4400 ratione
465 4349 497 4400 at
508 4347 679 4417 argumento
698 4335 908 4418 propterquod
928 4333 1023 4410 credo,
1045 4351 1104 4392 non
1117 4352 1187 4392 vero
1201 4332 1238 4391 do
1252 4331 1341 4392 facul·

131 4429 188 4480 tate
202 4431 253 4481 aut
267 4420 413 4499 principio
426 4439 479 4498 per
490 4418 570 4498 quod
583 4419 678 4478 credo.

170 4501 278 4562 XXV.
302 4500 435 4558 Ecclaet'a
454 4499 560 4558 dieitur
580 4497 670 4563 orlaa
684 4501 729 4556 aar
741 4494 865 4577 iipas‘upu
877 4498 919 4558 ric
934 4493 1053 4570 taam,
1078 4495 1092 4552 l
1115 4491 1221 4552 Timet.
1237 4491 1277 4550 iii.
1295 4493 1341 4568 15,

130 4601 185 4640 non
199 4581 280 4660 quod
295 4579 460 4640 Veritatem
474 4579 574 4638 fulciat
587 4587 617 4638 et
630 4578 675 4636 illi
688 4577 890 4636 authoritatem
900 4573 1050 4649 conciliet;
1072 4593 1138 4632 eum
1152 4573 1249 4650 potius
1257 4571 1342 4630 Veri·

130 4671 172 4720 tas
192 4663 231 4724 sit
246 4659 393 4722 Ecclesia
408 4657 625 4720 runeementum
646 4657 693 4716 eui
714 4655 928 4734 superstruitur,
944 4653 1018 4733 Eph.
1033 4654 1063 4713 ii.
1078 4655 1137 4728 20;
1158 4651 1212 4712 sed
1224 4649 1293 4726 qnia
1313 4649 1343 4706 in
