3158 5190
171 387 280 436 orror.
296 365 365 448 ru]
661 385 701 426 ns
715 385 885 428 semerom.
1050 409 1052 412 -
1318 369 1374 428 119

166 524 1375 619 mmmbmmamrbtiombmprooctteaticctobcatmtutmnoccmrq'icoec

167 606 949 775 vffffiwaefflgfflwffim
973 683 1130 744 sententies
1151 683 1228 744 circe
1250 682 1375 746 emonis

168 764 294 824 concilii
315 783 452 838 sensum3
474 762 542 821 dum
556 762 605 820 ultr
619 761 728 822 nullam
745 762 819 823 inter
833 763 1003 822 Versionem
1017 763 1102 822 istam
1116 770 1146 822 et
1160 763 1283 822 Fontem
1297 782 1373 828 conr·¹

166 845 349 921 pontionem
371 843 479 904 fmtam
492 861 555 902 esee
570 841 679 917 volunt,
702 842 753 902 sed
773 851 885 902 tantum
899 861 964 906 cum
977 842 1042 902 aliis
1056 841 1247 902 versionibus
1262 841 1375 902 Latinis

166 942 233 1000 anc
250 921 509 997 circumlenmtur3
532 929 566 980 ut
579 922 777 996 ΒοΙΙαπιιίηω,
795 921 936 996 Severior,
954 922 1092 997 ricimero,
1111 922 1259 997 Marione,
1277 930 1307 980 et
1325 920 1375 980 elii

166 1002 343 1079 complures,
358 1002 410 1077 qui
431 1020 495 1060 cem
508 1000 595 1062 etiam
608 1020 646 1059 cx
666 999 793 1060 lontibus
807 999 913 1077 corrigi
932 1008 962 1059 et
975 999 1121 1060 emendari
1140 1019 1225 1077 posse
1239 1008 1374 1064 censent:

169 1081 233 1140 Alii
248 1099 320 1140 vero
333 1081 529 1140 authenticam
543 1097 607 1140 eam
627 1079 758 1142 obsolute
778 1077 952 1140 declerctcm
965 1099 1038 1155 esse,
1060 1088 1093 1140 ut
1111 1079 1212 1139 melior
1233 1079 1295 1138 dcvi
1316 1097 1375 1138 non

166 1159 272 1237 poenit,
287 1168 318 1218 et
331 1159 467 1220 omnibus
480 1157 654 1218 editionibus
668 1159 864 1236 cujuscunque
884 1157 1029 1218 idiomatis
1048 1157 1226 1252 praeierenda
1246 1159 1292 1233 eit,
1315 1158 1373 1217 imo

165 1259 206 1298 ex
217 1259 278 1315 quc
290 1238 456 1316 primigenii
470 1237 583 1298 codices
597 1245 696 1314 utpote
706 1237 832 1315 corrupti
846 1237 1018 1300 emendandi
1032 1245 1098 1314 erut,
1110 1245 1143 1298 ut
1153 1238 1257 1313 Canus,
1273 1239 1373 1302 Vater-

167 1319 219 1392 ca,
237 1319 400 1392 Gom,
419 1317 578 1392 cracem,
592 1318 750 1392 Socrate
772 1329 802 1378 et
821 1315 880 1376 alii.
923 1317 982 1378 Sed
1001 1317 1052 1395 qui
1071 1317 1197 1395 penitius
1210 1317 1300 1376 verba
1320 1318 1373 1378 Ce-

166 1398 257 1456 nonis
281 1398 467 1473 expenderet
492 1403 630 1474 agnoscet
655 1395 739 1460 facile
766 1395 797 1454 in
820 1396 1006 1474 posteriorem
1029 1397 1168 1456 inclinare
1192 1395 1372 1456 sententiam.

168 1476 248 1537 Nam
262 1477 288 1536 si
302 1480 380 1538 uallo
393 1485 539 1554 proetectu
552 1475 633 1553 rejici
646 1483 757 1552 potest:
780 1477 860 1554 Ergo
873 1495 928 1535 nec
944 1485 1088 1552 praeteoetu
1099 1477 1241 1536 Hebratcr'
1254 1476 1373 1552 Codicis,

166 1555 250 1632 qnod
265 1563 363 1633 aperte
378 1554 579 1634 pronunciavit
589 1556 701 1614 Hercu
710 1555 855 1632 colloquio
865 1575 931 1616 cum
941 1556 1095 1616 Boinoldo.
1130 1556 1208 1614 Hinc
1217 1554 1374 1616 Ximeniue

169 1635 289 1694 Cardin.
305 1635 385 1714 pras.
400 1635 438 1694 ad
453 1634 550 1694 Biblie
563 1634 778 1712 complutensis
796 1641 970 1711 protestetur
983 1654 1015 1694 sc
1029 1635 1163 1694 batim
1176 1635 1303 1710 porubee
1317 1654 1372 1692 ore·

167 1715 250 1776 ἆίωη
264 1716 524 1774 mla-Hebroiccm
535 1723 563 1772 et
574 1713 716 1790 Groeccnr,
728 1717 941 1792 toaqeramdaoe
954 1714 1018 1774 ltine
1031 1714 1095 1774 inde
1108 1716 1239 1788 Ιαῑνοπα,
1254 1713 1375 1772 meditem

167 1793 1126 1868 amormnrtoeoeeflomwneicenaummuaetoiaa
1168 1790 1376 1852 Nectidema

168 1873 322 1935 sodalibus
338 1874 474 1950 impetret
485 1873 634 1947 Merr'ana,
649 1891 738 1949 quum
757 1872 833 1931 libro
847 1871 884 1931 de
897 1873 936 1931 V.
951 1871 1093 1934 Versione
1106 1891 1170 1930 enm
1184 1891 1242 1930 non
1256 1871 1375 1932 minoris

167 1953 357 2012 authoritatis
367 1971 430 2012 csse
441 1953 490 2026 eit,
502 1969 588 2028 quum
598 1949 701 2026 fontes,
712 1951 764 2010 ubi
773 1971 839 2010 cum
850 1949 978 2010 fontibus
989 1950 1132 2026 convenit,
1144 1949 1252 2027 alioqui
1260 1949 1375 2026 queudc

166 2031 318 2108 discrepet
328 2030 522 2092 excusandam
532 2050 609 2090 esce:
627 2030 692 2092 ideo
703 2030 793 2090 verba
802 2029 867 2104 ista,
877 2029 924 2087 ubi
932 2049 995 2088 cum
1001 2029 1126 2105 sontibus
1136 2029 1268 2103 convenit,
1281 2027 1376 2088 Index

166 2110 306 2187 Expurg.
326 2109 450 2183 induxit,
466 2117 495 2172 ct
508 2111 599 2170 Ledo.
614 2112 649 2170 de
664 2111 743 2170 Tene
757 2109 836 2184 Isag.
850 2107 888 2166 cd
908 2108 1005 2186 script.
1026 2107 1078 2168 lib.
1095 2111 1120 2182 1,
1136 2107 1203 2168 dist
1218 2109 1246 2182 6,
1261 2114 1331 2166 sect.
1346 2109 1374 2182 3,

166 2207 300 2265 arguens
308 2189 478 2263 Merinum,
489 2189 523 2248 si
537 2191 659 2265 Vndqaea
668 2197 737 2248 ercet
744 2187 909 2262 amartion
922 2187 1023 2264 inquit,
1033 2196 1169 2264 puotertue
1182 2207 1242 2246 cum
1248 2186 1377 2261 sontibus

165 2270 314 2342 comeum
329 2265 1278 2345 aquandodcerepatviuosuurqoaosolucnonmeeaortcmica,
1290 2283 1378 2342 oeque

162 2367 223 2424 per
245 2350 388 2406 deaetrm
410 2347 604 2406 Tridentium
619 2351 754 2423 mojorem
775 2348 872 2422 quoad
889 2366 939 2406 nce
960 2347 1059 2422 recipit
1079 2345 1270 2406 certitudinem
1291 2362 1377 2421 petam

166 2426 1043 2503 muetateoaeqeaedoeuamancdeereamtococcnetar
1061 2423 1374 2500 cubpraedictacmrde'-

167 2507 255 2580 tione,
270 2507 337 2566 nun.
351 2506 544 2566 convenieretr'oe
563 2525 625 2564 cum
637 2505 772 2580 sontibus.
812 2506 896 2580 Erpo
911 2504 1064 2566 concitem
1079 2503 1273 2564 himerinum
1292 2503 1334 2562 ita
1352 2503 1378 2564 si

168 2586 518 2661 &desciturum
585 2584 1017 2658 mdeedlbmcneitutcntca·

477 2663 537 2722 111.
587 2683 621 2722 cs
633 2682 703 2724 vero
717 2662 773 2722 etsi
786 2662 825 2722 V.
840 2661 1011 2722 Versionem
1025 2670 1057 2723 ut
1071 2659 1218 2739 antiquam
1234 2661 1266 2719 in
1284 2660 1377 2739 pretio

170 2735 301 2840 Vfflm
309 2737 416 2841 {ffb
435 2742 584 2817 habemus,
612 2750 710 2801 tamen
742 2741 937 2800 authenticam
967 2761 1031 2802 csse
1061 2760 1211 2818 negemus.
1248 2743 1274 2798 1.
1303 2739 1377 2814 Quia

202 2859 262 2897 nea
375 2810 405 2841 ⁰¹¹
435 2820 562 2880 humana
581 2821 723 2880 industria
736 2829 780 2880 est
793 2820 949 2896 elaborata,
963 2841 1022 2880 non
1036 2841 1106 2880 vero
1119 2821 1269 2880 authorem
1289 2819 1378 2878 hebet
1478 2852 1480 2860 ι

435 2899 606 2971 behemos,
617 2897 696 2977 quod
706 2899 794 2958 editio
803 2899 968 2960 authentica
976 2899 1117 2991 postulat
1148 2899 1223 2958 Num
1238 2897 1300 2958 sive
1314 2899 1380 2975 ejus

171 2977 279 3036 author
292 2985 435 3038 statuatur
457 2980 661 3072 Hieronymus,
675 2986 710 3038 nt
722 2978 826 3040 volunt
840 2977 993 3053 Pontifici,
1009 2977 1071 3038 sive
1085 2985 1151 3037 ante
1166 2977 1378 3052 Hieronymum

171 3057 249 3118 aliua
263 3057 405 3134 quispiam
426 3058 478 3136 qui
490 3059 662 3118 Veruonern
684 3057 788 3118 Italcm
807 3065 837 3117 ct
850 3056 1009 3133 Vulgatem
1029 3055 1136 3116 dictem
1153 3055 1377 3130 concinnaverit

171 3137 237 3195 aive
261 3136 363 3196 Sixtus
376 3136 415 3195 V.
429 3146 460 3197 et
474 3137 607 3198 Clemens
621 3137 712 3200 VIII.
727 3137 777 3213 qui
790 3144 918 3194 veterem
932 3135 1068 3194 usitatam
1088 3134 1118 3194 in
1133 3133 1266 3194 Ecclesia
1278 3133 1379 3194 multia

171 3215 268 3274 modis
283 3226 477 3293 correxerunt,
493 3237 577 3277 nemo
592 3236 630 3275 ex
643 3217 701 3276 illis
715 3215 770 3274 fuit
782 3213 954 3280 brixam.

215 3295 271 3353 lv.
294 3299 323 3354 2.
345 3295 419 3369 Quin
433 3316 486 3356 nec
500 3305 567 3356 unte
580 3296 727 3356 decretum
742 3294 872 3368 concilii,
887 3313 941 3354 nec
957 3301 1023 3371 post
1036 3290 1091 3352 fuit
1104 3289 1277 3352 authentice.
1313 3291 1380 3354 Non

172 3383 241 3434 cute
250 3373 321 3450 quia
333 3375 441 3436 multos
454 3376 555 3436 hebuit
568 3395 688 3450 errores,
703 3393 776 3450 quos
789 3373 879 3434 libere
893 3371 1071 3449 redarguunt
1078 3371 1151 3430 varii
1162 3391 1200 3430 ex
1209 3370 1378 3447 Pontificiis,

174 3453 316 3514 Nicolaus
330 3453 417 3530 Lyra
429 3455 464 3516 P.
475 3455 644 3532 Burgensis‚
658 3453 775 3528 Driedo‚
792 3449 875 3510 Hier.
889 3452 927 3511 ab
940 3451 1081 3527 Oleastro,
1098 3451 1259 3526 Ceietsnus,
1275 3449 1378 3526 etalii,

174 3533 320 3610 precipue
334 3531 465 3596 Isidorus
479 3533 600 3609 (ilmina,
615 3533 665 3610 qni
679 3531 827 3609 octoginta
839 3531 931 3590 millia
944 3551 1071 3590 errorum
1085 3531 1116 3589 in
1126 3530 1246 3608 vulgata
1257 3529 1332 3590 Lati.
1348 3550 1379 3590 se

175 3612 347 3674 observasse
360 3611 441 3672 dicit.
483 3613 585 3674 Sixtus
600 3611 745 3686 Senensis,
759 3610 811 3670 lib.
829 3613 857 3688 8,
873 3611 979 3670 Biblio.
994 3609 1032 3670 cd
1052 3609 1148 3670 finem.
1188 3611 1312 3686 lupence
1326 3611 1378 3684 sa-

175 3700 265 3752 mour
285 3700 314 3752 et
332 3711 383 3750 nee
403 3695 503 3752 mehor
517 3711 628 3752 errores
641 3693 677 3750 ob
691 3691 865 3766 Hier-crpore
878 3692 1038 3750 medates
1051 3689 1081 3750 io
1093 3689 1180 3748 ceteri
1193 3689 1378 3762 caductronc,

174 3779 201 3830 ct
211 3771 341 3830 cinriliter
355 3771 385 3831 in
397 3774 452 3832 lure
464 3780 563 3832 metra
575 3770 774 3830 aocaede'tierre
784 3770 1061 3830 maurentionem·
1073 3769 1196 3841 mendae,
1205 3767 1378 3842 colaea'emos,

173 3850 373 3926 barborum
389 3861 417 3910 et
437 3853 526 3910 multa
541 3870 651 3927 parvm
670 3851 876 3908 accomomdate
895 3869 986 3924 cerea,
1008 3858 1035 3908 et
1053 3847 1144 3906 minue
1163 3846 1266 3906 Latiae
1287 3863 1379 3920 verra,

174 3930 662 4006 obmcctcmbipccintcrprctata,
677 3929 794 4005 itemque
807 3926 1255 4004 nonnulbrruperadditcalipca
1268 3923 1379 3999 omma,

174 4011 306 4086 prodam
325 4010 506 4086 composito,
528 4009 683 4082 ἰπιπιιιεαία,
705 4027 740 4066 cc
759 4008 824 4068 citio
844 4007 1020 4083 Scrrptorum
1039 4007 1205 4081 deprecata,
1227 4021 1290 4079 qum
1302 4003 1380 4079 Paq-

175 4089 265 4165 ae'mrr,
288 4089 454 4165 chaerea,
482 4089 623 4162 Vocabitur,
647 4087 807 4163 Goretomc,
828 4084 1100 4162 interpretationum
1120 4091 1147 4140 et
1165 4080 1381 4158 exputionum

175 4169 230 4228 erc'r
243 4170 428 4244 judicarunt
469 4168 554 4228 Certe
567 4167 593 4226 si
613 4166 808 4226 authenticam
821 4173 906 4224 antee
924 4163 1085 4241 judicasset
1099 4161 1160 4220 Leo
1175 4159 1218 4219 X.
1234 4157 1378 4236 Pontifex,

175 4267 231 4308 uon
253 4248 360 4308 fuisset
382 4246 487 4306 author
510 4247 540 4308 S·
563 4245 694 4324 Pegnino
718 4245 843 4306 Lucensi
862 4261 969 4302 novem
990 4240 1129 4300 adornare
1151 4240 1322 4314 versionem,
1345 4257 1381 4300 ec

174 4329 251 4405 quod
264 4327 393 4388 vidisset
414 4326 556 4386 celebrem
577 4325 658 4384 illam
679 4322 852 4400 Hieronymi
871 4320 1033 4380 versionem
1053 4317 1201 4380 hominum
1222 4318 1333 4378 incuria
1352 4327 1382 4382 ct

173 4415 337 4486 temporum
351 4405 469 4482 injuria
603 4423 642 4464 ox
654 4413 735 4482 parte
749 4401 797 4460 vel
811 4399 990 4461 intercidisse
1003 4399 1052 4458 vel
1066 4407 1228 4476 corruptam
1236 4397 1333 4473 fuisse,
1348 4407 1382 4460 ut

169 4488 257 4548 refert
280 4487 390 4548 Sixtue
413 4483 517 4543 Senon.
558 4483 597 4542 ib.
611 4487 640 4544 t.
682 4483 749 4541 Non
768 4489 864 4560 potest
877 4479 963 4540 etiam
977 4477 1035 4538 dici
1048 4477 1214 4538 authentice
1226 4487 1292 4556 post
1306 4478 1380 4536 Gon·

167 4569 278 4642 cilium,
294 4565 371 4642 quie
385 4581 444 4621 non
464 4563 559 4639 potuit
572 4561 732 4622 Concilium
746 4560 939 4620 cuthcnticcm
959 4558 1061 4634 facere,
1097 4578 1142 4618 uc
1157 4567 1223 4618 ante
1236 4575 1294 4618 non
1308 4555 1381 4632 firit3

165 4658 200 4708 ut
211 4648 294 4708 enim
310 4645 425 4704 librum
438 4660 495 4700 non
509 4643 694 4716 canonicum,
709 4660 767 4698 non
783 4648 879 4718 potest
893 4639 1068 4700 (laconicum
1077 4578 1184 4714 locere,
1200 4635 1252 4696 scd
1270 4644 1382 4695 tantum

166 4728 340 4801 doehm3
365 4720 410 4780 sic
430 4739 489 4779 non
508 4729 603 4799 potcst
617 4719 778 4780 cerdonem
799 4719 992 4780 authenticam
1013 4718 1115 4794 iacere,
1132 4717 1188 4776 hoc
1202 4713 1279 4773 enim
1292 4713 1383 4774 solius
