3158 5190
252 339 290 400 78
735 349 827 394 noces
842 349 1001 394 snouuous.
1279 331 1408 416 [coner.
1424 351 1462 397 v.

248 497 314 558 dem
337 497 367 556 in
391 503 504 556 textum
526 493 681 573 irrepserit
723 491 771 552 Its
791 511 850 551 non
864 491 1014 551 Abmbam
1035 489 1087 550 sed
1105 491 1202 552 Jaoob
1222 493 1332 554 dieimr
1349 495 1462 556 emim

249 578 327 638 bunc
337 597 449 655 agrum.
492 575 554 636 Nee
567 579 595 650 2,
613 573 692 652 quod
707 573 808 633 Patres
822 573 958 632 dicuntur
977 572 1110 632 transisti
1130 573 1162 630 in
1177 573 1301 652 Siobern,
1316 595 1384 635 curn
1398 577 1457 638 Jo-
1567 579 1568 582 ’

249 659 357 737 sophus
370 658 484 735 legatur
498 663 610 717 tantum
624 654 665 713 ibi
679 654 819 731 sepultus.
861 651 936 712 Nam
949 651 1018 712 lieet
1034 651 1071 710 de
1085 653 1147 711 solo
1161 653 1293 732 Josepbo
1306 655 1359 715 fist
1372 675 1458 716 rnen·

249 739 291 799 tio
304 737 382 815 epud
397 737 518 814 Mosem,
534 736 603 814 quie
616 734 696 794 solus
714 743 797 793 vates
811 739 873 792 erat
886 742 916 792 et
928 733 1128 792 liberationem
1142 734 1285 810 previdit,
1303 745 1335 795 et
1347 755 1385 796 ex
1396 737 1457 796 fide

249 818 341 897 petiit,
356 825 389 876 ut
403 835 470 876 osse
484 817 514 874 in
528 817 692 876 Centonem
704 813 936 889 transferrentur,
953 811 1045 872 Hebr.
1060 813 1099 872 xi.
1115 817 1163 888 22,
1178 814 1258 890 quod
1272 823 1302 874 et
1315 817 1395 875 cavit
1405 817 1457 894 ju-

249 905 387 972 ramento,
404 899 479 958 Gen.
494 897 514 955 1.
531 898 579 973 28,
598 894 675 954 unde
689 894 787 953 etheo
807 893 917 952 narrari
927 891 1062 971 oportuit,
1077 893 1147 970 quie
1160 911 1191 953 se
1205 894 1260 952 hoo
1273 895 1362 954 modo
1372 896 1459 973 jura-

248 986 346 1036 mento
360 977 518 1036 liberarunt
532 975 679 1051 Ismelitae,
700 973 795 1033 Exod.
810 974 872 1032 xiii.
890 975 935 1048 19,
957 973 1052 1050 potuit
1076 980 1173 1032 temen
1189 974 1355 1051 Stephanus
1373 976 1456 1070 loqui

248 1057 279 1116 in
292 1057 398 1136 plurali
418 1076 471 1134 per
483 1057 644 1133 enallegem
658 1053 778 1130 numeri,
793 1054 842 1112 vel
855 1073 907 1132 per
927 1052 1129 1130 synecdochen
1144 1053 1258 1130 integri,
1273 1063 1307 1114 ut
1322 1066 1456 1134 seperta

137 1127 142 1138 '
250 1137 398 1215 Scriptura
415 1145 492 1196 amat
505 1136 594 1214 loqui,
611 1134 715 1194 Matth.
730 1134 812 1194 xxvi
828 1136 856 1209 8,
877 1153 1059 1192 murmurare
1072 1133 1207 1192 dicuntur
1219 1135 1359 1212 despue,
1374 1137 1454 1214 quod

247 1216 284 1277 de
298 1237 357 1277 uno
371 1216 452 1278 Juda
467 1216 606 1276 Iseariots
616 1214 795 1290 intelligitur,
810 1214 861 1292 qui
876 1212 955 1272 solus
968 1211 1174 1290 indignabatur
1186 1213 1223 1273 ob
1237 1214 1388 1291 profusum
1399 1237 1452 1276 nn·

246 1305 396 1375 guentum,
417 1305 450 1357 ut
468 1297 595 1379 exponit,
611 1295 681 1355 Joh.
696 1294 747 1353 xii.
765 1297 810 1370 ll,
833 1301 863 1353 et
884 1293 968 1353 Matt.
984 1292 1077 1352 xxvii.
1099 1295 1148 1368 44,
1167 1293 1295 1353 latrones
1315 1293 1455 1358 dieuntrrr

247 1377 399 1456 obloquuti
418 1377 533 1436 Christo
552 1376 582 1434 in
601 1393 694 1450 eruce,
709 1374 788 1451 quod
807 1373 845 1432 sd
863 1393 953 1432 unum
966 1373 1108 1432 letronem
1121 1372 1350 1450 impoenitentem
1364 1376 1453 1436 reser-

246 1465 302 1534 tur,
318 1467 351 1517 ut
366 1457 461 1516 Lucus
474 1456 601 1534 explicet
614 1453 697 1513 xxiii.
713 1456 761 1514 39.
804 1453 918 1512 Deinde
931 1453 999 1512 licet
1020 1471 1156 1531 expresse
1169 1453 1225 1512 boo
1238 1473 1296 1512 non
1310 1454 1454 1517 indicavit
1566 1509 1567 1530 ,

246 1538 355 1614 Moses,
370 1537 443 1596 alios
456 1544 553 1596 tumen
566 1534 669 1593 iratres
682 1533 705 1593 J
706 1533 807 1611 osephi
816 1532 924 1592 ibidem
939 1533 1067 1610 sepultos
1085 1532 1174 1592 fuisse
1188 1532 1272 1593 facile
1284 1531 1387 1614 colligi
1399 1555 1453 1616 po·
1566 1597 1567 1602 ,

244 1625 311 1692 test,
329 1616 398 1695 quia
480 1623 543 1674 erat
555 1613 629 1674 ratio
642 1613 771 1673 omnium
786 1613 1017 1672 Patrierobarum
1030 1612 1108 1690 apud
1121 1613 1142 1672 J
1144 1612 1251 1690 udaeos,
1269 1613 1373 1674 eedem
1387 1617 1452 1696 dig·

245 1696 322 1756 nitas
335 1705 366 1756 et
378 1715 413 1755 ee
433 1715 478 1754 em
493 1693 626 1754 omnibus
640 1711 735 1770 eause,
751 1713 817 1772 quae
833 1694 997 1771 Josepbum
1010 1693 1103 1752 movit
1114 1701 1148 1752 nt
1168 1693 1223 1752 boc
1242 1702 1362 1772 peteret,
1377 1695 1454 1757 fides
1568 1717 1569 1720 ¹

244 1775 274 1834 in
288 1775 477 1854 promissione
492 1775 557 1850 Dei,
572 1775 731 1854 proprietas
745 1775 775 1833 in
788 1781 872 1850 terra,
888 1781 918 1833 et
932 1791 998 1851 spes
1010 1773 1238 1833 resurrectionis.
1266 1773 1311 1834 Eo
1324 1777 1453 1853 pertinet

243 1856 323 1934 quod
336 1857 437 1916 Hiero.
452 1855 482 1914 iu
496 1856 634 1932 fflmpb.
649 1857 750 1914 Paula
761 1854 850 1914 refert
870 1873 934 1912 eam
947 1853 978 1912 in
994 1851 1109 1913 sichem
1122 1852 1323 1931 divertentem,
1339 1855 1451 1916 vimmo

241 1935 350 1996 ibidem
364 1935 517 1996 duodecim
531 1935 761 1996 Patr-iamborum
776 1934 945 2014 sepulchra;
966 1933 1045 2014 quod
1058 1933 1254 1993 testimonium
1264 1942 1367 2014 utpote
1379 1955 1452 1997 ocu·

243 2016 294 2076 luti
315 2016 398 2077 testis
418 2017 535 2076 videtur
554 2015 763 2094 preferendum
784 2014 949 2076 testimonio
961 2014 1088 2092 Jocepbi,
1123 2013 1154 2072 ui
1173 2013 1249 2073 libro
1268 2015 1376 2076 tristi
1399 2038 1450 2078 .e.

241 2096 282 2156 iv.
303 2097 394 2158 trudit
415 2097 598 2158 Petriercbes
620 2096 758 2156 Hebrone
779 2096 907 2174 sepultos
927 2093 1025 2154 fuisse.
1067 2097 1095 2153 3.
1140 2112 1178 2152 on
1198 2095 1297 2155 obstem
1316 2115 1357 2174 qn
1416 2097 1449 2156 in

240 2183 326 2237 textu
335 2197 393 2236 non
407 2186 489 2238 extat
502 2177 599 2236 Putris
609 2176 726 2251 sieten,
742 2183 775 2234 ut
788 2175 918 2250 habetur,
935 2175 1009 2234 Gen.
1024 2173 1130 2234 xxxiii.
1142 2175 1194 2250 29,
1210 2174 1262 2234 sed
1276 2175 1450 2254 simpliciter

239 2263 284 2317 cat
297 2261 397 2335 Συχὲμ.
421 2257 495 2316 Nam
509 2265 586 2316 reete
601 2256 780 2332 subintelligi
793 2262 889 2333 potest
901 2271 1007 2313 nornen
1022 2253 1125 2330 Petris,
1137 2263 1171 2314 ut
1183 2253 1254 2313 edibi
1262 2273 1323 2314 non
1337 2259 1447 2334 semel3

239 2345 273 2396 ut
282 2336 352 2396 Luc.
368 2337 429 2395 xiv.
442 2339 487 2412 10,
503 2337 605 2395 Maria
618 2337 727 2411 Jacobc',
742 2334 774 2393 id
787 2341 833 2394 est
846 2333 951 2393 Jscobi
964 2343 1065 2394 meter.
1097 2335 1225 2393 Herode.
1239 2337 1351 2412 nate,
1367 2345 1447 2419 neg«

239 2415 411 2491 ὅκιμβὺηυ
426 2416 518 2492 Quo
534 2415 677 2491 cambyse
698 2414 808 2475 seilicet
823 2415 928 2491 Pater3
949 2415 1043 2474 AEliu.
1062 2414 1112 2476 lib.
1127 2413 1190 2474 xiii.
1204 2415 1253 2474 30.
1275 2422 1446 2494 osupum

239 2507 280 2554 Aa
306 2501 324 2553 at
409 2495 555 2572 Olfflnpiuc
568 2495 732 2554 Amuudti
743 2502 813 2572 puta
829 2501 930 2555 mater.
961 2494 1095 2573 Denique
1109 2513 1162 2554 nee
1175 2494 1280 2574 obstet,
1296 2497 1377 2575 quod
1390 2499 1443 2560 Ja-
1569 2525 1570 2542 2

237 2494 448 2637 eoiirsadicvim
461 2575 565 2635 emisse
578 2594 680 2654 agrum
694 2584 802 2634 centon
822 2575 903 2653 epure
917 2574 995 2653 opud
1009 2575 1130 2652 Mosem,
1153 2573 1231 2652 apud
1245 2575 1356 2637 Lucem
1372 2597 1442 2640 vem

236 2675 309 2735 eger
328 2664 444 2734 emptus
467 2653 573 2716 dicitur
590 2655 827 2733 praecerpere.
852 2655 950 2750 ,Nam
973 2674 1033 2749 yon
1058 2675 1140 2733 essue
1158 2671 1217 2748 non
1241 2655 1339 2750 ιιιὶιιιιιι
1363 2679 1442 2719 aum·

235 2755 313 2875 {tt
319 2755 418 2876 ..tit
427 2756 549 2895 11111
556 2743 1042 2894 “ἕέἒιὲι111111“11111111ἷ”
1033 2735 1205 2893 &titt
1200 2751 1442 2898 ''ffinffl

235 2895 322 2957 dibus
335 2896 520 2956 mercimonia
535 2895 793 2956 commutabantur.
835 2895 913 2956 Vide
927 2897 1050 2956 Radices
1064 2895 1100 2955 R.
1117 2894 1154 2955 D.
1170 2895 1210 2955 K.
1225 2896 1256 2954 in
1269 2916 1343 2958 voce
1361 2919 1443 2978 res-cp

235 2985 265 3038 et
278 2980 402 3038 Buxtor.
418 2978 523 3038 Dictio.
539 2977 652 3052 ctam,
668 2978 792 3036 Becher.
807 2976 922 3036 Hieros.
937 2997 966 3054 p.
981 2977 1049 3052 436,
1065 2973 1120 3034 &e

277 3057 424 3120 XXXII.
448 3057 537 3118 Nulla
557 3065 602 3117 est
622 3057 811 3117 contradictio
830 3057 907 3116 inter
926 3061 945 3115 2
963 3056 1028 3116 Cor.
1051 3056 1091 3116 xi.
1106 3059 1135 3132 4,
1155 3064 1185 3115 et
1206 3056 1273 3117 Gal.
1288 3057 1307 3118 i.
1320 3059 1348 3135 8,
1372 3058 1441 3137 quie

234 3139 265 3197 in
278 3139 336 3198 isto
349 3157 408 3198 non
422 3140 505 3200 aiud
523 3137 629 3198 dicitur
641 3139 830 3216 Evangelium
843 3155 907 3197 esse
920 3136 1016 3214 reipsa
1029 3142 1059 3196 et
1074 3135 1171 3214 quosd
1187 3136 1339 3198 veritatem
1354 3138 1392 3198 ab
1406 3159 1442 3199 eo

233 3219 314 3296 quod
328 3218 480 3297 Apostolis
493 3217 548 3278 fuit
560 3217 766 3297 predicatum:
792 3214 851 3276 Sed
864 3219 895 3275 in
908 3217 959 3276 illo
973 3225 1085 3276 tantum
1100 3235 1137 3275 ex
1151 3217 1306 3295 hypothesi
1320 3239 1374 3297 per
1387 3219 1440 3278 im-

234 3298 380 3376 possibile,
395 3317 454 3358 non
467 3298 547 3376 quod
560 3297 646 3358 detur
658 3317 767 3374 revem,
783 3298 833 3358 vel
845 3297 908 3356 dari
921 3297 1021 3376 possit,
1037 3296 1090 3356 scd
1103 3303 1136 3356 ut
1152 3315 1267 3356 omnem
1280 3299 1441 3360 Corinthiis

234 3377 451 3438 excusationem
464 3377 575 3437 adimet
588 3379 618 3435 in
632 3377 751 3437 levitate
762 3397 848 3456 qnam
861 3377 1055 3437 ostendebant
1072 3375 1103 3434 in
1116 3377 1289 3454 recipiendis
1309 3377 1440 3438 Pseudo-

233 3455 399 3532 Apostolis3
422 3475 450 3534 q.
460 3456 488 3515 d.
506 3456 538 3515 Si
551 3457 592 3516 ita
603 3464 680 3516 esset
693 3466 726 3515 ut
739 3457 806 3534 quis
822 3456 860 3515 sd
873 3476 927 3516 vos
947 3457 1068 3517 vemens
1088 3456 1177 3516 alium
1191 3456 1295 3517 Jesnm
1307 3467 1340 3518 et
1359 3459 1441 3519 uliud

234 3534 428 3612 Evangelium
441 3535 597 3612 perfectius
610 3535 711 3595 afferre
724 3536 858 3614 potuerit,
873 3545 950 3596 recte
965 3535 1154 3597 admitteretis
1175 3545 1205 3596 et
1224 3537 1337 3598 ferretis
1350 3541 1440 3599 talem

232 3613 412 3693 magistrum,
426 3615 511 3674 nobis
525 3615 706 3694 contemptis.
731 3615 790 3675 Sed
803 3635 869 3676 eum
879 3617 935 3676 boe
949 3615 987 3677 sit
1007 3617 1123 3696 penitus
1136 3617 1322 3696 impossibile,
1337 3627 1371 3678 ut
1384 3639 1441 3680 vos
1570 3695 1571 3698 Ἴ

232 3695 400 3774 aguroscitis,
422 3715 475 3754 nec
495 3695 551 3775 ipsi
567 3695 832 3774 Pseudo-Apostoli
847 3695 962 3758 diffiteri
980 3704 1111 3777 possiunt,
1126 3717 1185 3757 non
1197 3699 1321 3776 potestis
1334 3699 1374 3759 ad
1385 3719 1440 3759 ex·

232 3776 410 3838 cusetionem
423 3777 513 3835 vestri
527 3777 682 3856 quicquum
695 3775 883 3856 praetendere.
907 3807 911 3816 ·

273 3856 438 3916 XXXIII.
462 3856 544 3917 Licet
560 3860 574 3915 l
592 3857 666 3936 Reg.
682 3857 710 3935 8,
726 3859 754 3935 9,
769 3856 883 3918 dicatur
896 3856 969 3917 nihil
983 3857 1072 3918 luisse
1093 3857 1123 3916 ιἰι
1136 3859 1215 3917 Areu
1223 3867 1335 3936 procur
1348 3861 1436 3938 Legis

232 3939 343 3998 tabula
350 3961 363 4010 ;
384 3937 424 3998 Et
439 3937 516 3998 Heb.
531 3937 572 3998 ix.
587 3941 616 3998 4.
648 3937 810 4016 Apostolus
824 3938 881 3998 elie
894 3937 972 3998 dicet
994 3937 1101 3998 ibidem
1115 3937 1213 4012 brisso,
1229 3957 1319 4016 quum
1332 3939 1383 4016 ait,
1400 3941 1438 3999 In

231 4037 274 4094 ea,
297 4015 408 4078 scilicet
428 4016 508 4077 Ares
527 4017 564 4078 de
578 4037 636 4096 qus
655 4018 820 4078 immediate
839 4019 978 4097 loquutus
999 4028 1068 4093 erut,
1084 4017 1173 4079 inisse
1191 4019 1302 4078 Uerrem
1316 4039 1439 4079 amicum

230 4099 375 4158 meeum
387 4117 503 4174 munau,
519 4109 546 4158 et
557 4099 668 4176 virgum
681 4100 806 4158 Aurorae
820 4099 1069 4178 praeeminuit,
1083 4108 1113 4158 ct
1125 4099 1348 4176 mbuhcpecti5
1369 4097 1438 4159 lien

230 4176 355 4237 occurrit
375 4179 573 4256 contradictio,
588 4187 619 4239 et
633 4177 717 4238 facile
733 4177 886 4238 difficultas
903 4179 1034 4256 solvitur,
1051 4179 1113 4238 sive
1127 4177 1257 4240 dimmus
1271 4179 1292 4240 lc
1304 4178 1322 4261 ri
1336 4179 1438 4240 referri

229 4275 289 4316 non
302 4257 340 4316 ed
354 4273 455 4318 vocem
464 4261 625 4337 proximam
642 4265 745 4325 nasacti
760 4277 869 4336 mam,
889 4259 941 4319 sed
954 4259 992 4318 sd
1006 4259 1189 4319 remotiorem
1202 4261 1337 4320 nimirum
1351 4265 1438 4326 ms·

229 4353 258 4395 v.
274 4339 302 4412 3,
318 4343 352 4395 ut
364 4345 464 4398 notum
478 4347 531 4416 est,
550 4338 704 4399 relativum
718 4339 874 4418 aliquando
885 4339 922 4398 ed
935 4339 1108 4399 antecedens
1122 4359 1180 4399 non
1193 4341 1367 4418 proximum,
1383 4342 1436 4401 sed

228 4415 367 4474 remotius
380 4416 499 4493 referri3
528 4419 590 4478 sive
604 4420 835 4498 prepositionem
850 4419 870 4478 b
883 4419 931 4479 bic
944 4437 1003 4478 non
1015 4420 1085 4498 poni
1098 4439 1151 4499 pro
1171 4421 1209 4498 ia,
1223 4422 1309 4500 qussi
1323 4421 1353 4480 in
1368 4441 1435 4480 aros

228 4496 292 4572 ipse
312 4491 399 4553 inerit
417 4513 522 4555 menne
540 4507 570 4557 et
583 4499 667 4577 virga
681 4498 790 4574 Aenon,
811 4499 863 4559 sed
876 4519 928 4578 pro
940 4519 1002 4559 cum
1015 4501 1063 4560 vel
1076 4504 1166 4577 jueta
1180 4511 1209 4561 et
1225 4503 1273 4578 ud,
1288 4509 1319 4561 et
1333 4501 1375 4560 sic
1389 4521 1434 4560 re·

227 4573 369 4652 spondere
393 4577 619 4653 praepositionis
634 4578 712 4657 apud
733 4579 883 4656 Hebraeos,
899 4599 963 4657 quse
984 4597 1042 4638 non
1062 4599 1176 4659 semper
1189 4589 1270 4640 notat
1290 4599 1350 4640 rem
1367 4599 1434 4659 quse

227 4655 303 4715 intra
316 4653 402 4715 adem
416 4665 469 4732 est,
485 4655 656 4736 sedetque
670 4658 753 4719 elteri
767 4653 881 4720 annexa
887 4667 919 4720 et
931 4659 975 4718 illi
988 4658 1125 4738 musei,
1137 4669 1167 4720 et
1175 4661 1253 4722 valet
1264 4659 1351 4720 modo
1359 4673 1431 4738 cum,
