3250 5176
275 374 335 432 590
761 387 851 428 cocus
866 387 972 428 rosus.
1285 362 1417 446 [eumer.
1433 383 1486 425 rr.

275 536 301 591 1.
319 532 410 592 Poena
423 539 468 592 est
481 532 527 590 sui
538 531 633 608 ipsiu
649 529 718 607 quia
731 538 764 589 ut
773 529 866 589 virtus
880 549 989 588 meroes
1005 527 1061 587 sibi
1075 535 1120 586 est
1133 525 1249 604 optime,
1267 525 1314 585 lta
1328 535 1484 603 peccatum

273 613 330 672 sibi
344 612 400 691 ipsi
414 621 459 672 cst
473 632 566 690 poena.
610 611 696 671 Unde
712 610 791 688 Aug.
806 611 857 669 lib.
873 610 892 669 i.
913 609 1034 668 confess.
1050 628 1077 666 c.
1095 611 1141 682 12,
1166 609 1185 640 “
1199 607 1322 667 Jussisti
1345 606 1483 682 Domine,

273 702 303 753 et
317 694 359 753 eie
373 703 425 770 est,
441 702 474 752 ut
487 712 573 770 poene
587 711 639 750 sua
654 691 710 750 sibi
724 691 763 751 sit
776 691 870 750 omnis
884 690 1064 750 inordinatus
1078 687 1221 764 animus,''
1245 686 1314 763 quia
1337 695 1382 747 est
1407 687 1484 746 acci-

273 773 346 834 dcus
367 773 589 833 disconveniens
610 772 751 849 subjecto,
767 781 797 833 et
810 771 956 847 nocivum,
971 769 1050 848 quod
1065 767 1224 827 maximum
1238 767 1379 826 damnum
1393 767 1486 827 infert

274 864 420 928 creature,
436 851 596 930 separando
610 871 674 912 eam
688 873 705 910 a
721 852 784 911 Deo
809 870 922 911 summo
946 859 1045 910 nostro
1069 849 1155 922 bono,
1180 857 1210 907 et
1231 847 1375 925 privando
1401 848 1485 906 illam

275 935 435 1009 sanctitate,
451 933 601 1010 potissima
614 932 761 992 felicitatis
774 941 882 991 nostre
900 939 990 1008 perte,
1006 939 1036 990 ct
1049 929 1191 989 maculam
1212 927 1403 986 foedissimam
1418 928 1485 986 iuu-

274 1014 364 1074 rendo
378 1013 503 1072 hominis
517 1013 710 1088 conscientias,
727 1033 785 1090 qua
798 1032 858 1071 non
871 1020 984 1070 tantum
998 1011 1100 1083 malus,
1117 1008 1212 1069 sedet
1232 1008 1320 1066 miser
1340 1007 1485 1068 redditur.

275 1099 302 1154 2.
311 1095 402 1152 Poeua
411 1101 456 1152 est
469 1093 581 1170 peccati
594 1093 792 1170 precedentis,
800 1102 833 1152 ut
844 1091 1008 1152 idololatria
1016 1091 1177 1150 Gentilium
1191 1089 1311 1166 punitur
1323 1108 1376 1165 per
1389 1088 1488 1148 foedas

274 1172 418 1248 libidines,
426 1173 532 1250 quibus
547 1173 645 1233 traditi
660 1182 735 1247 sunt,
747 1174 831 1233 Rom.
846 1173 866 1231 i.
896 1175 924 1232 3.
937 1171 1061 1230 Ratione
1076 1169 1203 1246 ulterius,
1214 1178 1246 1229 ut
1260 1178 1413 1247 peccatum
1423 1169 1487 1228 Da·

274 1253 351 1314 vidis
364 1253 484 1331 punitur
497 1253 610 1313 incestu
624 1253 787 1312 Absalomi.

274 1376 404 1422 Peccatum
411 1389 517 1434 mm
578 1334 634 1427 lV.
667 1334 823 1393 Peccatum
850 1341 927 1392 recte
951 1351 1067 1426 posnam
1091 1331 1150 1390 dici
1173 1329 1325 1424 educitur.
1357 1332 1384 1387 1.
1408 1329 1488 1424 Quis

303 1439 518 1538 ...u
538 1411 1296 1572 {ruubtttlustttut.².tu·tull
1311 1410 1487 1549 lutet:

305 1551 369 1598 ⁵⁸⁰¹·
380 1566 423 1597 ¹¹¹¹
434 1550 470 1608 11,
481 1549 517 1598 ¹²·
537 1575 641 1634 missa:
665 1577 683 1608 “
694 1575 742 1634 Sic
756 1576 797 1634 ait
807 1575 932 1649 lehove,
945 1573 1021 1632 Ecce
1036 1593 1090 1651 ego
1102 1571 1292 1631 suscitaturus
1306 1589 1370 1628 sum
1382 1579 1489 1629 contra

274 1661 303 1714 te
318 1654 426 1714 malum
440 1673 456 1713 e
471 1653 557 1714 domo
571 1663 630 1729 tua,
646 1664 676 1714 et
694 1655 839 1732 accipiens
859 1674 966 1714 uxores
986 1662 1051 1712 tuas
1071 1661 1138 1711 ante
1159 1651 1259 1710 oculos
1282 1659 1348 1710 tuos
1369 1649 1487 1709 medam

274 1735 407 1812 proximo
421 1745 481 1808 tue,
497 1735 547 1812 qui
561 1735 680 1796 cubabit
693 1755 759 1794 cum
774 1735 810 1794 iis
824 1755 920 1792 coram
935 1735 991 1792 isto
1014 1733 1090 1792 Sole.
1133 1732 1207 1808 Quia
1225 1741 1258 1790 tu
1279 1730 1375 1789 fecisti
1396 1730 1486 1806 clam,

274 1815 361 1872 etiam
376 1834 431 1890 ego
448 1812 578 1874 facturus
593 1835 657 1874 sum
671 1834 768 1874 coram
782 1823 844 1874 toto
866 1815 972 1872 Israele
993 1821 1023 1872 et
1043 1832 1140 1871 coram
1162 1811 1259 1872 Sole.''
1302 1811 1363 1870 Nec
1386 1819 1489 1888 potest

273 1893 370 1972 excipi
393 1894 496 1952 “nihil
516 1895 565 1954 bic
586 1894 676 1955 fuisse
698 1895 821 1973 pecuale,
844 1895 901 1953 nisi
924 1893 1031 1953 nudam
1053 1891 1280 1970 permissionem,
1303 1911 1361 1950 non
1384 1899 1486 1950 autem

274 1975 369 2052 ipsum
383 1974 524 2035 incestum
540 1975 628 2036 fuisse
642 1975 801 2036 formaliter
813 1976 957 2054 poenam.”
1001 1974 1038 2032 R.
1054 1973 1129 2047 Quia
1142 1993 1228 2051 poena
1242 1971 1367 2030 Davidis
1381 1971 1489 2031 debuit

274 2075 338 2116 esse
359 2055 507 2134 publicum
527 2055 654 2117 dedecus
676 2063 705 2116 et
726 2056 862 2116 damnum
886 2053 993 2114 Davidi
1013 2053 1154 2113 inflictum
1175 2073 1270 2112 eoram
1294 2051 1362 2111 Sole
1377 2061 1407 2111 et
1422 2060 1488 2111 toto

275 2135 393 2209 Israele,
420 2143 449 2194 ct
471 2136 525 2196 fuit
548 2137 671 2214 pollutio
695 2137 752 2196 tori
781 2135 925 2196 Devidici.
971 2133 1014 2193 At
1040 2133 1192 2211 permissio
1215 2133 1323 2206 divina,
1349 2151 1404 2191 nee
1430 2133 1488 2192 fuit

275 2215 399 2274 Davidis
413 2215 550 2276 damnum
570 2216 737 2292 formaliter,
759 2237 812 2276 nec
833 2216 909 2276 facto
930 2215 1045 2293 publice
1065 2234 1162 2274 coram
1186 2213 1262 2288 Sole,
1284 2211 1336 2271 sed
1355 2213 1432 2271 clem
1455 2214 1488 2271 in

273 2295 386 2372 impuro
407 2297 493 2356 corde
515 2297 678 2358 Absalomi.
721 2296 835 2356 Deinde
860 2297 941 2355 Deus
961 2315 1020 2354 non
1042 2294 1242 2354 interminatur
1263 2292 1488 2370 permissionem

272 2375 359 2434 istam
371 2377 479 2436 Davidi
490 2385 523 2436 ut
533 2397 656 2454 poenam,
669 2376 722 2436 sed
731 2397 793 2436 rem
802 2376 980 2454 permissam,
993 2395 1095 2452 nempe
1106 2375 1242 2433 damnum
1253 2384 1283 2432 et
1293 2373 1486 2450 ignominiam
1600 2421 1601 2452 ,

273 2456 376 2532 polluti
401 2457 465 2516 tori.
509 2457 608 2516 Verba
630 2457 707 2516 eninr
732 2457 789 2516 ista
812 2457 961 2516 continent
984 2457 1094 2532 justam
1118 2453 1331 2547 proportionem
1354 2473 1393 2512 ex
1419 2454 1488 2531 lege
1600 2499 1601 2502 η

272 2535 389 2594 talionis
404 2536 479 2596 iuter
500 2545 650 2614 peccatum
672 2545 702 2596 et
721 2556 854 2613 poenam:
877 2535 922 2595 Tu
942 2535 1067 2594 hominis
1087 2535 1204 2594 innocui
1225 2535 1340 2594 unicam
1361 2553 1486 2592 uxorem

273 2615 406 2688 violasti;
430 2616 496 2692 Ego
511 2625 575 2674 tuas
589 2617 696 2676 multus
710 2615 861 2674 violandas
875 2615 1006 2675 tradam:
1027 2616 1073 2674 'Pu
1087 2615 1161 2674 clam
1176 2623 1206 2674 et
1222 2614 1315 2673 inscio
1331 2614 1443 2673 Isradle
1458 2623 1489 2674 et

273 2693 376 2752 marito
397 2695 452 2754 hoc
472 2693 645 2755 adulterium
666 2697 806 2774 patrasti,
830 2695 895 2772 Ego
918 2696 1022 2773 palam,
1039 2695 1112 2754 coslo
1127 2705 1157 2755 et
1180 2695 1247 2754 Sole
1262 2715 1358 2753 coram
1373 2695 1488 2754 Israe‘le

273 2774 396 2834 testibus
405 2783 434 2834 te
445 2775 562 2852 puniam
573 2799 580 2834 ι
599 2776 644 2835 Tu
654 2775 796 2836 adulterio
807 2775 909 2834 laesisti
919 2775 1102 2854 proximum,
1123 2775 1188 2853 Ego
1198 2783 1227 2834 te
1238 2775 1367 2834 incestus
1378 2773 1488 2833 damno

273 2855 399 2932 plectere
413 2855 490 2914 volo.
533 2855 622 2915 Nulla
635 2865 733 2916 autem
747 2857 794 2915 hic
809 2863 886 2914 essct
900 2856 1105 2932 compensatio,
1121 2857 1147 2915 si
1160 2875 1246 2933 poeua
1259 2855 1310 2913 illa
1324 2855 1444 2914 sisteret
1457 2855 1489 2913 in

273 2935 353 2995 nuda
366 2935 565 3015 permissione.

576 3017 614 3077 V.
639 3017 781 3093 Secundo,
795 3037 832 3076 ex
844 3016 928 3075 Rom.
944 3016 963 3074 i.
975 3019 1023 3090 24,
1036 3017 1084 3091 25,
1101 3018 1149 3090 26,
1161 3013 1211 3073 ubi
1227 3015 1307 3074 Deus
1321 3013 1351 3072 in
1365 3035 1486 3092 posnam

431 3176 436 3186 ’
536 3178 591 3238 bus
606 3188 635 3238 et
649 3178 679 3236 iu
694 3177 847 3254 reprobum
859 3195 983 3253 sensum,
999 3173 1041 3234 διὰ
1051 3182 1123 3234 τοῦτο
1133 3173 1268 3256 crepidem
1281 3175 1370 3240 αὐτοὺς
1385 3179 1397 3232 ὅ
1413 3182 1487 3250 erte,

276 3257 490 3334 “Propterea’'
512 3277 616 3336 nempe
637 3267 754 3336 propter
777 3256 979 3332 idololatriam,
1001 3257 1038 3315 dc
1059 3276 1125 3334 qua,
1141 3277 1170 3316 v.
1192 3259 1240 3330 25,
1263 3255 1413 3315 “tradidit
1435 3277 1488 3315 eos

275 3337 356 3395 Deus
370 3335 455 3396 foedis
470 3337 529 3396 suis
544 3337 703 3414 affectibus,
712 3335 765 3396 dcc.
777 3340 937 3414 inspectata,
955 3337 1217 3414 compensatiouem
1231 3336 1335 3394 erroris
1350 3337 1396 3394 eui
1410 3335 1441 3393 in
1457 3355 1488 3395 se

274 3415 474 3492 recipientes.''
505 3417 591 3476 Unde
606 3418 647 3476 ita
661 3417 787 3494 colligo;
807 3418 877 3494 Quae
888 3417 1090 3478 transmutatio
1101 3435 1172 3476 usus
1181 3415 1321 3475 naturalis
1332 3434 1488 3493 corporum

274 3495 304 3552 iu
318 3493 424 3552 foedam
443 3494 594 3554 libidinem
608 3505 713 3573 praeter
726 3507 858 3557 naturam
873 3506 918 3557 est
931 3499 1079 3572 ἀντιμιήὺι,
1095 3500 1177 3570 J'ueta
1190 3497 1376 3572 compensatio
1390 3505 1488 3554 neus-

274 3573 442 3632 mutetionis
456 3573 644 3634 idololatricae
659 3576 759 3653 gloriae
775 3577 831 3636 Dei
850 3577 880 3636 iu
895 3578 1017 3654 gloriam
1032 3586 1179 3650 creaturae,
1195 3584 1224 3635 et
1238 3575 1368 3636 veritatis
1384 3575 1443 3634 Ilei
1458 3578 1488 3634 in

274 3652 464 3729 mendacium,
480 3674 515 3714 ea
528 3663 573 3715 est
586 3663 744 3733 peccatum,
761 3665 790 3714 et
801 3657 887 3715 simul
901 3659 1121 3735 poenapeccati.
1152 3656 1244 3732 Atqui
1259 3655 1326 3716 talis
1340 3655 1490 3737 &atqua

274 3743 304 3794 et
317 3733 485 3810 ὶσχψσύιη,
501 3755 566 3813 quse
580 3735 771 3795 fedissimum
785 3745 830 3796 est
843 3745 1002 3814 peccatum,
1018 3737 1124 3796 dicitur
1137 3739 1278 3812 inaperta
1295 3737 1490 3814 praecedentis

276 3816 402 3874 sceleris.
445 3815 524 3876 Huic
546 3816 639 3876 affinis
661 3825 705 3876 est
725 3816 807 3877 locus
828 3817 901 3878 alter
921 3821 939 3876 s
962 3817 1065 3876 Thess.
1087 3817 1118 3876 ii.
1136 3821 1181 3893 11,
1204 3817 1254 3876 ubi
1276 3816 1357 3876 Deus
1378 3817 1491 3878 dicitur

277 3895 460 3954 “immisisse
488 3895 644 3957 efficaciam
672 3897 785 3972 erroris,
811 3905 844 3958 ut
869 3897 987 3958 credant
1011 3897 1171 3974 mendacio,
1200 3905 1230 3956 et
1253 3904 1286 3957 ut
1312 3897 1491 3957 damnentur

275 3995 384 4049 onmes,
407 3975 457 4052 qui
471 3977 588 4038 veritati
608 3997 667 4038 non
688 3977 882 4053 crediderunt,
904 3978 974 4056 quia
993 3997 1119 4037 amorem
1134 3977 1265 4038 veritatis
1285 3997 1344 4036 nou
1368 3997 1488 4056 recepe-

276 4063 344 4115 runt
353 4054 381 4130 ;”
397 4055 566 4132 quodecim
581 4057 662 4116 Deus
683 4057 789 4135 infligit
810 4057 984 4134 homiuibus,
1000 4059 1068 4135 quic
1083 4077 1209 4117 amorem
1223 4058 1355 4118 veritatis
1368 4077 1429 4116 nou
1443 4079 1490 4118 rc·

276 4145 421 4213 ceperunt,
446 4145 479 4194 ut
501 4135 674 4196 damnentur
694 4157 753 4196 nou
773 4137 923 4198 credentes
943 4139 1069 4213 veritati,
1092 4158 1151 4197 non
1173 4146 1269 4216 potest
1292 4158 1350 4196 non
1371 4139 1490 4216 poenale

276 4235 348 4276 esse.
392 4214 453 4275 Nec
467 4215 526 4278 dici
539 4225 635 4294 potest
649 4217 720 4276 talia
733 4227 852 4296 peccata
865 4218 963 4278 vocari
978 4239 1092 4295 posnam
1106 4218 1284 4295 metonymia
1298 4237 1401 4293 cause,
1418 4218 1491 4295 quia
1596 4275 1597 4286 ,

276 4305 344 4356 suut
364 4295 482 4373 majoris
495 4317 589 4374 poenoe
603 4297 794 4374 demeritorie,
817 4307 850 4358 ut
864 4299 928 4358 vult
941 4299 1106 4372 Auente„
1129 4297 1204 4372 Quia
1217 4296 1297 4357 aliud
1317 4306 1361 4356 est
1381 4299 1490 4356 mereri
1596 4305 1597 4344 l

276 4395 382 4436 novam
397 4397 520 4453 poeuam,
535 4377 615 4436 aliud
628 4398 698 4438 vero
713 4398 776 4438 esso
790 4378 883 4455 ipsam
897 4398 1020 4456 poenam,
1036 4387 1066 4439 et
1080 4378 1343 4456 compensatiouem
1357 4377 1490 4454 sceleris,

276 4455 354 4534 quod
368 4457 416 4516 hic
430 4455 536 4517 dicitur
549 4458 585 4518 de
600 4457 757 4518 sceleribus
772 4459 942 4518 Gentilium.

580 4538 635 4597 VI.
658 4538 764 4614 Tertio,
781 4538 829 4596 Ex
845 4541 871 4597 l.
888 4539 962 4616 Reg.
978 4538 1051 4598 xxii.
1066 4541 1114 4598 20.
1138 4536 1263 4616 Spiritus
1277 4535 1421 4596 mendacii
1435 4539 1490 4614 qui

321 4629 328 4641 '
369 4671 395 4699 „¹
438 4633 478 4701 ¹·
534 4618 590 4678 fuit
603 4617 634 4676 iu
647 4638 696 4678 ore
711 4619 1055 4696 Pseudo-prophetarum,
1071 4627 1101 4678 et
1109 4618 1291 4678 mendacium
1302 4618 1348 4676 cui
1362 4617 1492 4678 credidit

535 4698 676 4758 Achabus
689 4697 727 4758 ad
741 4697 956 4777 suscipiendum
975 4699 1084 4761 bellum
1104 4698 1254 4777 injustum,
1275 4697 1331 4759 fuit
1345 4697 1490 4776 gravissi·
