3158 5190
96 385 216 434 111111.
232 362 280 446 u]
602 384 641 426 ns
655 385 827 427 1111111111.
1273 373 1311 432 'lb

92 532 216 586 constet
228 542 333 584 eornm
347 542 458 582 morem
471 523 560 584 luisse
574 532 686 596 tentum
700 529 761 584 210
773 545 923 603 enncrum,
939 527 990 588 sed
1009 528 1131 588 refertur
1144 527 1182 588 ed
1196 483 1311 606 AEgyp·

94 615 162 664 tum
185 603 305 664 efflictis
329 603 534 680 lere'eliterum,
557 605 625 682 quie
646 605 701 664 fuit
722 606 895 685 principium
915 607 980 684 ejus
1000 627 1037 666 ex
1059 609 1134 668 Gen.
1152 609 1204 668 xii.
1222 611 1267 683 10,
1283 617 1313 669 et

94 685 184 759 finis;
216 683 265 741 vel
293 681 366 760 quie
392 682 562 759 diuturnior,
590 682 689 744 durior
711 694 742 746 et
767 685 910 764 posterior
936 687 991 748 fuit
1014 687 1166 748 nobilitete
1192 688 1313 765 irnperio

92 763 247 900 «11111111,ι
259 762 455 902 {mrum
474 763 712 842 multiplicatione
726 773 755 825 ct
769 785 868 828 eorum
881 767 1067 845 oppressione
1086 767 1267 844 gravissime,
1283 776 1314 828 et

92 854 207 922 stupen
379 861 443 902 one.

138 922 290 982 XXVII.
315 926 330 979 1
355 922 430 999 Reg.
451 921 492 981 ix.
510 942 540 982 v.
560 921 653 984 ultim.
676 923 761 984 Serri
783 924 945 984 Salomonis
966 925 1101 986 dicuntur
1120 926 1252 986 ettulisse
1274 945 1312 986 cx

93 1002 195 1081 Ophir
215 1003 281 1062 euri
301 1001 412 1060 telente
433 1005 502 1061 420.
544 1001 588 1062 At
606 1007 624 1060 2
642 1003 727 1062 Ohro.
742 1003 803 1063 viii.
817 1025 847 1062 v.
862 1004 914 1064 ult.
935 1014 1121 1066 recensentur
1140 1008 1209 1064 450.
1253 1005 1312 1066 Sed

93 1083 187 1142 lecile
200 1082 260 1142 iste
273 1081 465 1142 conciliantur
478 1083 503 1141 si
517 1082 655 1158 dicemus,
670 1083 718 1142 vel
739 1101 797 1142 non
811 1082 848 1142 de
862 1084 971 1160 eodem,
988 1083 1040 1144 sed
1053 1085 1091 1144 de
1103 1085 1227 1146 diversis
1246 1105 1312 1163 pro·

94 1161 279 1222 lectionibus
293 1181 457 1220 sermonem
475 1181 547 1236 esec,
566 1183 601 1222 eo
621 1161 699 1240 quod
722 1163 860 1222 Salomon
879 1164 1002 1241 singulis
1018 1164 1112 1224 tribus
1125 1165 1209 1224 eneis
1222 1185 1313 1226 neves

96 1243 174 1302 illuc
195 1241 327 1302 mitteret
346 1261 386 1300 ex
408 1241 515 1318 lReg.
537 1262 567 1302 x.
582 1246 630 1317 22,
645 1242 694 1301 vel
711 1243 780 1319 quie
797 1243 918 1320 triginte
934 1244 1043 1306 telente
1062 1263 1120 1303 non
1142 1244 1179 1304 ed
1200 1245 1312 1322 Regem

96 1321 222 1382 luerunt
235 1321 357 1398 perlets,
372 1320 424 1380 sed
438 1320 470 1379 in
482 1340 568 1380 usum
582 1322 690 1382 Clessis
705 1330 882 1400 consumpte.

143 1401 311 1460 XXVIII.
333 1401 441 1460 Metth.
455 1400 549 1460 xxvii.
564 1403 592 1460 9.
633 1401 770 1462 Jeremiae
790 1402 926 1462 tribuitur
940 1402 1096 1464 Orsculum
1110 1403 1188 1480 quod
1209 1402 1314 1464 citetur

98 1481 197 1540 (1130
220 1480 309 1540 Siclis
330 1481 486 1557 argenteis,
508 1479 595 1540 etde
616 1501 687 1558 egro
701 1501 739 1540 ex
752 1481 811 1540 illis
825 1491 930 1559 empto,
946 1483 1025 1560 quod
1047 1491 1157 1542 eertum
1178 1491 1223 1542 est
1236 1483 1314 1561 epud

100 1561 195 1620 Zech.
210 1569 313 1620 extere
330 1579 355 1618 c.
369 1561 411 1618 xi.
428 1564 473 1636 12,
489 1559 567 1620 unde
580 1559 697 1620 videtur
709 1561 809 1639 colligi
821 1561 958 1622 mendum
972 1563 1141 1636 universale
1155 1571 1185 1623 et
1198 1564 1314 1640 σφάλμα

100 1645 247 1717 wear
270 1640 303 1698 in
325 1639 476 1733 Metthoeo.
519 1639 578 1700 Sed
599 1641 679 1700 veris
701 1640 775 1700 solvi
798 1649 894 1720 potest
915 1642 1018 1704 nodus.
1065 1642 1189 1717 eridem
1210 1644 1315 1704 volunt

101 1731 339 1874 131111ῗῶ
354 1727 701 1877 fflffieffltlt
711 1721 1032 1879 {iiiiii-illlis?
1032 1721 1315 1883 11ῗῖ1ὃὲῗὲ211

103 1880 167 1940 Sed
180 1899 310 1940 errorem
324 1897 388 1938 esse
402 1879 502 1956 exigui
515 1880 661 1956 momenti,
673 1889 743 1958 puts
757 1881 787 1939 in
800 1881 918 1940 nomine
930 1881 1054 1960 proprio,
1067 1891 1097 1940 et
1109 1885 1315 1942 correctionem

103 1960 223 2020 leeilem
236 1979 302 2020 esse
317 1977 355 2018 ex
368 1958 522 2020 colletione
530 1959 569 2019 V.
584 1968 614 2020 et
628 1960 664 2019 N.
676 1960 711 2018 Τ.
753 1959 824 2034 Alii,
834 1959 912 2036 quod
921 1961 1106 2020 verisimilius
1120 1969 1173 2036 est,
1184 1969 1316 2022 statuunt

102 2040 169 2098 deri
192 2041 241 2099 bic
263 2037 390 2115 nimum
411 2037 534 2098 duorum
554 2040 683 2099 locorum
705 2039 946 2116 propheticorum,
961 2039 1119 2117 exquibus
1140 2040 1247 2100 cocluit
1260 2041 1316 2102 hoo

103 2120 317 2195 testimonium,
333 2119 424 2178 scilic.
437 2138 476 2178 ex
489 2119 598 2180 Jcrcm.
614 2119 708 2178 xxxii.
723 2128 753 2179 et
767 2119 855 2178 Zech.
871 2119 912 2178 xi.
954 2119 1068 2194 Quibus
1081 2118 1163 2178 verie
1183 2120 1317 2196 exemplo

105 2199 215 2258 similis
229 2207 379 2274 occurent,
393 2208 427 2259 nt
441 2199 514 2259 Met.
528 2199 590 2258 xxi.
601 2201 628 2274 8,
645 2217 683 2258 ex
698 2199 756 2258 les.
770 2198 892 2275 111111,
908 2207 937 2258 11
951 2199 1040 2258 Zech.
1055 2198 1096 2257 ix.
1112 2201 1148 2273 93
1164 2206 1193 2257 et
1208 2198 1315 2259 Mettb.

105 2281 171 2338 xxi.
187 2282 237 2356 14,
252 2298 291 2338 ex
312 2279 371 2338 Ise.
391 2279 445 2338 lvi.
460 2283 488 2354 t,
503 2287 534 2339 11
547 2279 657 2338 Jerem.
671 2279 722 2338 vii.
740 2281 794 2355 115
816 2278 885 2338 Act.
904 2279 924 2338 i.
939 2280 988 2355 20,
1003 2298 1041 2338 ex
1064 2279 1113 2337 Ps.
1133 2276 1208 2338 lxix.
1224 2280 1272 2354 26,
1287 2287 1317 2338 et

108 2359 167 2418 cix.
182 2361 221 2435 83
246 2363 261 2417 1
278 2358 897 2434 Ρ1111.7,11Ρ1.111111.22,11111111.
914 2361 960 2417 14.
1002 2359 1063 2420 Nec
1078 2357 1315 2435 11111111111111

107 2457 201 2516 quum
211 2439 303 2498 verbe
316 2446 367 2498 ent
386 2438 552 2498 testimonie
565 2438 687 2498 duorum
702 2445 777 2513 sunt
789 2446 822 2498 ut
836 2439 926 2498 eltcrc
940 2437 1055 2515 omisso,
1071 2437 1190 2498 ulterius
1204 2447 1317 2498 tentum

108 2518 228 2578 nomine
241 2519 449 2611 exprimentur,
464 2527 498 2578 ut
512 2519 603 2578 Mure.
617 2517 637 2576 i.
652 2521 681 2594 2,
692 2520 724 2611 Ι3,
739 2519 790 2578 ubi
811 2519 894 2612 prior,
910 2517 1068 2580 testimonii
1081 2537 1149 2612 pers
1163 2517 1317 2612 Meleebioe

108 2597 1319 2756 11.11111.111.1.1“11..1“311111111.11“11.1111

108 2767 156 2817 est
177 2759 278 2834 eltero,
293 2764 323 2818 et
341 2777 379 2816 ex
398 2777 456 2834 quo
477 2766 640 2834 postremus
661 2758 753 2818 multe
773 2757 909 2834 heuserit,
924 2766 958 2818 ut
978 2758 1026 2820 hic
1048 2757 1179 2818 obtinet:
1199 2777 1266 2816 nem
1289 2765 1319 2817 et

109 2837 257 2897 ι1111111111
276 2837 356 2915 prior
374 2844 420 2896 est
433 2837 580 2914 Zecberie,
596 2846 626 2895 11
647 2837 738 2896 multe
760 2837 834 2898 solet
854 2838 892 2897 eb
914 2857 949 2896 eo
970 2837 1095 2898 mutneri
1109 2836 1272 2912 Zecheries,
1288 2845 1318 2896 et

109 2918 195 2994 qussi
208 2917 315 2976 imitari
329 2918 394 2995 ejus
408 2917 568 2994 conciones,
584 2925 617 2977 ut
630 2916 714 2976 111111
728 2916 841 2978 ostendi
862 2925 958 2996 potest
979 2935 1017 2976 ex
1038 2917 1126 2975 Zeeb.
1141 2916 1161 2974 i.
1178 2918 1223 2992 14,
1239 2916 1318 2992 quod

109 2998 220 3074 petitur
233 3017 271 3056 cx
284 2997 396 3058 Jcrcm.
410 2996 493 3055 xviii
510 2999 556 3072 11,
571 3005 601 3056 et
615 3017 707 3055 xxxv.
725 2999 779 3072 153
803 3004 832 3056 et
845 2997 934 3056 Zech.
949 2995 989 3054 iii.
1005 2998 1033 3070 8,
1057 3015 1095 3054 ex
1108 2995 1218 3054 Jcrcm.
1233 2995 1317 3056 xxiii.

110 3079 140 3152 5,
155 3088 185 3136 et
199 3077 263 3136 sinu
278 3075 357 3136 unde
377 3075 472 3138 dicere
493 3077 587 3138 solent
600 3075 708 3150 Judsei,
723 3076 862 3152 Spiritm
874 3075 1106 3149 Imauioefisisec
1119 3074 1149 3132 im
1162 3075 1317 3133 Zacharia.

111 3156 226 3232 Quibus
247 3154 317 3216 eddi
338 3163 436 3235 potest
453 3155 532 3234 quod
554 3176 592 3217 ex
614 3155 768 3216 usditione
792 3155 990 3214 Rebbinorum
1011 3155 1043 3210 in
1056 3151 1197 3212 Telmude
1212 3151 1317 3230 Bebyl

111 3237 197 3294 Beue
218 3236 323 3296 betbre
343 3235 394 3296 sol.
412 3239 458 3312 14,
473 3255 560 3313 quern
574 3235 645 3295 citet
659 3236 695 3294 R.
712 3235 749 3293 D.
765 3235 805 3294 Κ.
823 3234 853 3292 in
866 3232 976 3311 presset.
991 3233 1022 3292 in
1035 3232 1155 3308 Jcrcm.,
1170 3231 1317 3314 volumine

113 3315 324 3394 Propheterum
338 3315 360 3376 J
361 3315 483 3374 cremics
502 3315 626 3394 primum
639 3314 736 3374 locum
750 3314 915 3388 obtinuerit,
930 3312 1008 3373 unde
1020 3311 1130 3390 primus
1143 3311 1315 3389 nominem,

112 3395 185 3455 Met.
199 3396 262 3454 xvi.
280 3399 326 3454 14.
369 3394 468 3456 Potuit
482 3413 551 3472 crgo
566 3394 723 3456 Metthaeus
737 3393 827 3454 verbs
840 3393 897 3452 istu
909 3393 939 3452 in
952 3392 1099 3452 volumine
1109 3391 1318 3469 Prophetarum

112 3475 214 3550 citens,
229 3475 285 3536 sub
298 3475 379 3533 illius
392 3475 507 3534 nominc
521 3482 633 3534 tentum
647 3474 761 3550 referre,
771 3473 840 3552 quie
853 3473 976 3551 primum
989 3473 1084 3534 locum
1098 3472 1139 3532 ibi
1153 3473 1263 3548 tenuit;
1284 3481 1318 3533 ut

114 3555 201 3614 Luce
223 3553 307 3613 xxiv.
327 3557 376 3630 44,
399 3553 488 3614 Liber
502 3553 775 3632 Hegicgrephorum
796 3553 966 3630 exprimitur
987 3552 1102 3614 nomine
1125 3551 1315 3628 Pselmorum,

111 3634 180 3711 quie
192 3634 304 3712 prImus
318 3641 364 3693 est
377 3633 525 3694 intereos.
567 3633 700 3711 Denique
713 3633 857 3692 Jeremiee
877 3633 925 3692 hic
945 3633 1040 3710 potuit
1052 3653 1070 3691 e
1084 3633 1224 3692 Metthcec
1238 3631 1318 3690 solus

112 3714 264 3788 nominari,
280 3713 351 3791 quie
371 3713 513 3774 reticnem
535 3712 654 3772 reddere
668 3712 762 3772 voluit
782 3731 841 3772 non
862 3721 921 3772 tem
935 3715 975 3774 30
997 3712 1140 3787 siclorum,
1160 3731 1211 3770 sen
1232 3709 1318 3787 pretii

113 3813 171 3872 quo
185 3793 320 3852 Christus
334 3801 449 3870 emptus
463 3800 516 3868 est,
531 3792 568 3851 de
582 3811 640 3870 quo
654 3792 817 3867 Zecheries,
833 3811 919 3870 quem
933 3791 996 3870 egri
1011 3792 1047 3850 de
1061 3791 1153 3869 pretio
1167 3789 1265 3866 empti,
1280 3788 1317 3847 de

113 3893 170 3952 quo
182 3873 339 3934 Jeremies.
382 3871 467 3946 Quod
480 3891 551 3950 ergo
572 3871 619 3931 hic
639 3871 677 3931 de
697 3872 790 3950 pretio
811 3871 925 3948 dicitur,
940 3891 978 3930 ex
993 3871 1140 3946 Zecherie,
1156 3867 1235 3946 quod
1248 3885 1318 3926 vero
1368 3933 1378 3956 ·

112 3953 149 4012 de
161 3973 242 4030 egro,
258 3972 297 4011 ex
311 3952 442 4012 Jersmie
454 3951 570 4030 petitur.

153 4031 284 4092 XXIX.
307 4031 416 4092 Grevie
429 4030 546 4109 quidem
560 4039 590 4091 et
603 4030 753 4090 intricetus
767 4030 861 4090 nodus
874 4030 966 4090 oritur
978 4048 1017 4088 ex
1029 4027 1110 4102 locis,
1123 4025 1198 4085 Gen.
1212 4023 1253 4082 xi
1268 4026 1316 4100 26,

112 4121 142 4172 et
154 4111 223 4172 Act.
239 4111 291 4170 vii.
306 4115 335 4187 4,
351 4112 428 4172 inter
441 4131 473 4170 se
486 4110 608 4186 collutis,
624 4111 654 4168 in
668 4111 753 4187 cujus
768 4109 941 4170 enodatione
961 4108 1023 4184 ipse
1036 4107 1177 4182 Joaeptec
1190 4103 1319 4179 Scaliqcr

114 4191 199 4268 isim,
218 4190 449 4269 necquicquam
469 4189 643 4268 respondere
665 4197 793 4264 conetur,
817 4187 962 4248 enimedv.
987 4185 1018 4242 in
1040 4182 1147 4242 Euscb.
1169 4201 1198 4260 p.
1219 4184 1265 4255 17,
1289 4189 1319 4242 11

114 4273 210 4332 Hiero.
225 4273 323 4348 inqu.
340 4271 433 4329 Hebr.
447 4277 477 4330 et
489 4271 564 4347 Aup.
578 4269 609 4328 iu
625 4272 671 4345 15,
686 4268 723 4328 de
738 4269 770 4328 C.
783 4269 820 4326 D.
835 4287 861 4326 c.
878 4270 923 4342 10,
939 4263 1109 4342 profitentur
1122 4282 1185 4321 esee
1199 4261 1319 4321 dubium

114 4351 276 4414 insolubile.
320 4350 433 4410 Verum
446 4369 505 4408 non
519 4349 624 4410 desunt
637 4357 734 4408 temen
748 4345 906 4406 commodes
920 4342 1091 4403 conciliandi
1105 4342 1238 4415 reticnes,
1253 4361 1319 4420 quae

112 4432 248 4494 modestis
262 4429 394 4508 ingeniis
408 4429 572 4489 satisfecere
585 4429 706 4507 possint.
748 4425 850 4486 Nodus
860 4425 891 4483 in
904 4444 939 4483 eo
949 4422 1080 4500 estquod
1095 4423 1201 4498 Moses,
1212 4421 1319 4482 Genes.

112 4512 147 4573 xi,
162 4517 211 4590 26,
228 4512 306 4572 velit
322 4508 523 4570 Abrehemum
537 4517 637 4568 netum
650 4527 726 4568 enno
740 4507 845 4566 There
865 4503 1086 4581 septuagesimo,
1102 4509 1132 4563 et
1147 4503 1319 4580 Stephanus,

110 4593 173 4655 Act.
188 4591 290 4667 1114,
315 4589 425 4648 diserte
447 4595 557 4650 esser-et
579 4588 778 4648 Abrebemum
799 4585 970 4645 trenslstum
989 4583 1133 4643 Cherrene
1155 4583 1185 4640 in
1205 4583 1321 4640 Oeneeu

108 4685 264 4754 postquem
288 4677 425 4729 mortuus
446 4677 491 4730 oet
504 4669 607 4730 There.
651 4667 693 4728 At
715 4673 824 4726 certum
846 4685 884 4726 ex
906 4665 981 4725 Gen.
1003 4664 1054 4724 xii.
1069 4667 1097 4741 4,
1123 4660 1321 4722 Abrehemum
