3160 5194
655 351 787 400 ORATIO
804 351 990 400 FUNEBRIS.

577 537 660 596 Diris
673 545 705 594 ut
717 537 775 594 tua
789 545 869 594 tonsa
881 535 1049 611 birreumbua

579 619 638 675 Per
652 619 766 692 demna,
776 635 834 692 per
848 619 945 690 eoedm,
961 616 996 673 ab
1011 615 1072 690 tirso

580 697 670 757 Ducit
682 717 747 774 opes
761 697 939 774 animumque
944 698 1040 771 ferro.

223 893 272 960 Ea
287 915 347 958 non
365 895 477 977 refero,
494 903 532 959 ut
549 904 590 959 etr
600 904 754 980 μακαρίτην
769 895 911 958 laudibus
928 893 1085 974 extollam,
1103 899 1209 957 nostro
1219 891 1334 974 quippe
1347 910 1442 972 prae-

224 993 313 1058 conio
328 1014 388 1057 non
405 995 536 1077 indiget,
552 996 606 1059 sed
629 1002 665 1058 ut
681 995 781 1059 uirum
796 994 933 1058 defuncti
947 992 1111 1074 imaginem
1127 991 1242 1055 intueri
1259 991 1360 1054 adhuc
1376 1009 1441 1054 vae

223 1091 333 1165 leatis;
360 1099 393 1156 et
407 1093 472 1156 hacc
488 1094 579 1158 nobis
594 1094 635 1156 ad
651 1093 855 1156 aemulandum
872 1092 1032 1172 proposita
1046 1097 1147 1154 sunto.

272 1190 342 1253 Uar
351 1191 485 1270 primum
496 1192 670 1274 Theologiae
679 1192 838 1256 Professor
850 1197 972 1254 creatus
985 1195 1045 1272 ost,
1056 1189 1139 1252 illico
1153 1207 1289 1252 summus
1300 1185 1440 1250 Acade-

224 1287 293 1351 miae
306 1288 512 1370 Magistratus
529 1291 557 1354 ei
575 1291 779 1354 demandatur
793 1309 874 1352 anno
893 1289 951 1370 54,
966 1287 999 1350 in
1017 1308 1077 1368 quo
1092 1287 1244 1370 obeundo,
1258 1307 1320 1367 que
1334 1285 1441 1349 fuerit

225 1387 279 1450 ille
293 1386 327 1449 in
343 1389 483 1452 tutandis
502 1389 757 1453 Athenaeinostri
768 1388 892 1469 juribus
908 1387 978 1463 fide,
994 1386 1027 1448 in
1037 1393 1214 1467 surgentem
1229 1384 1349 1464 magnis
1366 1383 1441 1447 ani-

226 1485 284 1549 mis
294 1486 491 1566 juventutem
507 1490 629 1563 affectu,
647 1486 814 1550 multorum
829 1492 877 1549 est
891 1485 1075 1548 recordatio.
1127 1484 1187 1547 Per
1203 1485 1317 1547 multos
1332 1503 1440 1546 annos

228 1582 431 1648 Rectoratum
447 1586 596 1660 exercuit,
612 1592 645 1648 et
659 1605 722 1648 non
732 1584 826 1648 semel
841 1584 872 1646 in
885 1583 1084 1646 celeberrima
1098 1583 1247 1664 panegyri
1264 1580 1441 1662 peroravit.

229 1683 334 1764 Digna
351 1703 471 1763 semper
497 1683 662 1764 Theologo,
689 1682 783 1763 digne
808 1681 968 1761 splendido
994 1681 1148 1744 auditorio
1167 1682 1316 1762 seligebat
1341 1701 1445 1760 argu-

229 1787 344 1844 mento.
394 1780 444 1844 De
461 1783 553 1866 hujus
570 1781 695 1844 Scholia
712 1787 745 1844 et
761 1781 946 1844 Academica
961 1773 1069 1843 eratali
1093 1781 1155 1860 die,
1183 1780 1222 1843 de
1244 1778 1446 1842 Aleuaudri

236 1879 314 1942 VII.
333 1879 475 1944 Tiberini
499 1881 664 1962 Pontificia
687 1879 848 1961 electione,
874 1879 913 1942 de
935 1879 1069 1942 Virtutis
1095 1900 1134 1942 uo
1157 1879 1311 1941 Veritatis
1331 1877 1445 1939 amieo

232 1980 404 2060 coruortio,
431 1979 651 2062 indivulseque
677 2000 771 2065 ueuu,
799 1984 831 2041 ct
863 1978 902 2041 de
932 1978 1135 2060 Prcejudiciis
1164 1970 1447 2058 Eueuqelieorum

233 2075 452 2142 Christianum
466 2080 669 2143 concordiam
693 2078 942 2159 impedientibus,
960 2075 1079 2155 magnis
1096 2095 1165 2138 cum
1181 2072 1372 2136 Auditorum
1388 2095 1447 2138 ac-

233 2176 468 2240 clamationibus
483 2176 670 2239 dissertavit.

283 2271 359 2334 Hoc
375 2273 494 2336 levatus
509 2292 601 2334 onere
617 2291 686 2334 cum
700 2271 818 2343 fuisset,
836 2269 919 2332 aliud
935 2269 996 2348 ipsi
1010 2289 1071 2332 non
1083 2267 1183 2330 minus
1199 2286 1293 2348 grave
1308 2266 1447 2348 imposi-

235 2377 302 2430 tum
329 2367 390 2428 fuit
415 2368 510 2430 Anno
535 2368 591 2429 61.
643 2365 719 2427 Cum
743 2365 827 2427 enim
852 2367 892 2427 ed
917 2375 1031 2428 nostra
1057 2363 1154 2428 Urbis
1178 2364 1448 2432 munimentorum

236 2463 496 2528 constructionem
512 2483 573 2525 non
589 2463 763 2526 sufficerent
779 2461 1003 2526 Genevensium
1018 2463 1107 2539 uires,
1126 2463 1164 2527 de
1181 2463 1337 2545 logatione
1364 2487 1445 2546 qua-

238 2561 307 2623 dam
322 2560 362 2621 ad
377 2559 610 2623 Potentissimos
635 2566 668 2623 et
684 2560 874 2624 Colsissimos
900 2561 1057 2625 Foederati
1082 2562 1182 2642 Belgii
1200 2562 1332 2626 Ordines
1358 2564 1447 2627 Gen-

237 2667 302 2722 tem
326 2664 440 2720 nostrae
467 2657 598 2722 Genava
620 2659 890 2738 propensissimam
914 2661 1084 2741 cogitatum
1108 2669 1166 2736 est,
1193 2669 1225 2724 et
1249 2662 1448 2746 huicnego-

239 2757 285 2818 tio
309 2755 508 2835 aptissimum
532 2759 599 2819 fore
622 2756 776 2838 judicavit
798 2765 906 2822 noster
931 2759 1065 2823 Senatus
1092 2759 1305 2842 dignissimum
1331 2769 1444 2825 natum

239 2855 403 2916 Benedicti
432 2854 621 2932 Turrettiui,
648 2855 700 2936 qui
719 2863 792 2919 ante
811 2857 1016 2939 quadraginta
1032 2879 1127 2922 annos
1144 2859 1275 2922 eundem
1291 2861 1324 2922 in
1349 2861 1445 2924 finem

240 2953 344 3015 fuerat
361 2951 506 3034 Legatns.
543 2953 698 3018 Discessit
713 2956 833 3020 Noster
847 2976 951 3020 mense
964 2955 1059 3038 Maio,
1075 2957 1205 3021 Basileae
1220 2957 1302 3022 laetis
1317 2960 1444 3022 uocibus

242 3056 387 3132 acceptus
411 3051 472 3114 fuit
486 3053 526 3116 ab
543 3051 668 3136 inclytis
692 3053 753 3117 illis
780 3053 877 3130 Viris,
904 3054 955 3134 qui
981 3055 1158 3118 Rauracum
1184 3055 1372 3120 Athenaeum
1390 3077 1447 3120 suo

238 3150 350 3231 jubare
365 3149 577 3224 illustrabant;
602 3152 752 3233 imprimis
767 3173 786 3215 a
806 3153 989 3216 Reverendo
1005 3155 1180 3234 nostrisque
1196 3154 1338 3218 laudibus
1354 3155 1448 3235 longo

243 3247 355 3327 majori
373 3248 541 3326 Gerulero,
559 3272 620 3329 quo
632 3271 691 3314 non
701 3258 770 3314 erat
778 3259 885 3315 nostro
898 3252 971 3313 dum
983 3252 1063 3315 vixit
1074 3253 1266 3334 conjunctior
1277 3253 1367 3330 alter,
1379 3261 1449 3316 toto

246 3345 322 3406 orbe
331 3343 580 3410 Celebratissimo
591 3348 768 3428 Wetsteuio,
781 3349 915 3412 Doctiss.
929 3349 1150 3426 Sebeuuiuero,
1161 3351 1447 3426 ClarissVollebio,
1569 3355 1570 3436 J

248 3448 281 3505 et
306 3439 494 3507 Venerando
526 3443 740 3528 Wereuselsio,
768 3444 963 3525 Vigilantiss.
998 3447 1199 3530 Ecclesiaste,
1233 3449 1450 3514 subactissimo

249 3539 415 3618 'theologo
433 3541 486 3618 qui
499 3540 565 3620 jam
580 3541 612 3604 iu
630 3542 725 3605 Alma
741 3541 964 3608 Basileensium
981 3545 1124 3610 Ecclesia
1139 3555 1172 3611 et
1187 3547 1359 3611 Academia
1375 3549 1451 3612 sub-

249 3637 322 3698 limc
347 3635 513 3702 Antistitis
537 3659 648 3702 munus
673 3660 784 3722 magno
810 3662 879 3705 cum
904 3644 1040 3707 omnium
1065 3647 1216 3726 applausu
1242 3646 1387 3730 sustinet,
1414 3668 1451 3712 ac

252 3734 404 3798 Celeberr.
430 3736 610 3819 Buutorfio.
638 3739 716 3802 Inde
739 3739 800 3803 iter
818 3741 955 3804 suumin
981 3742 1178 3807 Hollundiam
1202 3763 1299 3823 usque
1325 3745 1451 3810 direxit.

253 3833 369 3896 Gratus
385 3837 576 3916 recensebat,
594 3857 684 3918 quam
695 3838 911 3903 humanissime
925 3849 1108 3921 acceperant
1120 3842 1325 3906 Illustrissimi
1342 3843 1453 3907 Foede-

252 3931 315 3994 rati
330 3931 433 4013 Belgii
457 3933 615 4010 Proccres,
642 3957 661 3998 a
685 3937 796 4016 quibus
821 3959 915 4002 aureo
940 3946 1051 4020 torque
1075 3961 1145 4005 cum
1169 3941 1353 4004 numismate
1369 3942 1454 4004 haud

255 4030 358 4111 exigui
373 4032 518 4111 ponderis
527 4033 658 4098 donatus
674 4037 784 4098 fuerat.
835 4037 967 4102 Memori
981 4047 1084 4102 mente
1098 4038 1253 4104 recolebat
1269 4038 1455 4120 gratiosissi-

256 4146 322 4188 mas
337 4149 426 4192 voces
443 4139 475 4193 et
491 4133 658 4214 propitium
682 4135 801 4198 vultum
819 4155 878 4215 quo
895 4137 1050 4219 suscipere
1076 4137 1159 4200 haud
1185 4137 1369 4218 dedignatus
1388 4145 1457 4202 erat

259 4221 484 4290 Sereuiseimue
513 4231 666 4314 Princeps
689 4236 861 4309 Auriueus,
886 4233 984 4299 totius
1009 4236 1093 4299 orbis
1116 4234 1308 4316 miraculum,
1333 4237 1456 4316 generis

258 4317 384 4382 humani
409 4341 494 4386 amor
519 4333 552 4389 et
577 4328 727 4393 delicium.
779 4329 884 4395 Laetus
909 4333 1140 4414 recordabatur,
1167 4338 1244 4413 quot
1267 4332 1328 4412 ipsi
1343 4335 1456 4398 amoris

243 4421 393 4502 'rerutque
421 4421 624 4487 exhibuerant
648 4426 751 4506 Docti,
778 4429 831 4511 qui
854 4437 928 4493 tunc
953 4431 985 4493 in
1012 4431 1121 4514 Belgio
1146 4436 1237 4495 eraut
1262 4433 1457 4512 superstites.

261 4511 324 4575 Pro
352 4522 424 4578 roto
452 4521 601 4584 successit
631 4523 771 4610 Legatio,
805 4535 839 4591 ct
869 4527 897 4590 si
926 4535 1106 4607 taceremus,
1135 4527 1325 4592 munimenta
1351 4537 1461 4593 nostra

262 4608 469 4690 loquerentur.
522 4615 595 4683 Non
618 4624 729 4707 refero,
756 4625 940 4706 Auditores,
959 4635 1074 4706 quanto
1099 4633 1212 4692 conatu
1235 4646 1271 4691 ac
1293 4627 1459 4703 molimine,
