3044 5180
226 340 286 398 254
712 353 804 396 nocua
818 352 953 394 rannus.
1177 331 1306 413 [curaer.
1321 353 1429 395 nurus.

225 517 284 575 quo
298 515 384 556 sensu
398 515 456 556 non
470 495 565 573 potuit
578 515 642 554 esse
656 513 779 572 persona
792 494 842 558 illa
862 493 940 573 apud
953 513 1040 570 quam
1061 512 1125 554 esse
1144 493 1270 571 dicitur;
1292 493 1355 554 Non
1373 496 1429 556 ob-

225 586 284 638 stat
297 576 450 654 quominus
464 577 550 636 fuerit
565 576 646 634 Deus
660 576 851 634 essentialiter
864 575 941 633 idem
955 595 1021 633 cum
1036 573 1131 633 Patre.

266 657 357 716 VIII.
380 657 494 716 Dicitur
506 677 589 716 cena
599 659 678 715 Deru
691 665 718 714 et
730 657 789 716 cita
805 665 919 730 reema,
938 657 953 712 l
968 655 1018 715 Jo.
1034 675 1063 713 v.
1078 657 1126 728 20,
1138 674 1204 734 qua
1218 654 1308 714 verbe
1320 675 1374 714 non
1387 657 1431 714 ad

226 739 351 813 Patrem,
367 738 418 797 sed
432 737 470 796 ed
485 737 632 796 Christum
645 755 709 796 esse
724 735 881 810 referenda,
896 735 1005 794 evincit
1018 744 1080 794 tum
1093 755 1252 812 pronomen
1267 733 1341 810 οὗτος,
1350 737 1433 812 quod

226 819 372 878 Christum
386 818 511 896 respicit,
527 817 563 876 de
582 837 640 894 quo
654 817 818 876 immediate
839 825 946 890 actum,
961 824 1023 874 tum
1037 834 1141 892 scopus
1156 814 1301 892 Apostoli,
1316 817 1364 893 qui
1383 827 1436 876 est

225 899 328 960 docere
343 899 490 958 Christum
504 898 619 957 venisse
632 905 666 957 ut
678 917 732 958 nos
746 897 783 955 ad
797 897 992 974 cognitionem
1005 903 1035 954 et
1049 896 1279 956 communionem
1294 897 1353 956 veri
1374 897 1435 956 Dei

226 979 359 1055 adducat,
375 998 485 1055 nosque
499 978 565 1036 ideo
579 997 642 1037 esse
656 978 687 1036 in
701 997 770 1036 vero
784 977 843 1052 illo,
860 997 894 1036 eo
915 975 994 1052 quod
1007 995 1106 1034 snmus
1127 977 1158 1036 in
1174 976 1251 1036 Filio
1273 977 1336 1054 ejus
1355 977 1436 1038 Jesu

227 1059 351 1136 Christo,
366 1059 501 1136 quoniam
517 1067 546 1117 et
559 1058 621 1136 ipse
634 1058 656 1118 J
657 1077 724 1117 esus
734 1057 865 1116 Christus
876 1057 914 1116 sit
922 1077 1004 1116 verus
1014 1058 1094 1114 Deo
1103 1058 1195 1116 ειυιῖιι
1207 1067 1323 1118 merua.
1355 1058 1434 1116 Con-

226 1139 356 1200 firmatur
370 1159 457 1200 exeo
478 1138 557 1226 qupd
578 1139 705 1215 elogium
725 1139 788 1196 υἱέα
801 1147 914 1196 tatem
935 1137 965 1194 in
979 1137 1057 1213 stylo
1078 1136 1100 1196 J
1102 1137 1148 1195 oh
1170 1157 1319 1216 nunquam
1341 1138 1435 1214 Patri,

226 1219 280 1280 sed
293 1220 523 1298 frequentissime
538 1219 615 1278 Filio
635 1218 779 1294 tribuitur,
795 1219 882 1278 Joan.
904 1217 923 1276 i.
939 1221 967 1293 4,
983 1227 1013 1276 et
1026 1217 1066 1275 xi
1081 1219 1129 1291 25,
1145 1225 1175 1278 et
1190 1220 1206 1275 l
1222 1219 1310 1278 Joan.
1324 1217 1343 1276 'a
1357 1221 1386 1294 2,
1403 1227 1438 1276 et

227 1321 256 1358 v.
274 1304 320 1376 ιι,
339 1305 384 1360 12.

268 1381 328 1438 IX.
351 1381 481 1439 Vocatur
493 1381 573 1438 Deua
586 1379 741 1438 &ardictio
754 1379 784 1438 ia
796 1381 898 1454 sembi,
915 1378 1000 1436 Rom.
1015 1375 1056 1436 ix.
1071 1379 1099 1452 5,
1113 1376 1193 1455 quod
1206 1397 1266 1436 non
1279 1387 1373 1456 potest
1387 1399 1437 1436 re·

225 1459 293 1519 ferri
307 1481 359 1536 per
372 1459 565 1536 apostrophen
585 1456 740 1530 lotosque
761 1458 799 1518 ed
820 1459 944 1534 Patrem,
959 1457 1028 1534 quia
1044 1477 1108 1516 eam
1128 1477 1182 1516 nec
1196 1479 1243 1517 res
1256 1459 1356 1536 poscit,
1377 1478 1439 1518 nec

226 1540 380 1599 verborum
395 1541 484 1598 series
497 1539 641 1614 admittit;
664 1559 731 1598 nam
745 1539 884 1598 articulus
898 1559 963 1598 cum
982 1538 1132 1615 participio
1147 1538 1160 1595 ἰ’
1173 1536 1205 1596 ὅ,
1217 1538 1357 1598 relativus
1377 1550 1437 1614 est,

225 1620 398 1680 sententiam
412 1639 519 1678 novam
533 1638 591 1677 non
604 1619 753 1696 inchoans,
770 1619 822 1679 sed
835 1619 997 1678 inchoatam
1015 1617 1186 1678 continuans
1198 1641 1205 1693 ;
1227 1639 1282 1678 nec
1296 1619 1332 1678 de
1346 1619 1437 1678 Patre

225 1707 321 1778 potest
335 1699 436 1777 accipi,
451 1698 503 1758 sed
517 1699 553 1758 de
568 1699 691 1774 Christo,
706 1698 743 1758 de
760 1720 818 1776 quo
832 1699 929 1759 verbis
949 1697 1114 1758 immediate
1134 1699 1365 1776 praecedentibus
1386 1721 1437 1758 ac·

225 1789 287 1840 tum
301 1779 403 1840 fuerat.
436 1779 549 1840 Deinde
562 1779 696 1840 limitatio
709 1783 779 1838 usal
791 1781 882 1860 cigna,
893 1799 958 1856 quse
967 1779 1120 1856 opponitur
1135 1779 1199 1838 Deo
1209 1779 1371 1856 benedicto,
1388 1801 1437 1839 os-

225 1859 319 1920 tendit
332 1859 405 1920 duas
419 1861 449 1919 in
464 1861 579 1920 Christo
593 1869 711 1920 naturas
725 1861 880 1938 designari,
891 1860 1055 1932 humanam,
1067 1859 1226 1918 secundum
1240 1861 1437 1938 quamoriun-

226 1940 281 2000 dus
296 1942 335 2002 sit
347 1962 365 2000 a
377 1941 521 2008 Patribus,
536 1949 566 2000 et
580 1941 716 2016 divinam,
732 1939 890 2000 secundum
904 1959 991 2016 quam
1005 1939 1043 1998 sit
1058 1939 1139 1999 Deus
1152 1939 1324 2000 benedictus
1337 1941 1368 1998 in
1391 1961 1436 2000 se-

226 2021 301 2081 cula„
343 2021 518 2100 Appellatur
531 2024 611 2081 Deua
624 2042 751 2098 mapnue,
766 2021 823 2080 Tit
845 2021 875 2080 ii.
892 2023 938 2095 13,
954 2038 1012 2078 non
1033 2021 1131 2096 utique
1152 2019 1248 2096 Pater,
1264 2020 1317 2080 sed
1331 2021 1437 2096 Filius,

226 2102 295 2179 quia
309 2103 390 2163 Deus
405 2111 435 2162 et
450 2103 587 2162 Servator
599 2103 651 2160 uni
671 2101 793 2162 articulo
813 2100 1013 2178 subjiciuntur,
1028 2099 1105 2176 quod
1119 2119 1178 2158 non
1191 2100 1283 2176 fieret,
1299 2101 1323 2160 si
1339 2109 1439 2160 essent

227 2181 292 2241 duae
301 2202 439 2260 persona,
450 2182 554 2242 deinde
566 2183 694 2254 ἰπιφιέηιι
706 2201 854 2259 nunquam
868 2181 1004 2240 tribuitur
1018 2179 1107 2255 Patri,
1119 2180 1172 2240 sed
1181 2199 1296 2258 semper
1304 2181 1437 2256 Christo;

227 2263 267 2320 Et
281 2263 338 2336 ille,
355 2263 437 2338 cujus
451 2261 609 2320 adventum
624 2271 819 2338 expectemus,
834 2260 940 2321 dicituu
954 2260 1139 2339 semetipsum
1153 2259 1269 2320 dedisse
1283 2281 1337 2339 pro
1352 2261 1439 2320 nobis

226 2361 255 2400 v.
273 2345 319 2414 14,
335 2341 414 2418 quod
428 2349 472 2400 est
486 2341 576 2400 solius
591 2342 708 2400 Christi.

266 2419 309 2478 X.
332 2419 514 2480 Exclamatio
529 2421 657 2492 Thema,
672 2421 761 2481 Joan.
782 2441 834 2481 xx.
850 2423 898 2494 28,
914 2420 945 2478 in
958 2439 1045 2497 quam
1058 2419 1286 2480 admirabundus
1300 2421 1436 2500 erumpit,

226 2501 290 2560 viso
301 2508 331 2558 et
339 2507 490 2558 attrectabo
506 2499 629 2574 Christo,
642 2504 653 2559 ὅ
668 2500 756 2581 Kbpus
768 2526 826 2576 psov,
838 2506 883 2558 nai
893 2503 904 2558 ι’
916 2501 977 2564 Osis
984 2527 1042 2575 μιν,
1054 2501 1177 2560 Domine
1189 2502 1237 2576 mt',
1253 2511 1281 2560 el
1293 2504 1377 2560 Deus
1390 2503 1437 2576 mi,

225 2580 264 2640 ad
278 2579 424 2638 Christum
437 2580 600 2640 necessario
618 2581 748 2655 refertur,
771 2601 824 2639 nec
845 2589 941 2657 potest
961 2581 1018 2640 nisi
1031 2581 1173 2641 violenter
1186 2581 1244 2640 alio
1259 2581 1436 2659 detorqueri,
1520 2643 1521 2654 ,

225 2659 295 2738 quia
307 2659 454 2736 praecessit
468 2657 617 2737 ιῖπιιιιύτᾷ,
634 2661 708 2720 dixit
721 2661 782 2737 ipsi,
798 2660 860 2720 scil.
876 2661 1000 2736 Christo,
1016 2669 1050 2720 ut
1062 2660 1149 2720 fidem
1163 2681 1245 2720 suam
1258 2661 1316 2721 hae
1329 2663 1438 2722 eximia
1520 2665 1521 2682 ¹

225 2739 405 2800 confessione
419 2739 463 2798 illi
476 2741 656 2818 approbaret,
671 2742 754 2818 quasi
769 2741 855 2816 dicet,
873 2743 916 2800 ru
926 2761 955 2800 ee
963 2742 1103 2800 Dominus
1116 2751 1142 2800 et
1150 2743 1230 2800 Deua
1239 2763 1325 2801 maa.
1351 2742 1437 2802 Unde

225 2839 284 2880 non
294 2820 411 2898 ponitur
424 2820 623 2881 admirationis
636 2831 706 2883 nota
719 2818 747 2896 el,
770 2821 822 2882 sed
836 2821 974 2882 articulus
988 2822 1189 2899 prepositivus
1203 2824 1225 2880 ὅ.
1269 2823 1318 2882 Ita
1330 2822 1438 2882 dicitur

226 2903 306 2962 Deus
319 2901 513 2976 maisestctte
527 2902 556 2961 in
570 2923 664 2978 earnm,
689 2906 704 2960 1
720 2903 795 2961 Tim.
810 2902 851 2960 iii.
868 2905 915 2978 16,
937 2911 964 2962 et
976 2904 1056 2961 Desa
1069 2903 1120 2978 qui
1136 2903 1257 2960 redemit
1274 2905 1435 2962 Ecclesiam

225 3002 276 3042 suo
289 2982 433 3058 sanquine,
456 2981 524 3042 Act.
538 3003 590 3042 xx,
606 2985 654 3058 28,
669 2981 748 3060 quod
761 2982 820 3044 dici
833 3002 892 3042 non
915 2991 1010 3061 potest
1023 2982 1081 3042 nisi
1094 2980 1131 3041 de
1146 2982 1231 3056 Filio,
1254 2983 1306 3060 qui
1320 3001 1435 3042 carnem

226 3071 355 3122 nostram
366 3063 529 3141 assumpsit,
542 3071 571 3122 et
580 3063 720 3140 sanguine
730 3083 783 3122 sno
797 3071 932 3122 eternam
942 3061 1168 3140 redemptionem
1177 3062 1262 3121 nobis
1270 3063 1435 3140 acquisivit.

268 3142 328 3203 XI.
351 3143 412 3202 Nec
427 3144 603 3204 omittendus
616 3143 737 3204 illustris
750 3144 840 3218 locus,
858 3143 962 3220 Philip.
976 3142 1006 3200 ii.
1022 3145 1050 3201 6.
1065 3143 1116 3202 ubi
1128 3145 1235 3217 serena
1247 3144 1309 3202 Dei
1321 3143 1435 3203 Christo

227 3223 408 3300 adscribitur,
434 3225 493 3290 Qui
504 3245 566 3283 cum
580 3225 690 3284 oscetin
702 3227 805 3298 soma
817 3225 883 3298 Dei,
898 3244 954 3296 non
966 3223 1108 3298 repertast!
1118 3224 1254 3300 rapinam
1268 3243 1328 3282 esee
1340 3245 1435 3300 equu-

227 3305 282 3362 tem
306 3305 381 3362 Deo.
428 3302 514 3363 Unde
540 3305 622 3363 varia
647 3312 818 3382 argumenta
848 3311 991 3381 petuntur,
1024 3306 1051 3361 1.
1078 3303 1147 3379 quia
1174 3303 1309 3364 Christus
1331 3304 1435 3363 dicitur

227 3401 292 3440 esse
306 3381 336 3438 in
342 3385 444 3456 forma
458 3385 523 3458 Dei,
539 3384 617 3460 quod
626 3403 684 3442 non
698 3393 797 3461 posset
809 3385 853 3444 illi
866 3393 1035 3460 competere,
1050 3383 1108 3442 nisi
1126 3391 1203 3443 esset
1216 3393 1323 3444 natura
1336 3385 1432 3456 Deus;

227 3481 295 3520 nam
310 3465 449 3535 ntsomnc
461 3464 536 3522 sevi
554 3464 599 3520 illi
612 3463 745 3539 opposita
759 3464 919 3524 necessario
939 3472 1019 3523 notat
1038 3471 1171 3524 naturam
1191 3464 1348 3523 humanam
1371 3483 1433 3523 curn

227 3549 306 3600 statu
320 3541 435 3615 servili3
458 3541 505 3599 Ita
518 3542 609 3602 forma
624 3543 689 3620 Dei,
713 3544 877 3604 Essentiam
899 3543 1035 3602 Divinam
1049 3543 1143 3620 gloria
1162 3553 1192 3604 et
1212 3545 1368 3622 majestate
1389 3563 1431 3601 oo·

227 3629 391 3680 ruscantem
413 3620 564 3698 designare
586 3623 677 3682 decet.
700 3627 728 3681 2.
750 3625 819 3700 quie
833 3623 938 3682 dicitur
950 3643 1013 3682 esse
1027 3625 1144 3698 ‹aqach
1165 3625 1239 3700 Deo,
1261 3633 1324 3684 tum
1338 3621 1433 3701 quoad

226 3711 370 3776 nabtram,
385 3701 454 3778 qnia
467 3701 544 3760 idem
554 3723 620 3761 cum
631 3703 725 3780 Patre,
738 3713 800 3764 tum
814 3703 911 3781 quoad
919 3723 1081 3780 per-sonora,
1091 3703 1159 3780 quia
1168 3713 1213 3764 est
1225 3705 1433 3782 perfectissima
1517 3773 1518 3778 η

226 3783 292 3860 ejus
315 3782 419 3859 imago,
442 3789 504 3840 tum
518 3783 614 3860 quoad
634 3791 746 3859 statum
767 3783 836 3860 quia
856 3783 956 3842 eadem
977 3783 1070 3860 gloria
1089 3783 1127 3842 ab
1148 3793 1257 3844 aterno
1277 3785 1433 3846 huebanu.
1517 3779 1518 3791 ¹

226 3861 569 3940 aquitannum
590 3863 645 3922 Dei
666 3873 821 3942 antequam
842 3863 929 3923 brerit
948 3863 1090 3922 informa
1110 3865 1196 3938 servi,
1218 3864 1258 3923 id
1280 3873 1433 3940 antequam

226 3953 313 4004 natus
325 3943 363 4002 sit
376 3952 405 4002 et
418 3943 505 4002 horno
519 3943 558 4003 sit
570 3943 672 4019 factus,
688 3944 767 4022 quod
780 3953 862 4003 notat
875 3943 996 4003 verbum
1011 3944 1140 4021 ὑπίςχιιι.
1183 3943 1291 4004 Fmsta
1313 3945 1434 4004 Sosium

217 4026 350 4097 sormam
363 4023 422 4082 Dei
433 4023 498 4082 vult
511 4023 610 4084 referri
624 4023 661 4082 ad
675 4025 797 4101 gloriam
812 4033 841 4083 et
849 4025 1005 4100 potentiam
1018 4024 1221 4083 curandorum
1230 4043 1318 4101 quam
1333 4023 1432 4082 Chris·
1516 4041 1517 4054 ¹

227 4112 275 4164 tus
289 4103 320 4162 in
333 4103 467 4181 passione
481 4103 655 4181 deposuerit.
691 4103 767 4162 Nam
781 4105 823 4163 sic
837 4103 887 4162 alii
900 4105 951 4180 qui
964 4104 1040 4163 dono
1054 4103 1258 4163 miraculorum
1272 4103 1431 4181 pollebant,

226 4185 389 4259 potuissent
398 4184 458 4243 dici
470 4184 502 4244 in
520 4183 613 4244 iorma
633 4184 697 4261 Dei,
719 4184 799 4262 quod
818 4203 872 4243 nec
893 4183 1002 4244 dictum
1021 4184 1144 4261 uspiam,
1165 4204 1220 4243 nec
1240 4183 1300 4243 dici
1319 4191 1432 4261 potest:

227 4262 392 4322 Antithesis
405 4264 504 4324 forma
518 4265 596 4324 servi
608 4285 667 4324 non
679 4263 783 4342 probat
803 4263 925 4322 formam
946 4264 1002 4323 Dei
1021 4283 1084 4324 esse
1104 4273 1219 4324 autum
1238 4266 1364 4342 speeiem
1383 4262 1430 4322 ali·
1515 4289 1516 4336 ι

225 4361 313 4418 quam
334 4352 485 4404 externam
506 4353 535 4404 et
555 4346 733 4422 qualitatem,
754 4345 812 4404 imo
833 4344 1007 4404 contrarium
1028 4344 1155 4420 evincit;
1180 4345 1257 4404 Nam
1276 4353 1312 4404 nt
1332 4343 1430 4404 similis

225 4421 353 4482 conditio
366 4443 425 4482 non
446 4425 540 4500 potuit
560 4445 623 4484 esse
643 4425 700 4484 nisi
720 4425 750 4483 in
771 4425 897 4484 humana
916 4433 1035 4500 natura;
1058 4425 1106 4483 Ita
1119 4423 1212 4484 forma
1233 4424 1289 4483 Dei
1311 4445 1370 4484 non
1382 4441 1427 4500 po·

225 4505 287 4589 test¹
297 4519 360 4559 esse
374 4503 430 4562 nisi
443 4505 473 4562 in
488 4505 613 4564 essentia
628 4504 692 4564 Dei.
734 4503 796 4563 Nec
810 4504 977 4578 exinanitio,
992 4524 1057 4581 quas
1071 4503 1187 4564 Christo
1200 4504 1346 4578 tribuittm
1366 4521 1427 4562 con·

224 4585 302 4636 arsut
315 4579 346 4638 in
359 4581 458 4643 formae
471 4584 555 4646 istius
569 4585 676 4646 divinae
697 4585 876 4663 depositione
889 4585 1030 4660 absoluta,
1052 4584 1105 4644 sed
1122 4593 1235 4646 tantum
1256 4585 1288 4644 in
1306 4583 1427 4648 occultu·
