3250 5176
156 413 276 464 oumsr.
291 391 347 476 1v.]
604 415 643 454 nn
658 413 764 456 nrnsuo
779 411 928 454 sensnum.
1305 393 1363 452 611

154 555 427 616 nemausum.
445 554 625 631 “Quomodo
649 554 771 632 potestis
794 554 869 614 bene
888 553 978 632 loqui,
993 572 1057 612 eum
1074 553 1138 613 sitis
1150 552 1261 612 mali?''
1311 549 1359 610 Sic

154 637 228 696 Joh.
245 637 284 694 vi.
299 638 348 694 44.
372 637 494 694 “Nemo
518 644 614 714 potest
637 635 736 694 venire
761 634 799 692 ad
823 655 877 710 ms,
906 633 963 692 nisi
985 634 1071 693 Peter
1090 634 1212 692 traxerit
1236 632 1359 709 ipsum.''

153 715 303 790 Quorsum
316 735 386 774 vero
407 716 492 774 toties
509 715 634 792 Spiritus
649 716 772 774 Sanetus
793 715 873 773 illem
893 713 1091 790 impotentium
1111 721 1236 792 urgeret,
1251 712 1309 771 nisi
1328 718 1362 770 ut

154 795 269 854 homini
282 796 359 854 vires
374 815 474 854 omnes
488 796 525 854 ad
540 796 646 854 bonum
661 795 833 870 adimantur,
848 802 878 854 et
891 793 947 854 soli
960 793 1061 872 gratie
1075 793 1177 854 salutis
1191 801 1220 852 et
1240 807 1361 870 regene-

155 875 280 934 rationis
292 895 365 953 opus
379 876 409 934 in
423 876 548 935 solidum
561 876 727 934 tribuetur?

198 955 326 1014 XVIII.
349 955 502 1033 Perperam
515 956 563 1015 hic
578 955 691 1022 dicitur,
716 957 743 1014 1.
763 959 791 1012 sl
809 974 866 1014 aon
883 973 965 1031 perse
984 973 1044 1013 uon
1064 971 1176 1032 semper
1190 960 1289 1012 notare
1310 950 1360 1008 ab·

154 1035 284 1094 solutam
307 1033 451 1112 tlvsspu'as,
467 1035 519 1096 sed
539 1043 651 1094 tautum
672 1035 737 1114 ejus
757 1034 948 1110 insolentiam,
963 1033 1004 1095 id.
1025 1051 1086 1094 rem
1107 1053 1167 1092 non
1186 1032 1279 1092 solere
1297 1029 1361 1090 fieri

155 1114 312 1191 ordinarie,
328 1116 377 1174 vel
395 1135 453 1173 non
473 1115 558 1174 saeile
576 1114 647 1174 fieri.
690 1115 726 1173 Β.
749 1115 824 1190 Quia
842 1115 908 1174 loce
927 1115 991 1193 ipsa
1010 1116 1149 1173 evincunt
1167 1113 1287 1172 totalem
1307 1111 1361 1168 im·

154 1195 317 1272 potentiam
332 1194 486 1272 designari,
502 1203 531 1254 et
544 1213 630 1272 quem
643 1215 703 1254 nou
716 1196 810 1272 magis
820 1195 957 1272 possibile
968 1195 1006 1254 sit
1016 1193 1126 1254 homini
1137 1193 1261 1268 vincere,
1274 1209 1361 1269 quem

155 1281 273 1332 mortuo
287 1275 413 1352 seipsum
434 1275 581 1350 suscitare,
596 1275 732 1354 AEthiopi
752 1275 866 1352 pellem,
882 1284 911 1335 et
933 1275 1028 1334 Perde
1045 1273 1175 1333 maculas
1195 1281 1315 1348 mutare,
1331 1279 1361 1330 et

155 1353 258 1412 arbori
271 1355 355 1412 meles
368 1353 459 1413 bonos
472 1354 584 1414 fruetus
596 1354 699 1414 lacere.
741 1355 827 1414 Alias
840 1356 866 1414 si
876 1355 1073 1414 difficultatem
1083 1363 1195 1412 tantruu
1206 1352 1247 1410 rei
1261 1359 1363 1410 notare

155 1433 301 1492 voluisset
316 1433 439 1510 Spiritus
455 1435 597 1511 Sanctus3
613 1435 672 1494 Cur
685 1453 743 1492 non
758 1435 847 1494 semel
857 1443 908 1494 aut
920 1435 1025 1493 iterum
1038 1434 1094 1492 hoc
1105 1433 1188 1506 dixit,
1200 1431 1359 1508 presertim

154 1511 209 1572 ubi
223 1513 357 1572 absoluta
369 1515 505 1590 potentie
519 1515 636 1592 negatio
650 1514 804 1573 videbatur
823 1515 941 1591 injicere
962 1511 1137 1590 scrupulum,
1152 1520 1183 1570 et
1202 1509 1292 1569 errori
1312 1527 1360 1568 οι·

155 1593 305 1652 easionem
318 1593 469 1672 praebere?
502 1594 561 1652 Cur
573 1613 632 1650 non
643 1593 713 1652 satis
721 1593 823 1652 habuit
836 1613 963 1652 assemre
976 1593 1122 1650 hominem
1136 1590 1289 1649 animalem
1302 1605 1363 1648 non

155 1693 263 1751 capere
277 1693 311 1732 ea
325 1693 389 1751 qna
404 1682 471 1733 sunt
486 1673 550 1748 Dei,
567 1671 619 1731 sed
633 1672 714 1731 addit
728 1673 834 1748 metim,
850 1682 877 1731 et
888 1691 945 1732 non
953 1691 1045 1750 posse,
1061 1689 1176 1732 earnem
1196 1689 1255 1730 nou
1274 1667 1363 1727 modo

158 1753 234 1830 Legi
256 1773 314 1812 nou
339 1752 452 1829 subjici,
469 1752 520 1811 sed
543 1771 580 1810 ue
604 1753 637 1811 id
649 1771 735 1828 porse
754 1753 873 1829 qudeim,
889 1761 919 1812 et
940 1753 1052 1828 simssia,
1068 1771 1134 1830 quae
1148 1749 1223 1811 clare
1237 1750 1363 1808 innuunt

157 1831 285 1972 Ppplum
308 1852 367 1891 uon
388 1831 475 1891 modo
498 1840 604 1908 sotum,
619 1832 672 1892 sed
689 1839 719 1892 et
739 1833 897 1912 potentiam
917 1833 1010 1912 ipsam
1031 1831 1228 1892 beneiaoIendi
1251 1828 1363 1890 homini

157 1932 177 1972 a
211 1915 300 1972 erre?

198 1993 298 2052 xm
319 1987 381 2052 Nec
394 1991 499 2052 melius
512 1991 674 2068 elabuntur,
689 1992 740 2070 qui
758 1992 932 2070 pertendunt
952 1993 1142 2069 iapountiem
1161 1991 1247 2049 istam
1267 2005 1361 2048 mora·

152 2075 209 2131 lem
223 2092 301 2149 esse,
316 2091 375 2131 nou
388 2075 557 2146 mentalem,
572 2081 659 2150 atque
673 2072 788 2131 iterem
802 2092 861 2131 nou
875 2073 1007 2132 absolute
1020 2081 1051 2131 et
1071 2071 1240 2150 simpliciter
1252 2068 1363 2127 homini

151 2171 218 2211 esse
239 2152 455 2230 impossibilem,
471 2152 522 2211 sed
536 2152 615 2210 iilam
629 2152 774 2211 bominem
788 2171 873 2229 posse
888 2153 913 2211 si
927 2152 1007 2213 velit.
1050 2153 1087 2211 R
1103 2151 1178 2209 Nam
1197 2150 1259 2208 sive
1279 2156 1362 2208 natu·

153 2231 239 2308 ralis,
252 2232 313 2290 sive
327 2233 444 2291 moralis
458 2231 571 2292 dicatur
584 2232 753 2309 impotentia
766 2231 831 2306 istu,
843 2229 892 2312 (de
903 2251 961 2310 quo
970 2231 1099 2312 postea3)
1116 2231 1232 2290 Certum
1242 2235 1288 2286 est
1299 2243 1363 2286 esse

153 2311 274 2371 homini
286 2311 511 2388 ineluctabilem,
525 2321 556 2370 et
568 2311 676 2371 frustra
688 2311 747 2372 dici
759 2313 906 2370 hominem
920 2313 975 2370 hoe
989 2312 1038 2370 vel
1051 2307 1125 2370 illud
1137 2328 1223 2388 posse
1237 2309 1263 2367 si
1282 2306 1362 2381 velit,

153 2411 224 2450 curn
242 2399 354 2451 constet
368 2411 434 2452 eum
448 2411 506 2450 non
519 2411 605 2470 posse
619 2391 714 2469 velle;
735 2411 795 2450 nou
815 2393 894 2470 qnod
913 2392 1086 2452 destituatur
1098 2390 1227 2468 potentie
1240 2387 1365 2446 naturali

156 2470 288 2545 volendi,
303 2471 372 2549 quia
390 2472 432 2531 sic
450 2470 547 2530 differt
567 2493 584 2530 e
602 2471 713 2548 brutie;
738 2471 790 2532 sed
809 2472 889 2550 quod
908 2481 1005 2532 careat
1024 2470 1212 2550 dispositione
1232 2468 1271 2527 ed
1290 2467 1365 2528 bene

158 2550 329 2627 volendum,
345 2550 382 2610 de
396 2573 455 2630 qua
468 2552 499 2609 in
512 2552 566 2611 hac
580 2552 739 2630 questione
753 2551 838 2612 unice
852 2553 958 2630 agitur.

181 2679 378 2784 ⁶'E}i,17,⁰⁰¹‘
422 2627 1366 2791 potdsVet(duihlllthhbldblbohlsdlubdeffieldodllbmaepldrdhelllldrb

424 2797 453 2847 te
464 2789 630 2866 discernit,”
640 2792 735 2869 inquit
746 2793 863 2869 Paulus,
873 2797 887 2850 l
897 2793 961 2852 Cor.
973 2794 1012 2852 iv.
1025 2791 1052 2867 I,
1068 2795 1088 2827 ‘⁴
1099 2791 1176 2866 Quid
1186 2791 1277 2849 habes
1286 2787 1366 2866 quod

159 2883 222 2924 non
233 2861 396 2939 aceeplsti?
423 2867 462 2925 Et
476 2869 501 2926 si
511 2870 655 2946 accepisti,
668 2871 739 2946 qnid
747 2871 889 2948 gloriaris,
904 2873 989 2949 qnasi
998 2889 1056 2930 nou
1066 2871 1211 2946 aoceperIe
1221 2869 1254 2928 ?'’
1289 2867 1366 2926 Arsi

159 2953 229 3023 post
242 2943 356 3020 lapsum
366 2943 488 3004 liberum
497 2947 647 3006 arbitrium
658 2949 734 3008 vires
745 2949 840 3008 adhuc
850 2951 964 3026 aliquas
974 2951 1071 3025 habet,
1086 2950 1193 3026 quibus
1206 2948 1244 3006 sd
1256 2947 1366 3006 bonum

160 3045 194 3084 se
209 3022 362 3100 disponere
376 3026 476 3102 possit,
489 3035 518 3084 et
532 3027 654 3102 gratiam
666 3028 792 3086 oblatum
805 3028 972 3104 admittere;
986 3029 1072 3086 homo
1082 3029 1208 3104 seipsum
1222 3027 1367 3085 discemet

160 3105 200 3164 ab
214 3104 282 3179 alio,
297 3111 327 3162 et
340 3103 460 3164 babebit
473 3104 551 3183 quod
564 3123 624 3164 uon
637 3108 787 3184 occeperit,
802 3116 833 3167 et
846 3108 884 3166 de
896 3127 955 3185 quo
976 3107 1125 3185 glorr'etur,
1139 3106 1209 3182 quie
1227 3105 1367 3166 admissio

160 3183 344 3262 gratiaeque
368 3183 402 3243 fit
425 3185 463 3244 ab
483 3185 556 3263 ipso,
571 3186 665 3263 ipsam
686 3187 724 3245 ab
745 3187 803 3246 alio
816 3189 866 3265 qui
881 3205 945 3246 eam
967 3187 1064 3264 rejicit
1077 3186 1263 3261 dherimiuat,
1279 3193 1366 3264 etqm

161 3263 204 3324 ita
217 3264 307 3322 bomo
320 3273 397 3323 recte
412 3265 524 3324 dicetur
537 3266 640 3324 salutis
654 3285 714 3325 sua
727 3266 816 3342 saber,
831 3275 862 3326 et
874 3268 962 3346 praeci
1001 3285 1020 3325 a
1039 3266 1236 3325 eonversiouis
1256 3282 1317 3324 sune
1337 3273 1367 3326 et

161 3343 348 3402 discretionis
361 3344 399 3403 ab
413 3345 470 3404 alio
485 3365 581 3405 eausa.
624 3347 686 3406 Noc
695 3347 782 3425 juvat
800 3348 943 3426 excipere,
1034 3363 1095 3406 non
1113 3363 1199 3425 posse
1220 3346 1366 3405 bominem

161 3423 227 3482 sine
252 3423 346 3498 gratia
369 3424 494 3502 Spiritus
524 3425 624 3485 saneti
647 3427 793 3504 operantis
816 3445 868 3506 per
894 3428 1035 3487 Verbum.
1090 3427 1128 3486 R.
1156 3423 1231 3485 Nam
1258 3425 1366 3504 qualis·

161 3520 279 3577 cunque
304 3509 447 3564 statuatur
468 3505 546 3564 aetio
569 3505 695 3583 Spiritus
720 3507 820 3566 Sancti
843 3527 895 3586 per
918 3508 1058 3583 Verbum,
1085 3527 1152 3566 eum
1174 3505 1306 3566 Verbum
1329 3522 1368 3564 ex

162 3600 250 3658 aequo
264 3579 400 3641 offeratur
420 3593 450 3644 et
469 3585 562 3645 electo
581 3595 612 3646 et
624 3586 756 3664 reprobo,
771 3595 801 3646 et
814 3588 978 3647 eommrmia
997 3605 1057 3646 nou
1076 3585 1184 3647 Sciant
1202 3585 1367 3662 discrimen,

161 3660 239 3720 ratio
260 3659 441 3722 discretionis
463 3665 550 3724 unius
573 3665 610 3725 ab
632 3666 698 3743 elio,
714 3685 766 3726 cur
785 3667 835 3727 ille
857 3667 963 3744 erodet,
986 3665 1041 3727 iste
1063 3685 1131 3744 uon,
1152 3685 1212 3725 nou
1234 3673 1331 3743 potest
1350 3683 1370 3724 a·

163 3739 265 3800 Verbo
279 3739 327 3799 vel
348 3761 365 3800 a
388 3743 497 3821 Spiritu
519 3765 571 3823 per
584 3745 715 3806 Verbum
730 3748 823 3806 solnm
837 3757 974 3825 operante
987 3745 1121 3823 pendere,
1143 3745 1220 3804 idem
1239 3745 1316 3804 enim
1337 3744 1368 3804 in

162 3829 286 3896 utroque
305 3819 417 3882 efficere
437 3823 604 3901 debuisset;
632 3826 691 3884 Sed
710 3845 728 3885 a
747 3826 839 3886 libero
860 3827 988 3902 arbitrio,
1002 3825 1082 3903 quod
1102 3826 1132 3883 in
1153 3824 1204 3882 illo
1224 3843 1256 3885 se
1272 3823 1367 3883 deter-

163 3899 256 3957 minat
269 3898 307 3958 ad
320 3902 443 3978 gratiam
457 3905 650 3982 recipiendam
662 3926 670 3980 ;
698 3906 728 3964 in
742 3906 798 3966 isto
812 3925 882 3965 vem
903 3907 941 3965 ed
953 3925 1017 3965 eam
1031 3903 1226 3983 rejiciendum.
1268 3903 1370 3981 Atque

48 4001 52 4008 ·
162 3997 200 4037 eo
225 3979 330 4038 certius
348 3982 404 4042 hoc
424 3982 568 4042 evincitur
583 3985 662 4062 quod
678 4005 716 4044 ex
735 3986 891 4064 hypothesi
905 3985 1156 4061 Adversariorum,
1174 3985 1370 4063 qualicunque
1387 4040 1393 4048 .

163 4058 260 4136 posita
273 4063 438 4138 operatione
451 4065 561 4141 gretie,
568 4066 704 4125 voluntas
718 4085 831 4144 semper
843 4075 941 4126 menet
954 4067 984 4124 iu
997 4063 1167 4144 aequilibrio,
1182 4073 1216 4125 ut
1228 4065 1321 4143 possit
1333 4083 1369 4124 ea

163 4139 209 4198 uti
222 4139 271 4198 vel
290 4160 366 4217 nou;
395 4161 484 4220 quum
503 4163 573 4222 ergo
586 4165 622 4204 ea
635 4145 709 4204 bene
723 4146 821 4219 utimr,
836 4147 892 4206 hoo
906 4147 993 4206 debet
1012 4147 1077 4222 eibi,
1091 4164 1150 4206 non
1171 4146 1280 4224 gratim,
1302 4160 1368 4223 qum

165 4220 326 4308 eommunis
340 4231 393 4282 est.
436 4223 522 4297 Quod
541 4245 600 4284 non
618 4225 782 4286 dissimulet
796 4227 998 4301 Bellerminue‚
1014 4227 1084 4286 dum
1104 4227 1246 4287 Molinam
1267 4225 1369 4304 etqui

166 4313 260 4387 ipsum
276 4310 435 4375 sequuntur
448 4321 602 4382 suppresso
612 4305 728 4366 nomine
742 4307 919 4385 perstringit,
931 4307 982 4366 lib.
993 4308 1012 4366 i.
1024 4307 1060 4367 de
1071 4308 1143 4368 Gra.
1155 4315 1187 4367 et
1199 4308 1251 4366 lib.
1265 4307 1327 4366 urb.
1341 4325 1367 4365 c·.

166 4391 219 4432 ¹11.
235 4378 253 4467 ‘f
263 4377 395 4455 nemoy*
410 4381 513 4458 hquuit,
529 4387 548 4420 ‘⁴
557 4384 653 4444 dicere
666 4387 772 4462 poterit
785 4387 875 4464 isqui
888 4387 1019 4462 credidit,
1030 4407 1061 4447 se
1070 4388 1194 4448 discerni
1207 4388 1245 4446 ab
1258 4387 1369 4446 infideli

167 4470 219 4528 per
231 4453 359 4550 liberum·
368 4459 527 4538 arbitritum,
536 4464 605 4541 quie
618 4465 680 4543 ipse
695 4465 910 4542 inspirationem
931 4469 1049 4546 recepit,
1059 4485 1145 4545 quam
1164 4469 1238 4526 ulter
1250 4467 1371 4545 rejicit?

169 4529 272 4592 Nonne
286 4535 404 4611 gloriari
416 4541 522 4615 putarit
536 4553 636 4604 eouha
655 4545 809 4620 inddelem,
825 4547 904 4624 quod
924 4547 986 4624 ipse
1002 4545 1057 4606 Dei
1077 4548 1179 4626 gratie
1200 4557 1370 4626 cooperatus

166 4609 214 4704 sit·
226 4632 314 4707 pnam
327 4614 377 4676 ille
391 4621 585 4699 contempsit?
606 4623 657 4684 sed
671 4623 832 4702 Apostolus
844 4627 908 4686 brec
921 4627 1018 4686 omnia
1031 4623 1193 4704 prohibet,’'
1204 4624 1259 4688 &c
1302 4629 1369 4689 Nou

165 4687 279 4756 iehcrus
298 4713 331 4757 se
351 4697 511 4777 expediunt
527 4701 579 4779 qui
597 4704 754 4765 motionem
767 4705 896 4766 divinam
910 4707 1014 4766 volunt
1033 4707 1209 4768 considerari
1226 4705 1367 4786 bilariam,
