3152 5178
243 389 303 447 140
733 401 825 444 rocus
839 402 999 444 sncuuous.
1258 385 1382 466 [onmes.
1396 405 1464 446 xx.

236 589 240 596 -
283 546 358 605 VII.
380 546 441 606 Nos
455 566 524 605 vcro
538 545 607 604 licet
620 563 679 604 nou
693 544 866 605 diffiteamur
885 545 916 603 in
937 542 1070 603 Ecclesia
1090 541 1153 602 dari
1166 543 1305 606 Judic'em
1321 545 1464 608 ministe-

242 627 343 686 rialem
371 635 400 685 ct
422 627 628 702 subalternum,
652 625 703 704 qui
726 625 946 686 controversias
966 623 1036 682 fidei
1058 644 1095 684 ex
1119 624 1175 683 Dei
1193 624 1294 686 Verbo
1316 627 1464 689 dirimere

241 708 356 786 publice
370 707 479 784 possit;
502 706 584 766 Licet
598 706 694 783 quoad
715 706 857 766 internam
872 705 1039 787 auagooega‘cv
1061 705 1201 782 Spiritum
1216 706 1247 766 S.
1261 727 1316 766 nos
1330 708 1464 768 desem

243 788 399 866 Scriptura
423 787 658 865 interpretatione
681 787 853 864 persuadere
875 806 927 864 per
949 786 1067 845 modum
1088 785 1222 865 principii
1242 807 1461 865 agnoscemus:

241 867 389 945 Negemus
403 875 500 926 umen
514 866 610 945 quoad
624 874 773 950 externam
787 867 895 945 objecti
908 865 1181 926 demonstrationem
1201 877 1307 944 prater
1322 868 1461 948 Scriptu-

240 967 302 1006 ram
326 947 419 1007 ullum
441 947 577 1008 Judicem
602 947 767 1025 supremum
791 954 820 1006 et
842 946 1023 1006 infallibilem
1045 947 1232 1026 querendum
1252 967 1337 1026 csse,
1359 952 1461 1010 multo

240 1029 337 1087 minua
359 1027 570 1087 admittendum
596 1047 660 1087 esee
684 1028 793 1105 Papam
812 1027 869 1107 ¹qui
890 1026 942 1086 tali
964 1026 1102 1104 fungatur
1124 1027 1235 1105 officio;
1257 1029 1351 1088 solam
1373 1032 1459 1090 enim

242 1107 420 1186 scripturam
434 1127 486 1167 seu
500 1109 596 1168 Deum
609 1108 641 1166 in
654 1127 689 1166 cs
702 1109 868 1186 loquentem
882 1108 920 1167 ad
934 1107 964 1166 id
978 1107 1108 1166 sufficere
1122 1108 1303 1168 arbitramur.

351 1247 357 1260 ,
544 1187 635 1247 VIII.
658 1188 798 1248 Rationes
812 1196 888 1264 eunt,
906 1191 933 1247 1.
955 1189 1029 1264 Quia
1044 1188 1255 1248 DeusinV.et
1270 1189 1307 1250 N.
1322 1190 1457 1251 Tectae

239 1246 483 1364 ὃοὲζξξξηξζζᾞ
503 1269 592 1328 istum
605 1268 743 1328 Iudicem
763 1289 817 1328 nos
837 1268 970 1328 absolute
990 1268 1119 1344 remittit,
1141 1276 1171 1327 et
1192 1269 1253 1328 sinc
1267 1269 1329 1330 ulla
1350 1271 1455 1330 condi-

267 1365 444 1411 troversiarum
504 1349 590 1425 tione,
608 1350 695 1408 Deut.
711 1347 782 1408 xvii.
800 1352 846 1409 10.
861 1350 962 1408 Facies
974 1352 1065 1426 jueta
1085 1351 1189 1426 chem
1202 1369 1289 1428 quam
1304 1353 1458 1412 domabat

269 1423 356 1469 ³⁰⁶⁰*
506 1439 547 1502 te;
563 1431 621 1488 lea.
636 1430 696 1487 viii.
712 1431 760 1488 20.
782 1431 832 1488 Ad
843 1432 946 1507 Lepem
960 1439 988 1488 et
998 1430 1202 1506 Testinwm'um,
1214 1428 1289 1508 ἕως
1305 1431 1377 1492 Luc.
1388 1433 1453 1492 xvi.

238 1481 484 1537 eumenes..
505 1513 553 1570 aa.
570 1511 686 1568 namt
698 1511 808 1568 naen
828 1520 856 1570 a
872 1511 1040 1587 epam,
1066 1511 1129 1569 arua
1146 1513 1274 1586 adase
1299 1532 1359 1571 non
1377 1513 1455 1573 urea

237 1591 379 1668 Christus,
394 1592 505 1650 habent
520 1591 690 1650 Sacerdotes
704 1599 733 1649 et
749 1591 873 1667 Scribas,
889 1591 939 1668 qui
953 1609 1047 1649 errare
1061 1611 1120 1649 non
1128 1602 1257 1669 possunt,
1273 1593 1326 1651 sed
1340 1593 1456 1653 habent

239 1673 354 1732 Moscm
368 1681 397 1732 ct
412 1671 579 1750 Prophetas,
596 1671 706 1730 scilicet
719 1670 815 1748 quoad
829 1672 936 1749 scripta
955 1671 1092 1749 ipsorum,
1106 1680 1141 1731 ut
1153 1672 1255 1731 iuuuat
1268 1693 1319 1732 cos
1333 1673 1455 1734 abunde

237 1752 368 1812 sufficere
391 1751 429 1811 ad
452 1753 567 1830 plenam
589 1751 817 1828 instructionem,
842 1758 872 1810 et
894 1747 1183 1834 eorum-authoritati
1205 1753 1453 1830 acquiescendum

235 1851 302 1892 esse
318 1855 326 1894 ε
368 1833 429 1892 Nec
443 1826 502 1890 ulia
514 1851 595 1891 mens
610 1827 725 1908 Christi,
743 1832 827 1892 Matt.
843 1832 904 1890 xix.
920 1835 967 1908 28,
982 1831 1033 1891 ubi
1048 1831 1274 1911 Apostolispost
1288 1853 1372 1892 suum
1388 1835 1451 1893 dis·

236 1933 352 1973 cessum
366 1913 507 1992 promittit
520 1912 581 1971 fore
595 1922 626 1972 et
638 1915 753 1972 sedeant
764 1933 849 1990 cuper
858 1913 1001 1972 dwdedm
1016 1914 1122 1971 tbroncb
1127 1914 1292 1989 judicantes
1302 1915 1454 1974 &wdecim

238 1995 326 2054 trabas
339 1995 477 2068 Ieratlie5
498 1993 577 2071 quod
590 2013 649 2052 non
662 1993 720 2052 alio
735 2001 831 2071 potest
842 1992 950 2069 referri,
965 2013 1053 2072 quam
1066 1993 1105 2051 ad
1122 1993 1306 2070 judiciariam
1319 2003 1451 2072 potcsta-
1492 2005 1495 2008 '

236 2083 305 2152 tem,
322 2095 408 2154 quem
422 2094 474 2152 per
487 2073 617 2133 Verbum
632 2074 807 2132 obtinentin
822 2074 961 2133 Ecclesia.
1005 2073 1053 2132 Sic
1068 2073 1174 2133 Matth.
1196 2075 1269 2132 xxii.
1285 2077 1333 2150 29,
1350 2077 1452 2134 Erm-

237 2156 281 2231 tia,
304 2157 399 2234 inquit
419 2155 551 2214 Christus
575 2154 751 2230 Sadducaeis,
775 2155 924 2215 necantes
939 2154 1113 2230 muca.
1156 2154 1196 2213 Et
1217 2155 1289 2214 alibi
1310 2156 1453 2216 emundat

236 2235 360 2295 Judaeos
373 2235 410 2294 ad
424 2233 594 2294 scrutandas
610 2233 781 2312 Scriptores,
797 2235 884 2294 Joan.
899 2256 928 2293 v.
944 2237 991 2293 39.

544 2313 603 2372 IX.
625 2317 653 2371 2.
677 2313 780 2372 Praxis
803 2315 910 2374 Christi
924 2324 954 2374 et
976 2313 1184 2392 Apostolorum
1206 2314 1263 2374 hoc
1285 2316 1449 2394 confirmat,

234 2378 482 2482 2ffl‘2fflffl
502 2385 596 2469 quiin
611 2391 822 2452 Controversiis
841 2394 911 2453 fidei
930 2395 968 2453 ad
991 2395 1153 2473 Scripturas
1172 2407 1348 2474 provocant·
1360 2397 1450 2457 Mate.

323 2452 353 2497 ΡΟ
472 2471 479 2484 ⁸
498 2472 538 2530 iv.
553 2480 583 2531 et
597 2473 669 2532 xxii.
684 2472 733 2532 Jo.
748 2493 777 2530 v.
793 2482 822 2532 et
836 2493 885 2550 x.;
909 2475 968 2534 Act
979 2475 1050 2533 xvii.
1061 2475 1144 2534 xviii.
1158 2475 1241 2535 xxvi.
1256 2476 1388 2554 nihilque
1402 2477 1449 2536 di-

236 2572 300 2612 cere
315 2571 346 2612 se
360 2551 530 2630 profitentur
543 2561 626 2611 extra
641 2553 754 2611 Mosam
774 2561 805 2612 et
826 2553 994 2632 Prophetas,
1018 2555 1090 2614 Luc.
1112 2556 1194 2614 xxiv.
1209 2559 1257 2633 44,
1275 2554 1344 2616 Act.
1362 2559 1449 2619 xxvi.

235 2637 283 2691 22.
327 2633 430 2691 Petrus
444 2631 559 2708 praefert
571 2632 677 2691 visioni
698 2633 809 2692 coelesti
830 2633 969 2711 Verbum,
991 2645 1025 2694 ut
1038 2637 1112 2709 alpos
1131 2633 1282 2718 βᾶιιέτιςοι
1302 2638 1351 2696 cui
1371 2639 1449 2698 bene

234 2711 341 2772 iaciant
355 2711 545 2788 attendentes,
562 2715 580 2770 2
596 2713 658 2771 Pet.
675 2713 693 2772 i.
712 2715 757 2790 19,
773 2713 854 2772 nulla
867 2715 967 2798 habita
979 2717 1088 2794 proprii
1101 2711 1248 2794 privilegii
1261 2726 1313 2800 aut
1328 2717 1449 2796 Papelis

232 2792 447 2852 infallibilitatis
461 2791 582 2851 ratione.
615 2792 783 2874 Laudentur
795 2794 974 2873 Beroecnsee,
991 2796 1059 2856 Act.
1074 2797 1146 2856 xvii.
1160 2799 1205 2872 11,
1217 2797 1380 2858 doctrinam
1394 2819 1447 2858 ex-

232 2872 391 2950 pendentes
418 2872 457 2932 ad
485 2873 640 2950 Scripturas
662 2871 800 2949 norma‘m,
816 2895 888 2934 =non
913 2876 1095 2936 consulentes
1122 2876 1202 2936 aliud
1228 2877 1448 2939 irriellibilitatia

234 2951 399 3013 Oraculum.
442 2953 582 3012 Pharisaei
596 2973 665 3012 vero
680 2963 709 3014 ct
732 2955 884 3015 Sadducaei
905 2956 1086 3033 damnantur,
1101 2957 1170 3034 quis
1190 2957 1227 3016 ab
1248 2959 1300 3016 illa
1316 2979 1446 3019 recesse-

232 3042 309 3110 runt,
326 3035 411 3094 Matt.
426 3054 476 3093 xv.
492 3037 519 3111 3,
535 3043 565 3093 et
579 3035 651 3092 xxii
667 3037 715 3093 29.

536 3115 578 3174 X.
601 3117 628 3175 3.
652 3116 810 3194 Supremas
832 3124 861 3174 ct
883 3115 1048 3176 Infallibilia
1070 3115 1172 3178 Judex
1193 3116 1219 3178 is
1247 3118 1365 3178 demum
1388 3129 1442 3196 est,

232 3173 475 3278 ἃέοξεῗζξῇἷξωῇζ
494 3196 544 3272 qui
566 3195 597 3253 iu
618 3195 777 3273 judicando
799 3216 947 3272 nunquam
967 3205 1050 3274 erret,
1074 3217 1128 3257 nec
1149 3217 1243 3257 emere
1264 3208 1371 3276 potest,
1393 3201 1445 3278 qui

494 3275 576 3333 nullo
590 3276 714 3354 partium
729 3276 824 3335 studio
846 3276 968 3352 ducitur,
984 3286 1013 3336 ct
1027 3297 1044 3335 a
1058 3297 1115 3354 quo
1129 3297 1187 3337 non
1202 3278 1288 3338 datur
1301 3299 1443 3358 provoca·

232 3351 282 3409 tio.
325 3350 551 3413 Athaecomuiu
571 3376 624 3414 nec
647 3356 795 3432 Ecclesiae,
817 3376 871 3415 nec
894 3357 1030 3416 Conciliis
1053 3366 1103 3417 aut
1121 3357 1255 3417 Pontifici
1277 3371 1443 3439 competere

231 3437 361 3506 possunt,
377 3450 444 3488 nam
458 3443 487 3491 ct
501 3455 595 3494 errare
615 3443 745 3512 possunt,
762 3444 792 3495 ct
805 3455 881 3514 sepe
902 3436 1072 3514 gravissime
1093 3443 1231 3514 errarunt,
1248 3447 1277 3498 et
1292 3451 1361 3500 sunt
1374 3461 1443 3520 pars

231 3529 288 3584 rea,
304 3511 432 3568 accusati
445 3512 552 3591 quippe
572 3523 710 3591 tanquam
730 3515 839 3596 falsarii
852 3525 883 3576 et
903 3517 1107 3596 depravatores
1129 3517 1293 3597 Scriptura,
1309 3529 1341 3580 et
1354 3522 1392 3581 ab
1406 3522 1442 3581 iis

231 3589 268 3647 ad
285 3589 462 3666 Scripturam
477 3611 590 3671 semper
603 3594 688 3672 datur
702 3597 878 3672 provocatio,
892 3597 1006 3657 lJoan.
1021 3599 1061 3657 iv.
1078 3601 1113 3675 l;
1129 3599 1187 3657 Isa.
1198 3597 1259 3658 viii.
1275 3601 1335 3677 20;
1352 3602 1374 3662 J
1375 3621 1440 3661 oen.

230 3689 259 3728 v.
275 3671 332 3745 393
355 3669 423 3730 Act.
438 3672 509 3732 xvii.
527 3677 573 3733 ll.
617 3674 676 3734 Sed
691 3676 772 3735 Deus
786 3676 816 3734 in
833 3677 981 3754 Scriptura
993 3679 1116 3756 loquens
1131 3679 1210 3738 solus
1223 3679 1286 3738 haec
1300 3689 1442 3759 tauquam

229 3750 345 3828 propria
359 3751 415 3810 eibi
429 3751 566 3830 vindicet,
582 3753 651 3832 quia
664 3773 717 3814 nec
730 3755 761 3815 in
772 3756 931 3834 judicando
943 3777 1036 3817 errare
1048 3767 1150 3836 potest,
1166 3767 1266 3836 utpote
1279 3761 1346 3838 ipss
1354 3762 1439 3821 Vcri·

229 3839 282 3906 tes,
298 3850 351 3891 nec
372 3832 496 3909 partium
518 3835 614 3894 studio
636 3835 760 3913 ducitur,
775 3837 843 3915 quia
864 3842 1113 3919 &sexametrum
1137 3859 1190 3898 nec
1209 3839 1246 3898 ab
1267 3840 1333 3920 ipso
1354 3841 1441 3902 datur

227 3911 404 3989 provocatio,
420 3913 488 3990 quie
502 3915 614 3974 nullum
628 3917 761 3994 agnoscit
774 3918 958 3995 superiorem.
1321 3961 1324 3966 ,

227 4029 471 4137 *statutt
491 4084 520 4134 a
534 3995 602 4135 xri.
616 3997 1374 4142 ttttttttttttttlllttltft‘lt
1387 4002 1439 4141 lt:

251 4149 339 4250 3⁰¹¹ss
350 4150 471 4253 ,ffliffilss
491 4095 610 4234 nardius:
621 4177 675 4216 nec
689 4156 723 4214 in
737 4177 803 4236 cum
823 4158 896 4218 fides
917 4169 1016 4219 nostra
1036 4100 1207 4238 reshldritur3
1230 4160 1326 4220 sedin
1342 4163 1438 4222 Deum

277 4221 349 4252 ⁸⁰⁸¹*
375 4273 377 4278 .
422 4222 470 4257 ¹¹⁸·
491 4237 584 4296 solum
599 4257 617 4295 a
630 4257 688 4314 quo
702 4238 809 4316 pendet
823 4249 925 4300 sensus
939 4249 968 4298 et
983 4240 1316 4319 sentemiaScripturoe3
1342 4252 1373 4302 ct
1386 4243 1438 4320 qui

227 4315 352 4391 optimus
366 4325 411 4376 cut
423 4318 579 4377 verborum
593 4337 709 4377 suorum
719 4318 867 4396 interpres,
880 4320 931 4397 qui
945 4339 1061 4380 sensum
1071 4317 1159 4398 Legis
1170 4322 1277 4400 optime
1289 4323 1436 4400 explicare

225 4403 330 4470 potest,
346 4403 379 4454 ut
391 4397 494 4458 unicus
510 4398 627 4476 Doctor,
645 4399 729 4458 Matt.
745 4399 828 4458 xxiii.
844 4401 871 4474 8,
890 4402 946 4476 103
970 4401 1134 4478 Legislator
1149 4409 1255 4477 noster,
1271 4403 1323 4480 qui
1340 4411 1436 4480 potest

225 4491 341 4532 servare
353 4483 383 4533 et
392 4476 520 4553 perdere,
531 4477 614 4538 Jaco.
630 4479 669 4538 iv.
681 4482 728 4537 12.
770 4479 831 4538 Nec
843 4479 868 4538 si
878 4479 1016 4540 Rectores
1026 4481 1164 4540 Ecclesiae
1175 4481 1285 4560 Spiritu
1301 4483 1331 4542 S.
1343 4503 1434 4561 agum-

224 4561 279 4627 tur,
296 4554 432 4612 continuo
446 4555 582 4618 desinunt
602 4577 666 4617 esse
686 4559 818 4618 homiues
832 4579 866 4618 ec
879 4560 1000 4638 proinde
1019 4561 1172 4638 lallibilcs3
1195 4563 1264 4640 quia
1284 4562 1434 4640 inspiratio

223 4651 321 4693 corum
336 4640 381 4691 eat
393 4642 506 4694 tentum
525 4637 670 4697 ordinaria
689 4647 719 4698 ct
739 4641 908 4716 communis,
930 4659 989 4700 non
1003 4641 1231 4701 extraordinaria
1244 4651 1274 4702 ct
1290 4643 1432 4721 specialis,

221 4733 287 4792 quae
301 4711 514 4774 infallibilitatis
528 4716 635 4777 donum
650 4718 786 4794 conferat,
802 4720 896 4797 qualis
910 4720 965 4780 fuit
979 4723 1008 4780 iu
1023 4722 1176 4800 Prophetis
1189 4731 1219 4782 et
1233 4722 1394 4802 Apostolis.
