3158 5190
216 325 273 385 102
675 341 941 386 rocossncuunus.
1238 319 1368 402 [eumer.
1382 341 1423 383 rr.

216 487 266 547 An
280 484 458 546 Anthentice
471 482 510 543 sit
522 491 652 561 utraque,
667 501 733 560 quse
752 503 790 543 ex
804 503 837 544 se
849 483 936 543 iidem
950 490 980 544 et
999 483 1204 544 authoritatem
1217 491 1371 559 mereatur,
1385 481 1424 542 ed

215 585 303 645 quem
316 563 468 643 exigendus
482 563 540 624 sint
554 563 711 624 versiones
731 583 840 642 omnes,
855 563 886 622 id
899 563 974 623 iuter
994 563 1057 624 Nos
1077 573 1107 624 et
1128 561 1299 624 Pontificios
1311 571 1424 622 contro-

216 646 348 708 vertitur.

345 789 351 802 ,
441 789 448 802 ,
520 722 564 782 II.
585 721 669 782 Licet
681 721 800 800 quidem
813 743 851 782 cx
865 721 1026 784 Pontifieiis
1045 722 1188 802 aequiores
1207 721 1268 782 sint
1287 720 1426 798 fontibus,

240 790 457 894 sffligssmmfffl‘
477 801 632 882 puritatem
645 822 745 863 eorum
758 801 922 880 asserendo,
936 811 970 866 ut
989 811 1075 863 antee
1087 803 1192 880 visum,
1207 811 1289 863 etex
1303 803 1431 880 puritate

390 879 396 892 '
479 883 658 945 authentiam
677 882 737 942 illis
757 880 956 959 adscribendo,
970 890 1005 943 ιιι
1018 882 1176 944 versiones
1196 901 1298 942 omnes
1312 890 1343 941 ct
1356 881 1431 940 Vul-

220 967 289 1040 gets
308 960 395 1020 etiem
414 960 453 1021 ed
475 982 525 1022 cos
546 962 677 1022 revocari
698 963 830 1040 deberem,
848 971 879 1024 et
894 983 933 1022 ex
946 963 983 1022 iis
997 963 1104 1041 corrigi
1123 961 1254 1040 possint;
1276 969 1312 1022 ut
1332 963 1433 1022 scara

219 1044 318 1102 emen.
331 1042 376 1101 lr'b.
388 1044 415 1116 8,
427 1043 496 1101 lroer.
511 1047 539 1118 2,
548 1043 667 1120 Driedo,
684 1044 713 1102 zi.
727 1047 765 1120 23
784 1043 960 1119 Andredirrr,
975 1045 1020 1103 lib.
1032 1047 1061 1120 2,
1076 1046 1179 1118 deferre
1192 1041 1278 1102 Gerre.
1295 1042 1386 1118 Tac,
1401 1049 1434 1102 et

221 1121 292 1200 orii,
313 1120 447 1198 Plerique
468 1130 565 1182 tamen
580 1122 640 1181 illis
654 1131 721 1183 sunt
734 1123 900 1200 iniquiores,
915 1123 966 1201 qui
979 1122 1082 1184 dierunt
1100 1123 1209 1182 nullom
1223 1139 1288 1180 esse
1311 1131 1434 1182 contex-

221 1211 269 1262 tus
284 1200 424 1262 Hebraici
437 1201 646 1278 certitudinem,
660 1223 714 1262 nec
734 1203 765 1261 in
785 1203 1028 1280 disputationibus
1041 1201 1110 1264 fidei
1128 1201 1167 1262 ed
1179 1201 1274 1260 fontes
1287 1219 1353 1260 esse
1366 1220 1435 1279 pro·

222 1281 394 1357 uouendum,
406 1281 454 1341 vel
463 1283 502 1341 V.
512 1282 683 1342 Versionem
697 1302 736 1342 ex
749 1283 786 1342 iia
799 1281 1008 1344 emendandam
1021 1302 1094 1358 esse,
1108 1290 1142 1342 ut
1155 1282 1290 1357 Sraptcro.
1305 1283 1341 1340 dc
1348 1281 1436 1358 prin-

223 1362 277 1439 cip.
292 1360 341 1420 fid.
353 1364 425 1421 doct.
439 1371 544 1422 eccho.
560 1363 590 1455 5,
603 1382 633 1439 q.
643 1365 671 1438 3,
689 1382 715 1422 a.
729 1365 756 1422 1.
768 1363 864 1424 Carras
877 1363 924 1423 lib.
939 1367 967 1438 2,
982 1365 1132 1439 c.11,13;
1148 1363 1308 1436 Lindcmrs,
1323 1369 1355 1454 et
1373 1360 1436 1436 alii,

223 1441 816 1600 tt.3tt”tt¹ttttdttttttttfr‚
830 1442 1441 1600 btttttttthtffittt

220 1601 340 1679 publicu
366 1601 531 1678 leodonrbus,
559 1602 796 1680 stipulationibus,
819 1603 1068 1680 predicationibus
1095 1611 1122 1661 ct
1144 1601 1360 1677 expositionibus
1378 1620 1441 1678 pro

227 1680 385 1740 ambacuc
405 1682 550 1758 habeatur,
573 1682 614 1741 r'tc
635 1691 667 1742 ut
687 1703 766 1743 semo
790 1683 870 1742 tilam
896 1683 1013 1760 rq'r'ccrc
1034 1682 1130 1758 queris
1151 1687 1297 1758 ρναιειιι
1320 1683 1441 1740 madeat.

228 1761 310 1822 licet
323 1780 393 1819 vero
407 1781 466 1820 non
480 1761 565 1840 puuci
578 1781 616 1820 ex
631 1761 791 1825 Pontificiis
804 1781 877 1839 quoe
890 1763 978 1840 hujus
992 1761 1101 1820 decreti
1112 1761 1211 1840 pudet,
1230 1761 1357 1820 elienum
1373 1779 1441 1820 sen·

228 1861 292 1901 rum
306 1839 333 1899 ei
346 1840 482 1919 effingere
496 1849 644 1918 conentur,
658 1842 741 1919 quesi
755 1842 828 1902 nihil
841 1851 941 1902 contra
953 1842 1100 1902 Textuum
1113 1841 1298 1918 originalium
1315 1840 1441 1899 euthon-

227 1921 298 1980 tiem
307 1921 468 1980 Concilium
477 1919 644 1998 decreverit,
656 1941 710 1982 nec
720 1921 760 1982 V.
769 1922 939 1982 Versionem
948 1921 1076 1982 sontibus
1089 1921 1265 1998 praetulerim
1280 1919 1334 1978 sed
1344 1919 1443 1978 solum

229 2021 267 2061 ex
282 2001 393 2061 Latinis
407 2000 608 2078 versionibus,
629 2020 695 2079 que
714 2021 792 2062 nunc
812 2001 1058 2076 circumferuntur,
1080 2019 1168 2061 utrem
1186 1999 1336 2078 delegerit,
1351 2017 1443 2077 quem

229 2082 341 2142 ceteris
355 2090 549 2159 anteponeret,
570 2089 604 2142 ut
624 2081 665 2142 sit
677 2084 752 2142 Bell.
766 2081 816 2142 lib.
831 2086 859 2159 2,
878 2081 915 2142 de
928 2081 967 2142 V.
982 2081 1020 2139 D.
1041 2101 1067 2140 c.
1091 2083 1137 2157 10,
1152 2099 1217 2158 quse
1238 2079 1386 2140 sentcmis
1398 2087 1447 2139 eat

229 2161 382 2236 rindrcdri,
396 2161 577 2236 δαῑιηιιοιιὶι,
591 2162 711 2236 Scrarii,
725 2170 756 2222 ct
775 2162 916 2238 eliornm;
937 2161 1048 2221 Temen
1070 2161 1146 2220 hsrrc
1166 2159 1358 2221 detortionem
1378 2177 1447 2218 osse

232 2240 349 2300 Deereti
364 2240 503 2320 Synodioi
516 2240 618 2300 merito
631 2241 737 2301 emmae
751 2240 790 2301 D.
804 2244 928 2317 Bacca,
943 2249 973 2301 et
985 2261 1024 2300 ex
1037 2239 1108 2319 ipsis
1122 2240 1230 2301 decreti
1243 2239 1343 2299 verbis
1356 2238 1447 2298 facile

231 2320 386 2396 colligitur.
427 2320 503 2377 Nem
518 2319 542 2376 si
555 2338 607 2395 pro
621 2319 786 2380 authentica
799 2321 899 2380 haberi
912 2321 1008 2397 debet,
1022 2331 1055 2380 ut
1067 2340 1152 2380 nemo
1162 2321 1243 2380 illam
1252 2319 1360 2398 quovis
1370 2337 1446 2396 prse-

231 2405 314 2458 textu
327 2397 448 2474 rejicere
460 2397 573 2472 audeat,
588 2417 685 2458 nonne
698 2398 826 2460 fontibus
843 2399 915 2477 ipsis
928 2408 1066 2478 sequetur,
1081 2400 1140 2460 imo
1153 2409 1183 2460 et
1195 2399 1370 2478 prefertur?
1390 2418 1447 2458 nec

231 2477 308 2536 enim
322 2477 348 2535 si
361 2476 485 2537 discedit
498 2496 516 2535 a
528 2477 657 2538 fontibus
677 2477 822 2556 exigendo
834 2479 890 2540 erit
902 2479 941 2540 ad
961 2480 1047 2559 ipsos,
1063 2479 1116 2539 sed
1135 2479 1191 2558 ipsi
1204 2479 1302 2558 potius
1315 2478 1355 2537 sd
1369 2497 1446 2538 cem.

234 2557 320 2617 Unde
334 2556 475 2616 Mariana
488 2555 525 2614 de
546 2557 585 2616 V.
600 2557 639 2618 V.
652 2575 719 2635 pag.
734 2561 783 2636 99,
805 2559 991 2636 conqueritur
1003 2567 1070 2637 post
1089 2559 1353 2638 promulgationem
1368 2557 1446 2616 Con·

232 2637 293 2696 cilii
306 2635 475 2712 Tridentini,
494 2636 599 2696 croco
612 2646 639 2698 ct
651 2639 776 2698 Hebrroec
789 2659 845 2699 uno
859 2639 963 2716 irnpctrr
978 2641 1136 2700 medere.
1177 2640 1365 2700 Nostrsvero
1379 2656 1446 2697 sen·

233 2715 323 2775 tentia
332 2723 384 2792 est,
396 2715 486 2774 solam
496 2715 661 2776 Editioncm
671 2718 848 2779 Hebraicem
858 2719 896 2778 V.
906 2720 940 2778 T.
952 2728 981 2780 et
993 2721 1125 2780 Gracam
1139 2719 1176 2778 N.
1188 2738 1301 2797 semper
1314 2716 1406 2776 fuisso
1416 2724 1449 2777 et

233 2795 328 2856 edhuc
341 2815 406 2856 ease
418 2795 621 2872 authenticum,
637 2796 674 2856 sd
688 2817 775 2876 quem
789 2819 888 2860 omnes
902 2799 938 2859 de
951 2799 1010 2858 fide
1020 2808 1050 2860 et
1059 2799 1212 2878 Religionc
1222 2796 1447 2872 Controversia,

181 2895 185 2902 ·
234 2895 390 2955 omnesque
404 2876 563 2938 Versioncs
575 2877 689 2954 probari
703 2887 733 2938 et
746 2878 904 2938 examinari
918 2879 1052 2940 debeant.

538 2957 598 3017 Ill.
613 2959 809 3020 authenticum
821 2959 965 3036 Smiptcm
977 2959 1051 3019 illud
1064 2968 1118 3036 est,
1130 2958 1178 3018 eui
1190 2957 1229 3016 sd
1238 2957 1326 3016 fldem
1335 2955 1445 3016 iscierr·

236 3021 409 3068 Aurhsnucum
420 3021 496 3083 ΜΨ
516 3036 584 3096 dem
598 3038 713 3098 abunde
726 3040 823 3098 omnia
836 3047 1002 3117 suppetunt,
1024 3047 1054 3098 et
1073 3039 1121 3099 cui
1134 3038 1303 3116 plenissime
1316 3036 1391 3096 fides
1412 3035 1446 3095 in

218 3112 222 3120 ,
272 3085 324 3127 tum
335 3083 392 3140 quid
402 3081 448 3128 siti

518 3137 571 3178 suo
585 3137 691 3196 genere
705 3119 845 3195 debetur3
865 3119 903 3178 de
916 3139 975 3197 quo
994 3127 1073 3178 certo
1094 3127 1208 3179 constet
1228 3117 1307 3195 quod
1327 3125 1366 3209 et·
1377 3135 1447 3194 pro·
1574 3126 1577 3141 ¹

237 3193 343 3254 lectum
358 3194 396 3253 sit
408 3194 446 3253 eb
459 3215 495 3255 co
508 3199 638 3275 euthero,
653 3201 737 3279 eujus
760 3219 866 3260 nomen
879 3219 938 3276 prae
952 3218 983 3258 se
996 3198 1060 3274 fert,
1083 3206 1114 3258 et
1137 3197 1216 3276 quod
1237 3196 1335 3257 omnis
1356 3217 1388 3254 m
1409 3215 1449 3256 co

238 3273 345 3350 scripte
359 3274 416 3332 rint
426 3278 572 3351 quomodo
586 3278 638 3338 ills
650 3280 737 3340 scribi
750 3279 812 3359 ipse
822 3279 925 3340 voluit.
948 3279 1069 3338 Duobus
1083 3287 1181 3338 eutem
1193 3277 1289 3338 modis
1302 3275 1447 3353 scriptum

237 3352 356 3428 fllithd
369 3355 556 3417 authenticum
569 3377 633 3417 ease
645 3367 750 3436 potest,
765 3359 963 3435 velprimcrio
977 3367 1007 3419 et
1019 3357 1204 3435 oripriralitcr,
1213 3359 1262 3416 vel
1275 3356 1449 3416 secundm-io

238 3439 268 3490 et
281 3431 441 3490 deductiva
484 3433 625 3496 Primsrio
647 3437 843 3498 authenticum
864 3447 909 3498 est
932 3439 963 3497 id
982 3439 1120 3516 scriptum
1133 3438 1213 3515 quod
1226 3445 1271 3497 est
1283 3436 1447 3512 chicmae,

238 3509 285 3570 cui
300 3529 352 3568 sua
364 3529 417 3587 per
430 3530 462 3572 ss
475 3512 548 3574 fides
561 3523 682 3593 constet,
697 3525 728 3577 et
741 3519 788 3576 cui
801 3518 839 3577 oh
848 3518 975 3596 seipsum
983 3519 1068 3596 plene
1077 3517 1203 3578 creditur
1213 3537 1248 3576 uc
1258 3516 1339 3576 credi
1348 3516 1448 3592 debet,

125 3637 128 3642 ,
239 3609 297 3667 quo
310 3597 395 3667 pecto
409 3599 478 3650 sunt
490 3593 663 3654 authentice
676 3596 783 3656 tebulae
801 3597 966 3675 archetypas
980 3599 1150 3658 Edictorum
1164 3597 1290 3676 Regum,
1306 3597 1450 3656 Decreto-

239 3689 303 3730 rum
328 3669 562 3748 Magistratuum,
577 3673 835 3754 Testamentorum,
859 3678 1074 3755 Contractuum,
1098 3684 1127 3738 et
1146 3677 1259 3756 quovis
1279 3676 1451 3737 Anthomm

240 3749 441 3830 Autographs.
485 3752 661 3814 Secunderio
675 3755 840 3817 anthentica
860 3765 928 3817 surrt
948 3759 1045 3817 omnis
1065 3758 1246 3836 Apographe
1264 3765 1398 3816 securem
1417 3763 1452 3815 et

239 3831 364 3891 fideliter
377 3851 414 3890 ex
428 3833 593 3912 archetypis
606 3834 751 3914 descripto
770 3855 822 3914 per
841 3836 961 3898 idoneos
981 3837 1121 3914 homines,
1142 3837 1244 3915 quoles
1265 3856 1317 3914 pro
1333 3835 1450 3896 Edietis
1577 3874 1578 3877 =

241 3911 417 3990 Principum,
443 3913 565 3992 aliisque
586 3915 694 3975 tabulis
717 3917 850 3994 publicis,
874 3927 942 3979 eunt
964 3918 1106 3979 duntaxat
1126 3917 1310 3976 Tabelliones
1329 3915 1451 3994 publice

240 3993 415 4052 authoritate
428 3991 466 4052 ed
479 3993 510 4052 id
524 3993 678 4072 destineti3
700 4017 752 4076 pro
766 3996 847 4058 libris
868 4007 965 4059 sutem
985 4007 1015 4059 et
1027 3998 1092 4057 eliis
1106 3997 1221 4076 scriptis
1241 3996 1339 4075 quivis
1364 3993 1453 4074 probi

240 4080 271 4131 et
285 4073 440 4150 diligentes
454 4073 556 4134 scribes
569 4083 599 4136 et
613 4075 813 4156 descriptores.
843 4079 941 4138 Primo
956 4097 1042 4138 sensu
1057 4078 1120 4137 sola
1133 4075 1327 4155 Autogrsphe
1342 4075 1452 4151 Mosis,

243 4151 460 4231 Prophetarum,
475 4163 505 4216 et
519 4154 727 4234 Apostolorum
741 4166 809 4218 sunt
822 4159 1007 4220 suthenticcr
1029 4158 1089 4220 Sed
1101 4157 1254 4237 posteriori
1267 4155 1454 4235 Apogrspha

241 4231 339 4290 fidelia
352 4242 381 4292 et
395 4245 528 4296 accurate
543 4245 611 4296 sunt
624 4236 711 4298 etiam
724 4237 898 4299 authentice.

283 4311 339 4370 IV.
362 4313 483 4390 Rursus,
498 4317 662 4376 Aotbcritas
676 4319 816 4397 cujusque
832 4317 937 4397 Seripti
951 4315 1110 4378 authentici
1131 4315 1241 4394 duplex
1259 4321 1321 4391 est;
1345 4313 1454 4374 Altera

243 4387 273 4445 ln
286 4391 367 4480 felte
388 4393 455 4467 breis
469 4393 505 4454 dc
519 4395 625 4473 quihus
639 4397 670 4456 id
683 4399 745 4492 agit
765 4397 910 4474 irrndetur,
933 4406 963 4458 ct
986 4397 1118 4456 homines
1140 4404 1252 4473 spectet
1272 4395 1310 4454 sd
1323 4413 1398 4471 quos
1419 4393 1453 4453 id

243 4476 381 4543 sonpcrm
395 4471 547 4550 dirigitur:
569 4476 673 4537 Altero
692 4497 769 4538 erres
787 4497 941 4538 romonem
960 4477 1055 4555 ipsum
1077 4486 1107 4536 ct
1119 4477 1290 4552 scripturam
1304 4482 1452 4550 versetur,

243 4553 272 4604 ct
286 4545 323 4638 ed
338 4567 499 4640 congenera
513 4556 697 4634 exemplaris,
710 4566 740 4617 et
753 4559 955 4618 trunslsfiones
969 4556 1037 4616 inde
1051 4557 1142 4616 iectus
1155 4555 1293 4630 refertur3
1311 4553 1402 4631 inque
1416 4573 1455 4614 ea

244 4645 340 4685 omma
350 4649 400 4704 Jus
414 4631 470 4690 telo
485 4631 604 4710 obtinet,
620 4644 653 4694 ut
666 4637 728 4697 hese
741 4637 779 4696 od
790 4639 928 4716 seriptum
936 4636 1134 4698 authenticum
1142 4635 1300 4696 oxnmincri
1313 4633 1453 4710 debeant,
