3158 5190
116 379 220 428 ornan.
237 359 333 442 xvru]
609 380 648 422 oa
663 379 835 422 serrorum.

549 683 744 760 questro
765 684 874 744 ιινιι.

474 863 513 902 ΒΕ
526 861 759 904 mnsrrcmrsun
773 863 952 904 SCRIPTURAE.

108 1005 150 1062 An
162 1004 321 1080 Scriptura
335 1003 376 1062 ito
389 1003 426 1062 sit
432 1004 587 1080 perspicuo
599 1005 630 1064 in
642 1005 725 1063 rebus
738 1007 908 1064 adsalutem
921 1005 1092 1080 neomaenias,
1108 1016 1140 1065 ut
1151 1007 1210 1068 noe
1223 1019 1314 1068 ester·

142 1105 177 1142 no
193 1084 376 1142 liaditionrb
391 1088 511 1164 ὶγςιίφου
524 1088 568 1144 oei
584 1086 764 1144 authoritates
788 1085 994 1144 Ecclesiasticus
1007 1087 1126 1164 auaeibo,
1149 1091 1260 1167 ofideli
1272 1091 1313 1150 in-

144 1164 357 1242 tetlr'pr'possit!
397 1164 510 1224 Affirm.
526 1175 626 1225 contra
640 1165 817 1226 Pontificios.
911 1167 912 1172 ’
1090 1217 1092 1221 ,

142 1323 167 1383 l.
187 1323 255 1383 Non
270 1323 347 1384 satis
361 1323 416 1384 fuit
431 1324 592 1384 Pontificiis
608 1325 785 1404 Scripturam
806 1325 1030 1404 imperfectionis
1045 1345 1174 1405 arguere,
1196 1336 1230 1388 ut
1243 1329 1313 1389 ma-

105 1402 239 1464 ditionum
254 1404 462 1464 necessitatem
483 1406 661 1482 inveherent,
684 1405 735 1466 sed
754 1414 788 1465 ut
808 1405 906 1484 aliquo
926 1427 992 1466 cum
1012 1417 1159 1484 pretextu
1175 1411 1314 1487 populum

106 1483 138 1542 sb
151 1485 213 1562 ejus
226 1485 358 1545 lectione
372 1504 469 1544 arcere
490 1495 617 1564 possent,
641 1495 670 1546 ct
683 1487 830 1546 lucernam
845 1485 1009 1546 submodio
1024 1488 1176 1565 occultare,
1192 1497 1225 1548 ut
1243 1491 1312 1549 faoi-

106 1563 156 1623 lius
169 1565 199 1622 in
212 1565 346 1624 tenebris
359 1573 523 1642 regnarent,
545 1567 610 1645 ejus
624 1567 827 1627 obscuritatem
840 1587 944 1644 urgere
965 1577 1121 1646 coeperunt,
1137 1570 1221 1646 quasi
1240 1571 1313 1630 nulli

106 1653 177 1703 certo
190 1655 278 1706 notus
289 1664 359 1705 esse
373 1647 465 1722 possit
478 1647 542 1725 ejus
556 1667 659 1707 sensus
673 1647 734 1706 sine
745 1645 857 1725 judicio
872 1647 1020 1708 Ecclesiae.

367 1725 410 1784 II.
433 1725 483 1785 Ad
513 1727 626 1788 Statum
655 1727 829 1804 Quaestionis
856 1728 988 1804 observa,
1013 1731 1039 1787 1.
1062 1728 1128 1788 Non
1156 1731 1247 1806 quaeri
1274 1730 1311 1792 de

115 1788 284 1896 ffiffnffl*
321 1805 529 1882 Perspicaitute
562 1809 611 1866 vol
650 1809 814 1868 οιιιιιήιαιε
847 1809 968 1884 subjecti,
1004 1827 1056 1867 seu
1091 1809 1284 1870 Personarum
1301 1834 1318 1890 ;4

321 1885 401 1944 Nam
422 1907 481 1946 non
499 1907 639 1966 negamus
660 1888 823 1966 Scripturas
845 1907 909 1947 esse
933 1888 1071 1946 obscuras
1091 1888 1258 1950 infidelibus
1282 1900 1313 1952 et
1407 1905 1409 1908 '

106 1959 267 2040 irregenitis,
294 1965 407 2044 quibus
431 1959 625 2046 Euangelium
653 1987 737 2027 suum
758 1976 867 2027 tectum
889 1987 953 2026 esse
975 1966 1046 2026 dicit
1070 1968 1187 2044 Paulus,
1210 1971 1309 2031 icor.

106 2039 140 2099 ir.
166 2051 194 2100 et
219 2043 353 2105 latemur
381 2047 520 2125 Spiritum
547 2047 760 2107 illuminantem
789 2047 925 2107 fidelibus
955 2047 1149 2107 necessarium
1178 2068 1242 2108 esse
1272 2050 1311 2109 ad

106 2139 150 2179 eas
162 2121 381 2203 intelligendas.
425 2127 483 2186 Sed
497 2127 533 2188 de
554 2129 719 2186 obscuritate
739 2129 784 2185 ecl
797 2125 1000 2210 perspicuitate
1022 2128 1119 2203 objecti
1138 2147 1189 2187 seu
1214 2129 1309 2207 Scan

106 2209 187 2278 ture3
208 2203 258 2262 An
273 2205 319 2265 ita
335 2207 375 2266 sit
389 2207 518 2284 obscura,
534 2215 567 2266 ut
579 2207 667 2266 bomo
681 2206 776 2266 fidelis
791 2207 852 2266 sine
873 2207 1047 2266 authoritate
1070 2215 1100 2266 et
1120 2207 1233 2286 judicio
1252 2209 1308 2269 Ec·

108 2279 192 2342 elesiae
205 2303 268 2342 eom
283 2285 326 2344 ad
342 2286 464 2346 salutem
478 2287 624 2366 percipere
638 2306 697 2345 non
710 2287 821 2364 possit;
843 2286 922 2364 quod
934 2287 1085 2364 negamus.

142 2362 196 2423 Ill.
218 2365 286 2424 Non
309 2367 453 2444 quaeritur
465 2365 501 2426 de
525 2367 698 2428 obscuritate
712 2370 821 2426 Rerum
833 2387 882 2426 scu
894 2368 1096 2444 Mystert'orum
1110 2367 1141 2426 in
1160 2367 1308 2446 Scriptura

106 2441 263 2504 traditorum
276 2469 283 2523 ;
307 2447 447 2524 utrinque
461 2447 538 2506 enim
552 2448 737 2525 agnoscimus
759 2447 897 2525 mysteria
923 2448 1069 2526 pleraque,
1085 2468 1150 2526 quse
1164 2449 1194 2506 in
1211 2449 1306 2529 Scrip-

109 2527 162 2580 tura
173 2535 385 2603 proponuntur,
400 2527 518 2604 italesse
533 2528 668 2587 sublimia
691 2536 724 2587 ut
744 2529 912 2605 longissime
932 2537 1050 2606 captum
1069 2537 1200 2592 nostrum
1223 2550 1307 2609 supe·

107 2611 169 2676 rent,
189 2612 218 2664 et
230 2607 378 2666 hactenus
390 2627 475 2684 posse
490 2607 548 2666 dici
561 2608 684 2666 obscura
707 2608 738 2666 in
760 2627 811 2668 se:
834 2607 893 2668 Sed
906 2607 942 2668 de
965 2609 1129 2668 obamritote
1152 2611 1230 2669 modi
1249 2631 1307 2688 quo

109 2699 147 2739 res
159 2683 212 2743 ille
226 2685 454 2746 abstrusissime
472 2687 635 2764 nodantur,
660 2697 690 2748 ot
713 2707 798 2766 quem
813 2687 939 2748 mirabili
957 2689 1154 2760 emerserint
1178 2690 1219 2748 ita
1242 2710 1306 2750 esse

108 2768 280 2840 temperatam
310 2785 332 2826 a
360 2767 486 2826 Domino
514 2769 676 2842 statuimus,
704 2777 738 2828 ut
764 2767 858 2827 fidelis
886 2768 937 2846 qui
962 2769 1052 2828 habet
1079 2770 1179 2829 oculos
1200 2771 1309 2831 mentis

108 2839 251 2905 illustratos
279 2855 395 2906 attente
422 2848 525 2926 legens
552 2847 726 2908 sufficienter
752 2847 790 2908 ad
817 2849 940 2909 salutem
961 2850 1024 2909 haec
1044 2851 1183 2930 mysteria
1203 2869 1305 2930 cepere

107 2923 195 2996 possit.
320 2943 324 2948 ·
361 2985 365 2994 ,

141 3001 190 3062 Ν.
211 3005 276 3066 Non
291 3007 443 3086 queritur,
466 3007 517 3067 An
533 3008 681 3088 Scriptura
697 3007 726 3069 S.
749 3007 787 3068 sit
807 3009 959 3086 perspicua
971 3008 1003 3068 in
1017 3009 1151 3068 omnibus
1165 3009 1225 3068 suis
1239 3030 1303 3087 par·

107 3079 182 3158 tibus,
196 3094 227 3144 nt
239 3089 326 3148 nullo
341 3088 505 3166 interprete,
520 3089 658 3168 nullaque
672 3089 826 3149 dubiorum
840 3089 1020 3166 expositione
1034 3097 1127 3166 egeat,
1143 3088 1222 3167 quod
1236 3091 1300 3148 Bel·

107 3157 177 3222 lerm.
198 3166 289 3244 nobis,
317 3167 372 3227 sed
395 3167 468 3228 falso
490 3177 519 3228 et
540 3189 592 3247 per
611 3169 784 3229 calumniam
808 3167 920 3248 affingit
940 3169 992 3228 lib.
1014 3171 1042 3228 3.
1066 3168 1102 3228 de
1126 3169 1165 3228 V.
1181 3169 1219 3227 D.
1234 3189 1259 3228 c.
1277 3173 1303 3230 l.

109 3238 208 3302 Statum
217 3248 389 3324 questionis
397 3249 439 3308 ita
452 3249 596 3327 formans3
611 3250 708 3310 Siutne
721 3248 877 3325 Scrirturoe
885 3267 942 3326 per
954 3248 1138 3325 refacillima
1145 3257 1172 3308 et
1184 3252 1303 3326 apertis-

106 3319 180 3398 ime,
190 3328 457 3406 utinterpretotione
467 3351 523 3389 non
533 3331 694 3408 indt'peantt
708 3329 784 3388 Nam
793 3329 868 3388 ultro
879 3327 1002 3389 fatemur
1011 3349 1064 3389 sua
1073 3349 1136 3390 esse
1148 3329 1303 3408 Scriptura

108 3399 192 3480 adyta,
206 3417 234 3466 et
247 3429 302 3470 sua
315 3411 390 3486 βὲιιη,
403 3430 468 3489 quae
482 3411 598 3488 assequi
612 3419 641 3470 et
654 3410 777 3470 mrutari
790 3429 849 3468 non
862 3410 1001 3484 valemus,
1020 3419 1050 3470 et
1063 3431 1128 3490 quae
1144 3411 1224 3471 Deus
1240 3421 1303 3472 turn

110 3479 140 3536 ad
152 3483 332 3550 excitandum
347 3489 475 3550 studium
488 3489 618 3550 fidelium
631 3499 661 3550 et
682 3511 717 3550 au
756 3489 844 3548 ndam
858 3509 957 3550 eorum
971 3489 1161 3570 diligentiam,
1181 3500 1244 3551 tum
1265 3492 1303 3552 ad

110 3556 265 3650 demandam
278 3571 408 3628 bominis
422 3571 595 3648 superbiam,
617 3578 680 3630 tum
748 3569 909 3634 ‚fasfidium
931 3571 1141 3650 detergendum
1165 3573 1243 3650 quod
1264 3593 1305 3632 ex

111 3641 186 3701 mulie
205 3645 343 3710 facilitate
366 3649 491 3710 suboriri
512 3659 635 3729 poterat,
660 3652 692 3710 in
716 3650 864 3729 Scriptura
886 3671 949 3711 esse
971 3653 1084 3712 voluit:
1108 3653 1166 3712 Sed
1188 3661 1301 3712 tantum

111 3723 232 3792 queritur
244 3729 280 3788 de
295 3729 383 3789 rebus
397 3729 435 3790 ad
449 3731 573 3791 salutm
586 3731 764 3808 necessariis,
780 3740 809 3790 et
822 3731 939 3808 quidem
948 3732 1106 3792 secundum
1115 3752 1179 3814 eam
1188 3740 1302 3792 tantum

113 3801 182 3871 'blm
195 3809 452 3889 secundumquam
473 3811 642 3871 necessaria
665 3820 732 3870 sunt
754 3811 881 3890 cognitu,
905 3822 936 3872 et
949 3813 1011 3872 sine
1033 3812 1152 3871 crimine
1173 3811 1183 3870 i
1225 3813 1302 3872 orari

112 3895 305 3967 nonpossunt3
326 3909 356 3948 v.
371 3911 401 3968 g.
422 3891 574 3951 Trinitatis
594 3890 764 3968 mysterium
786 3892 936 3970 perspicue
960 3891 1084 3951 traditur
1105 3911 1162 3969 quo
1222 3896 1250 3950 τι
1264 3891 1302 3950 ‘irs

112 3961 179 4048 quod
191 3970 380 4030 necessarium
394 3979 447 4047 est,
470 3971 593 4031 sednon
607 3972 703 4050 quoad
716 3977 743 4030 el
758 3975 810 4038 πός
831 3971 909 4049 quod
929 3991 1015 4031 nosse
1029 3971 1113 4030 nobis
1126 3990 1185 4030 non
1199 3990 1300 4030 conce

113 4035 186 4117 ditur,
199 4064 249 4106 nec
262 4049 300 4108 ad
314 4051 437 4111 sulutem
449 4051 612 4129 requiritur.
657 4053 704 4112 Sic
719 4053 830 4112 scilicet
842 4053 938 4111 visum
953 4053 1026 4126 Deo,
1044 4061 1078 4111 ιιι
1091 4051 1121 4108 in
1136 4049 1247 4110 Nature
1260 4051 1302 4112 ita

113 4125 137 4174 el
157 4119 184 4179 in
204 4125 357 4207 Scriptura,
379 4139 413 4190 ut
435 4133 532 4192 omnia
554 4125 837 4210 necessariaubique
858 4130 918 4190 sere
931 4131 1061 4189 locorum
1075 4139 1257 4190 occurrerent
1270 4139 1302 4191 et

115 4193 180 4291 [will
204 4210 316 4286 negotio
338 4210 555 4288 invenirentur3
578 4213 630 4272 sed
651 4213 791 4272 nonnulla
814 4211 910 4270 minus
928 4209 1097 4292 ‘necessaria
1120 4208 1206 4268 certis
1227 4211 1302 4270 locis

116 4275 190 4338 alnus
206 4289 433 4367 reconderentur,
455 4292 532 4352 unde
553 4293 668 4352 nonnisi
688 4312 794 4370 magno
816 4290 913 4351 studio
933 4290 995 4348 erui
1015 4297 1142 4367 possent.
1186 4289 1228 4350 Ut
1248 4291 1300 4351 illa

116 4369 205 4428 irater
216 4366 308 4427 cibum
322 4379 352 4430 et
365 4391 478 4449 panem,
501 4393 568 4432 suas
582 4374 687 4432 habeat
699 4372 792 4433 veluti
806 4371 933 4450 delicias,
956 4389 1023 4429 suas
1044 4389 1182 4447 gemmas,
1205 4379 1235 4430 et
1248 4391 1298 4432 au-

118 4451 171 4524 nnn
189 4443 240 4503 ulte
261 4449 416 4526 delossum,
439 4462 469 4511 et
490 4452 634 4512 indefesso
659 4453 755 4514 studio
776 4451 951 4526 eruendum
978 4451 1017 4510 Et
1030 4459 1063 4509 ut
1077 4451 1189 4510 Ocelum
1203 4451 1298 4511 diver-

119 4529 160 4608 818·
175 4523 441 4608 stellismajoribus
454 4533 502 4591 vel
523 4533 683 4594 minoribus
705 4531 953 4610 interstingoitrrr3
990 4530 1037 4591 lta
1066 4531 1213 4608 Scriptura
1240 4553 1299 4592 non

121 4591 210 4686 “illut
222 4609 323 4682 puriter
337 4611 424 4687 lucet,
447 4611 498 4672 sed
520 4613 593 4674 locis
615 4613 785 4673 clarioribus
808 4621 838 4672 et
859 4611 1073 4672 obscurioribus
1096 4611 1189 4670 veluti
1205 4613 1299 4672 stellis

121 4675 269 4747 quibusdam
282 4689 402 4769 majoris
415 4693 462 4751 vel
476 4694 595 4754 minoris
607 4693 816 4772 magnitudinis
829 4693 1026 4772 distinguitur.
1096 4755 1101 4761 ,

1126 4789 1137 4826 1
