3158 5180
105 373 217 424 eumer.
232 355 266 435 a]
544 369 583 410 nu
598 369 800 412 rsovrnrurm
816 367 876 411 ner.
1253 359 1310 415 441

108 535 173 596 quo
182 513 436 586 omnisintueatur,
447 519 479 570 ut
488 510 558 570 alibi
572 512 659 571 Zach.
675 512 693 570 i.
704 510 884 586 describitur,
900 519 930 572 et
943 511 1003 571 vim
1012 511 1240 573 efficacissimam
1254 533 1312 593 qua

106 604 277 668 moveatur3
299 592 352 651 scd
365 599 395 650 et
408 601 474 650 rota
487 592 515 650 in
526 600 591 650 rota
605 591 729 669 ponitur,
744 592 839 650 minor
852 592 882 650 in
896 593 1013 670 majore,
1025 592 1063 650 ad
1076 594 1233 652 notandam
1244 615 1311 654 con·

108 675 326 748 catenationem,
342 679 372 730 et
385 670 606 748 dependentium
621 689 771 730 musarum
786 671 976 731 secundatum
990 672 1122 749 aprima

409 751 466 810 VI.
487 751 594 826 Tertio,
617 750 694 809 idem
719 751 870 810 evincitur.
914 754 941 812 1.
956 750 986 809 A
1000 754 1118 810 Natura
1131 753 1218 829 ipsias
1230 754 1291 812 Dei
1298 778 1312 828 ,0

106 807 131 852 ³*
147 807 172 852 Δ
182 805 276 851 Nm
285 804 340 850 M
370 831 445 889 Nam
459 830 485 887 si
496 833 576 888 Deus
589 839 636 905 est,
648 831 743 906 inquit
756 830 838 890 lact.
853 830 890 889 de
905 831 962 890 Ira'.
977 852 1003 891 c.
1018 834 1046 906 9,
1056 833 1149 909 utique
1157 834 1312 909 providem

108 919 150 971 cst
163 921 193 972 at
204 913 291 986 neo,
308 909 364 985 dc,
379 929 433 969 nec
446 910 540 988 magis
554 910 616 969 sine
630 929 665 968 eo
678 918 775 987 potest
787 910 914 970 mundus
928 912 1093 988 consistere,
1108 932 1195 988 quam
1210 915 1310 990 creari,

108 992 178 1067 quia
190 991 297 1050 eaedem
311 990 447 1064 rationes,
463 1009 527 1066 quse
541 989 623 1050 illum
638 988 813 1066 impulerunt
827 990 864 1048 ad
878 991 1042 1066 creandum,
1058 992 1210 1069 impellunt
1224 992 1311 1051 etiam

107 1071 148 1128 ad
162 1069 399 1148 gubernandum
422 1073 450 1128 2.
466 1069 502 1128 ab
525 1069 589 1147 ejus
609 1070 824 1146 independentia
843 1079 873 1129 et
894 1071 1071 1147 causalitate,
1086 1091 1138 1149 per
1157 1091 1244 1148 quam
1265 1093 1312 1131 res

109 1169 210 1209 omnes
231 1157 335 1209 create
355 1158 386 1209 et
409 1168 504 1208 causae
525 1149 667 1224 secunda,
683 1148 790 1208 debent
811 1149 847 1208 a'b
862 1169 897 1209 eo
917 1151 1051 1228 pendere,
1067 1151 1140 1210 etin
1154 1171 1217 1210 esse
1232 1160 1261 1212 et
1280 1152 1312 1210 in

108 1229 220 1307 operari
231 1251 238 1306 ;
260 1232 289 1289 3.
304 1229 341 1288 ab
356 1229 420 1307 ejus
433 1229 580 1304 sapientia,
590 1229 719 1305 potentia
732 1230 899 1288 otiositate.
941 1231 1016 1289 Nam
1031 1231 1056 1290 si
1067 1231 1148 1290 Deus
1161 1251 1220 1290 non
1231 1241 1312 1291 curat

107 1309 256 1382 mundum,
271 1308 303 1367 id
316 1316 468 1386 propterca
480 1307 522 1383 fit,
532 1308 581 1366 vel
595 1309 663 1386 quia
675 1308 777 1384 nescit,
788 1310 836 1367 vel
847 1310 916 1386 quis
928 1329 987 1369 non
1000 1309 1165 1387 potest'vel
1175 1311 1312 1388 quianon

91 1389 193 1464 ·rult;
217 1387 275 1447 Sed
289 1386 434 1466 quomodo
448 1388 503 1446 hoc
517 1386 575 1446 dici
589 1397 687 1466 posset
700 1387 762 1448 sine
774 1408 886 1448 summa
899 1389 930 1447 in
941 1389 1036 1449 Deum
1046 1390 1235 1467 blasphemia,
1245 1411 1311 1450 curn

109 1477 140 1526 et
153 1469 368 1545 apertisime
383 1467 428 1541 sit,
444 1467 494 1543 qui
509 1467 613 1542 omnia,
629 1477 658 1528 et
679 1468 812 1527 omnibus
825 1469 972 1547 prospicit,
987 1479 1017 1529 et
1033 1471 1248 1547 potentissimus,
1265 1472 1316 1538 cui

110 1548 182 1606 nihil
195 1557 240 1606 est
253 1543 378 1623 θέω-ιι,
393 1554 423 1605 et
436 1547 564 1622 optimus,
579 1547 628 1624 qui
649 1555 683 1607 ut
696 1567 808 1606 summa
827 1549 957 1608 bonitate
971 1548 1111 1609 muudum
1125 1551 1216 1627 primo
1231 1569 1310 1608 crea-

109 1627 161 1704 vit,
176 1628 216 1687 ita
229 1646 288 1686 uon
301 1633 397 1706 potest
410 1645 469 1684 non
483 1625 583 1685 eadem
596 1627 736 1686 mundum
750 1635 878 1687 creatam
892 1649 1063 1688 conservare
1076 1637 1106 1688 et
1119 1632 1243 1707 regere?

411 1706 485 1764 VII.
507 1706 625 1782 Quarto,
641 1727 658 1765 a
673 1707 828 1782 posteriori
847 1709 923 1767 idem
938 1708 1124 1785 demonstrat,
1148 1712 1175 1767 1.
1189 1710 1309 1768 Natura

109 1761 350 1866 iffifflfm
371 1793 401 1844 et
414 1786 534 1844 conditio
547 1805 644 1845 rerum
657 1795 826 1861 creatarum,
843 1807 987 1864 quaecum
1001 1809 1038 1847 ex
1052 1789 1144 1847 nihilo
1161 1788 1311 1866 productae

371 1865 437 1941 sint,
453 1864 532 1924 etde
545 1865 637 1924 nihilo
650 1884 709 1923 non
723 1884 824 1944 parum
838 1867 1019 1943 participent,
1034 1887 1088 1926 nec
1104 1888 1122 1925 a
1136 1867 1238 1945 seipsis
1251 1869 1312 1926 vim

114 1945 200 2004 ullam
213 1945 389 2005 subsistendi
403 1944 584 2020 habeantne
598 1944 636 2002 ad
648 1953 825 2004 momentum
837 1945 953 2023 quidem
965 1946 1162 2023 subsisterent,
1175 1948 1201 2004 si
1211 1947 1312 2006 eadem

112 2043 204 2100 manu,
219 2045 285 2102 quea
298 2025 364 2083 illes
377 2023 522 2099 formavit,
537 2024 674 2083 continuo
688 2043 747 2084 non
761 2024 987 2101 sustinerentur;
1010 2045 1068 2102 quo
1086 2025 1244 2103 respiciunt
1256 2025 1313 2084 ista

113 2105 217 2164 Psalm.
232 2105 290 2164 civ.
304 2107 353 2179 29,
369 2106 418 2179 30,
435 2105 452 2136 “
462 2103 597 2163 Occultas
611 2103 713 2162 faciem
724 2111 813 2180 tuam,
825 2113 1053 2180 consternantur,
1069 2103 1164 2163 aufers
1179 2105 1311 2182 spiritum

112 2203 213 2260 mrum,
230 2185 388 2261 exspirant,
404 2190 433 2242 et
446 2183 484 2242 ad
497 2183 647 2262 pulverem
658 2203 742 2244 sunm
752 2182 882 2244 redeunt.
914 2183 958 2243 At
965 2184 1056 2244 mittis
1069 2183 1207 2262 Spiritum
1218 2193 1309 2260 tuum,

112 2273 250 2340 emantur,
266 2273 296 2323 et
309 2283 432 2322 renovas
454 2262 558 2322 faciem
579 2265 693 2323 tenae.''
735 2262 822 2322 Adde
843 2263 1012 2342 quodcum
1031 2264 1164 2342 plurima
1182 2284 1220 2324 ex
1240 2264 1313 2342 ipsis

111 2363 160 2404 nec
173 2344 262 2402 mem
275 2343 461 2422 prospiciant,
476 2363 530 2402 nec
543 2343 707 2421 prospicere
721 2345 921 2421 eum-possint,
936 2353 966 2404 et
985 2353 1083 2404 nmen
1096 2345 1126 2403 iu
1145 2364 1210 2403 eum
1225 2343 1312 2404 certis

109 2423 232 2502 legibus,
247 2433 277 2483 et
299 2422 442 2482 constanti
464 2430 563 2482 tenore
584 2422 720 2498 ferantur,
736 2443 754 2482 a
768 2424 869 2484 Mente
890 2424 1030 2502 superiori
1049 2425 1178 2483 omnium
1191 2425 1313 2501 praescia

110 2557 321 2604 aabflanmnta
327 2561 353 2604 π
373 2502 489 2574 omnino
503 2501 591 2580 dirigi
604 2502 738 2563 debeant.
779 2507 808 2562 2.
822 2505 986 2564 Harmonia
1001 2513 1029 2562 et
1042 2507 1113 2564 ordo
1126 2504 1310 2580 admirabilis,

18 2607 19 2620 ³
137 2617 323 2663 offinamunua
373 2581 468 2659 quiin
482 2582 590 2640 mundo
603 2582 679 2641 inter
692 2591 744 2659 tot,
760 2591 789 2642 et
803 2583 922 2643 confirsa
935 2584 966 2642 in
979 2584 1153 2662 speciem,et
1167 2583 1223 2642 sibi
1236 2583 1311 2641 invi-

373 2681 435 2720 cem
449 2662 582 2739 opposita
595 2662 773 2738 observatur,
789 2671 818 2722 et
832 2665 894 2724 sine
909 2663 1033 2724 Rectore
1047 2672 1076 2723 et
1087 2663 1212 2723 Numine
1227 2683 1311 2740 supe·

370 2740 445 2799 riore
459 2741 521 2800 dari
534 2761 593 2800 nou
607 2748 711 2820 potest.
753 2745 782 2802 3.
802 2743 1003 2803 Prcadictioaes
1023 2752 1181 2803 eventuum
1202 2742 1312 2802 futuro·

370 2839 443 2896 rum,
459 2820 509 2880 diu
529 2829 684 2898 antequam
704 2821 861 2899 evenirent,
877 2843 942 2901 quae
965 2823 1153 2882 Providentia
1167 2821 1223 2881 Dei
1244 2823 1312 2881 sub·

107 2901 174 2978 lata,
190 2919 246 2960 nec
259 2899 323 2959 dari
335 2901 504 2978 potuissent,
520 2921 574 2960 nec
595 2901 707 2978 concipi
718 2923 726 2978 3
750 2900 807 2960 uisi
827 2903 904 2960 enim
925 2919 962 2960 ex
976 2902 1056 2960 illius
1078 2901 1252 2960 immutabili
1265 2921 1311 2960 ar·

107 2981 194 3041 bitrio
208 2979 307 3039 omnia
328 2981 556 3058 disponerentur,
571 2989 602 3040 et
621 2981 778 3055 evenirent,
793 2980 867 3040 tales
886 2979 1088 3060 praedictiones
1108 2999 1194 3038 merce
1215 2988 1313 3039 essent

372 3061 554 3138 conjecturae,
577 3069 607 3119 et
630 3058 789 3137 penderent
812 3060 843 3117 iu
863 3059 983 3119 incerto.
1024 3063 1053 3118 4.
1073 3059 1265 3136 Imperiosum
1286 3068 1314 3116 ct

371 3140 655 3216 aucupatum
669 3139 873 3198 constitutiones
886 3148 914 3197 ct
924 3140 1107 3197 revolutiones
1114 3162 1127 3211 ,·
1147 3137 1254 3214 quibus
1266 3137 1311 3195 in·

371 3219 517 3279 tercedere
532 3218 674 3278 occultam
688 3218 823 3277 Numinis
836 3217 1057 3296 providentiam,
1069 3237 1134 3296 quae
1148 3216 1312 3276 diademata

108 3299 201 3359 aufert
214 3307 245 3358 et
259 3297 370 3358 confert
383 3298 421 3357 ad
432 3298 566 3374 lubitum,
582 3317 647 3375 qus
660 3297 768 3358 attollit
782 3307 811 3358 ct
824 3297 968 3376 deprimit,
984 3317 1049 3376 quae
1064 3297 1162 3376 Reges
1175 3296 1312 3358 transfert

108 3388 136 3438 ct
149 3378 310 3454 constituit,
326 3387 355 3437 et
368 3386 462 3438 mutat
481 3386 539 3438 tem
578 3397 611 3436 ra
624 3386 655 3437 et
673 3385 868 3455 tempestates,
883 3376 968 3437 lateri
989 3385 1133 3456 coguntur
1146 3377 1232 3436 etism
1246 3397 1311 3456 pes·

108 3459 183 3519 simi.
227 3457 314 3518 Unde
328 3457 405 3516 enim
418 3458 460 3533 fit,
475 3397 578 3535 quod)O
568 3457 694 3535 Imperia
707 3457 855 3536 erigantur
867 3458 899 3524 in
912 3458 1029 3535 mundo,
1043 3457 1121 3537 quod
1135 3466 1230 3518 erecta
1243 3477 1312 3517 con·

108 3545 269 3612 serventur,
284 3537 364 3614 qnod
378 3538 498 3614 Legum,
515 3537 688 3614 Ordinisque
702 3537 813 3615 politici
826 3538 900 3599 ratio
919 3539 1098 3614 observetur,
1112 3557 1167 3598 nec
1181 3538 1311 3598 Mundus

107 3618 136 3675 in
149 3617 336 3677 latrocinium
350 3617 443 3693 abest,
459 3636 524 3676 cum
538 3617 631 3695 major
643 3636 757 3695 semper
769 3618 808 3678 sit
820 3618 977 3678 multitudo
994 3619 1144 3695 malorum,
1159 3618 1210 3695 qui
1230 3617 1312 3694 leges

107 3697 239 3757 sublatas
252 3697 371 3771 vellent,
386 3715 473 3774 quarn
487 3696 636 3772 bonorum,
649 3697 699 3775 qui
712 3715 762 3756 eas
771 3701 913 3758 tuentur?
945 3699 1020 3758 Sane
1030 3699 1093 3756 haec
1106 3715 1165 3756 nou
1175 3697 1238 3756 aine
1247 3697 1312 3754 Dec

106 3776 170 3836 fieri
183 3775 330 3836 censenda
344 3785 419 3850 sunt,
434 3795 488 3834 nec
502 3775 539 3834 ab
552 3776 609 3834 alio
623 3775 709 3853 dirigi
722 3786 853 3854 possunt,
864 3795 952 3854 quam
963 3777 999 3836 ab
1009 3797 1053 3852 eo,
1062 3777 1122 3834 Per
1130 3795 1211 3851 quern
1220 3776 1312 3851 Repes

106 3876 232 3932 rapuere
244 3855 388 3931 dicuntur,
405 3855 543 3914 Proverb.
557 3855 619 3914 viii.
635 3858 682 3931 15,
697 3856 747 3933 qui
768 3855 933 3914 dominatur
945 3855 976 3914 in
995 3874 1087 3931 reguo
1102 3854 1260 3928 hominum,
1282 3861 1313 3913 et

107 3989 131 4035 a
142 3988 224 4035 &aas
240 3991 255 4002 ,,
310 3989 326 4034 J
372 3934 420 3994 cui
432 3934 558 3994 voluerit
572 3934 623 3993 dat
635 3933 717 4010 illud,
734 3933 809 3992 Dan.
824 3935 864 3992 iv.
879 3937 928 3993 32.
970 3935 998 3992 5.
1019 3934 1162 4011 Borcficia
1175 3931 1224 3990 vel
1230 3933 1310 4009 judi·

190 3993 301 4093 dirisi&
327 4003 352 4034 '¹'
373 4015 418 4072 cia
432 4013 668 4089 extraordinaris,
684 4030 749 4089 quae
764 4013 844 4072 Deus
858 4011 989 4088 effundit,
1003 4011 1052 4070 vel
1065 4013 1096 4069 in
1109 4012 1210 4086 bonos,
1221 4011 1270 4071 vel
1280 4011 1312 4070 in

371 4093 472 4169 malos,
487 4101 592 4170 praeter
604 4098 634 4152 et
647 4111 734 4170 supra
748 4111 862 4151 onmem
874 4109 970 4150 rerum
983 4091 1182 4165 humanarum,
1197 4091 1246 4149 val
1266 4111 1311 4148 cr·

370 4172 476 4248 dinem
491 4173 571 4232 vela
591 4179 731 4249 paratum.
774 4175 802 4231 6.
819 4170 999 4231 Conscientiae
1012 4189 1114 4245 scum,
1125 4175 1221 4249 βςηιῒς
1234 4169 1311 4229 enim

371 4251 469 4312 iram
482 4253 494 4315 i
509 4277 569 4310 eom
616 4279 636 4317 ις
651 4255 720 4317 θῶς.
770 4251 845 4310 Nam
868 4250 893 4310 ai
914 4249 994 4308 nulla
1015 4249 1101 4308 dstru
1115 4249 1311 4325 Providentia,

109 2793 129 2842 a
139 2795 351 2842 Prredictionibus.

108 3113 129 3162 7.
144 3115 306 3171 Impericrum
316 3127 351 3159 re-

142 3173 318 3220 volutionibus.

107 4221 130 4270 9.
144 4223 310 4271 Conscientia.

108 4329 160 4388 sed
173 4329 273 4388 omnia
286 4349 355 4390 casu
369 4342 400 4391 et
413 4331 528 4391 senuna
541 4332 713 4409 diriguntur,
730 4331 789 4390 Gur
808 4329 984 4390 conscientia
1004 4337 1122 4388 accusat
1141 4337 1172 4390 et
1192 4337 1313 4388 excusat
1405 4367 1408 4372 ·

106 4409 249 4483 homines,
265 4409 390 4470 Roman.
404 4411 435 4470 ii.
452 4413 513 4470 15?
542 4413 601 4471 Cur
622 4410 747 4490 trepidat
760 4410 798 4470 ad
818 4409 959 4470 scelerum
978 4409 1154 4485 memoriam,
1170 4416 1199 4468 et
1208 4407 1314 4486 judicii

107 4492 251 4548 sensum?
281 4489 340 4549 Cur
363 4491 444 4568 impii
466 4491 549 4550 malas
572 4511 631 4550 auae
654 4489 836 4551 conscientiae
849 4489 933 4550 iuriis
956 4489 1023 4565 acti,
1036 4491 1080 4549 ad
1090 4489 1185 4548 omnio
1190 4491 1314 4566 sulpura

101 4571 223 4646 maest,
235 4569 332 4636 Quam
346 4578 426 4630 want
437 4571 580 4631 autimas
588 4571 685 4648 primo
693 4589 801 4649 quoquc
813 4587 958 4631 ammaus
968 4571 1036 4644 ccli,
1047 4568 1131 4631 nteit
1141 4569 1315 4630 Juvenalis?

108 4649 166 4708 Cur
179 4645 268 4708 testis
281 4648 340 4725 ille,
355 4657 385 4708 et
398 4650 421 4710 J
421 4649 500 4710 udex
514 4650 702 4710 inexorabilis
714 4650 831 4729 penitus
843 4647 943 4711 excuti
955 4649 1065 4729 nequit,
1079 4648 1150 4727 quin
1163 4667 1255 4726 usque
1269 4669 1314 4708 re·
