3158 5180
104 358 225 410 onarer.
241 338 325 419 vim]
405 340 411 350 '
607 357 646 396 us
661 357 837 398 cnsnrroue.
1259 347 1316 403 407

104 499 215 578 sagire,
231 519 296 576 quae
310 517 366 556 nec
380 517 419 571 err
433 496 530 556 Astus
544 496 660 574 habent,
676 517 729 556 nec
743 497 849 556 habere
864 504 1004 574 possunt;
1027 499 1085 557 Vel
1106 500 1319 562 consulentium

104 579 284 653 credulitati,
300 576 436 636 fortuitos
451 595 534 636 casus
549 597 625 653 saepe
639 578 670 635 in
684 578 725 635 rei
744 576 889 654 praedicte
910 577 1153 654 complementum
1173 581 1318 659 vertenti;

105 661 169 718 Vel
185 657 336 717 Daemonis
351 677 454 735 operae,
469 677 508 714 cx
522 657 605 734 cujus
619 657 806 734 inspiratione
820 657 911 715 multa
922 657 1193 750 antecapiuntquae
1206 661 1257 720 ille
1272 663 1320 721 vel

104 759 204 818 praese
228 739 250 796 't
264 746 293 795 et
308 737 427 814 conjicit
440 735 635 813 probabiliter,
651 735 700 793 rel
714 745 860 814 comperta
883 736 979 812 habet,
1004 755 1066 796 slve
1089 758 1141 815 per
1165 741 1319 802 revelatio-

105 840 179 878 nem
195 760 334 895 dgibiriam,
352 817 414 875 sive
428 835 480 892 per
493 815 688 892 cognitionem
702 815 956 893 experimeutelem
971 824 1015 875 tot
1028 817 1151 876 millium
1170 839 1319 897 annorum,

107 901 178 958 sive
191 918 244 976 per
259 916 400 956 summam
414 896 620 973 pernicitatem,
637 895 720 972 cujus
733 894 873 954 beneficio
883 904 979 972 potest
992 895 1023 954 in
1037 897 1235 958 remotissimis
1249 900 1321 960 locis

107 979 200 1050 facta,
216 976 287 1034 alibi
302 976 400 1036 statim
414 974 591 1052 renunciare,
608 983 638 1034 et
651 995 766 1033 omnem
780 993 928 1034 cursorum
940 975 1115 1035 celeritatem
1126 983 1321 1056 antevertere;

107 1058 172 1117 Vel
183 1057 309 1134 denique
324 1055 437 1114 occulto
451 1057 481 1114 ct
491 1053 656 1132 justissimo
672 1055 728 1114 Dei
742 1055 765 1114 J
766 1055 870 1131 udicio,
886 1055 936 1133 qui
950 1056 1007 1114 isto
1025 1056 1151 1115 ludibrio
1166 1075 1256 1118 vanas
1270 1059 1322 1118 he-

106 1138 226 1196 minum
241 1143 354 1194 mentes
369 1155 444 1212 saepe
458 1134 591 1212 castigat,
607 1134 762 1193 efficaciam
778 1135 884 1194 erroris
898 1135 1039 1194 mittendo
1053 1135 1112 1195 illis
1126 1137 1176 1215 qui
1201 1138 1323 1198 creduut

108 1216 277 1292 mendacio,
300 1223 333 1275 ut
357 1215 450 1291 magis
475 1213 663 1292 decipiantur,
688 1216 738 1292 qui
765 1215 823 1274 illis
852 1215 963 1274 entibus
991 1215 1113 1275 credunt
1139 1225 1169 1276 ct
1197 1218 1323 1278 student.

108 1301 141 1356 5.
169 1295 396 1354 Praedictionum
410 1294 517 1352 veritas
531 1313 589 1351 non
604 1294 699 1353 statim
715 1303 806 1354 artem
825 1295 985 1372 legitimam
1006 1302 1036 1354 et
1056 1297 1235 1374 probandam
1257 1297 1332 1358 esse

109 1376 235 1451 evincit,
251 1375 299 1433 vel
314 1373 506 1433 consulendos
523 1393 586 1432 csse
600 1394 659 1444 eos,
683 1375 734 1452 qui
754 1395 818 1433 eam
837 1375 1026 1452 profitentur:
1049 1376 1123 1435 Nam
1141 1391 1214 1436 'vera
1236 1377 1323 1437 etiam

111 1455 293 1536 quandoque
307 1453 443 1532 predixit
458 1452 607 1528 Diabolus,
625 1451 670 1530 (ut
692 1453 817 1531 Spiritus
837 1453 887 1512 ille
910 1455 1053 1514 Samuelis
1074 1457 1199 1534 speciem
1219 1456 1322 1516 menti·

113 1545 176 1610 tus,
192 1555 280 1612 quem
294 1531 472 1609 Pythonissa
485 1533 516 1590 in
530 1531 652 1610 gratiam
668 1532 764 1592 Saulis
778 1555 816 1592 ex
830 1533 929 1592 inferis
943 1533 1084 1610 evocavit,
1098 1539 1112 1598 1
1126 1535 1202 1595 Sam.
1218 1537 1322 1596 xxviii.

114 1613 245 1692 15,1s‚)
269 1632 355 1692 quern
377 1621 527 1690 propterca
541 1612 748 1671 consulendum
768 1633 853 1672 nemo
874 1612 989 1672 dixerit.
1032 1613 1097 1672 Imc
1112 1615 1193 1676 Dens
1214 1615 1324 1677 diserte

114 1703 201 1753 vetat
216 1693 303 1752 Dent.
319 1691 381 1750 xiii.
399 1695 424 1768 1,
440 1691 539 1750 audire
554 1691 658 1750 salsum
680 1691 853 1769 Prophetem
875 1691 962 1750 etiem
976 1712 1046 1751 vera
1066 1694 1277 1771 praedicentem,
1301 1695 1326 1754 si

114 1774 192 1832 velit
206 1792 259 1831 nos
273 1771 311 1830 ad
325 1771 435 1830 cultum
449 1771 608 1830 alienorum
623 1772 751 1830 Deorum
765 1771 907 1830 abducere
920 1792 927 1848 ;
947 1779 980 1831 ut
994 1771 1105 1850 doceat,
1121 1775 1254 1851 quamvis
1264 1774 1332 1832 veri'

115 1852 246 1931 speciem
261 1872 302 1910 eae
317 1872 364 1912 res
377 1851 510 1928 habeant,
526 1871 591 1928 quse
606 1859 673 1910 sunt
688 1851 760 1926 Deo,
776 1851 1008 1928 ejusque.Verbo
1023 1855 1180 1930 contrariae,
1195 1872 1253 1913 non
1263 1873 1327 1916 esse

120 1931 292 2008 sequendas,
310 1931 361 1989 sed
376 1929 476 1989 sedulo
491 1931 527 1989 eb
541 1930 577 1988 iis
592 1949 654 1988 csse
669 1930 880 1989 abstinendum.
924 1931 997 1988 Cum
1011 1951 1080 2008 ergo
1095 1941 1209 1998 constet
1223 1931 1327 1991 Artem

124 2013 203 2069 hauc
217 2031 252 2070 cx
272 2011 360 2068 meris
370 2011 534 2087 praestigiis,
550 2017 579 2068 et
593 2010 759 2086 imposturis
774 2029 837 2068 esse
851 2017 1025 2083 contextam,
1041 2010 1075 2066 in.
1090 2011 1146 2070 Dei
1169 2009 1327 2069 Providen-

120 2092 201 2166 tiam,
216 2091 366 2148 hominum
380 2089 551 2165 libertatern,
569 2088 858 2167 Rerumpublicerum
872 2097 901 2148 et
921 2089 1111 2167 Imperiorum
1134 2089 1326 2166 tranquillita-

119 2180 189 2245 tem,
218 2169 459 2228 conscientiarum
487 2169 622 2247 quictem,
638 2169 782 2247 injuriam,
806 2177 836 2228 et
862 2168 1025 2246 Scripturas,
1052 2169 1178 2243 Rationi,
1207 2177 1236 2228 et
1265 2169 1325 2226 Ex-

120 2251 269 2387 pprieutiae
292 2248 473 2328 contrariam,
506 2249 608 2308 merito
629 2247 841 2327 explodendam
862 2267 934 2328 eam,
957 2257 986 2308 et
1009 2248 1244 2327 proscribendam
1266 2267 1329 2315 esst

159 2349 258 2388 cimus.

577 2567 770 2645 Qumsrro
791 2569 883 2630 u111.
941 2575 947 2584 ¹
993 2587 994 2590 κ

119 2729 172 2788 Aa
186 2729 316 2786 Adamas
331 2728 442 2802 primus
457 2729 619 2788 mortalium
623 2730 724 2804 suerit,
739 2731 787 2787 An
800 2749 866 2788 vero
880 2729 1002 2788 tornines
1016 2731 1160 2790 extiterint
1171 2741 1237 2791 cote
1251 2731 1331 2791 Ada-

164 2829 251 2882 mum,
276 2817 302 2866 et
315 2809 436 2882 Epoclra
450 2807 555 2865 conditi
570 2808 659 2884 Orbis,
683 2818 711 2866 et
731 2829 827 2866 rerum
841 2809 876 2867 ab
891 2811 1043 2867 horninibus
1065 2821 1217 2888 gestarum,
1246 2809 1334 2870 mutto

166 2887 253 2966 altius
267 2908 352 2964 qnam
367 2887 402 2944 ab
416 2887 528 2946 Artemo
541 2889 577 2946 ait
590 2887 764 2964 repetenda?
796 2889 881 2948 Prius
896 2887 1018 2966 Affirm,
1035 2889 1146 2949 Poster.
1162 2891 1247 2974 Neg,
1264 2909 1333 2948 con·

168 2976 215 3026 tra
231 2963 447 3025 Preeaclsmitas.
1226 2965 1229 2976 ¹

169 3125 195 3185 Ι.
218 3124 358 3199 Quamvis
373 3133 565 3184 commentum
581 3124 839 3199 Prseadamiticum,
855 3125 896 3183 ita
909 3145 965 3204 per
975 3143 1005 3183 se
1020 3125 1177 3183 absurdum
1191 3126 1238 3202 sit,
1255 3135 1284 3184 et
1299 3127 1335 3185 ab

127 3204 210 3264 omni
223 3204 343 3280 ratione,
359 3223 417 3260 non
430 3205 526 3262 minus
540 3225 574 3263 ac
590 3203 745 3280 Scripturas
760 3203 850 3282 ipsius
865 3204 1040 3262 revelatione
1055 3205 1189 3278 alienmn,
1211 3213 1245 3263 ut
1267 3226 1335 3263 con-

126 3291 280 3362 temptum,
296 3291 327 3342 et
342 3281 572 3360 indignationem
586 3283 714 3342 fidelium
727 3291 871 3342 mereatur
884 3283 988 3361 potius,
1010 3303 1096 3360 quam
1118 3303 1267 3360 operosam
1288 3293 1335 3343 re·'

131 3363 323 3438 lutationem3
347 3361 420 3436 Quia
440 3369 537 3421 tamen
558 3363 715 3422 novissimo
731 3362 785 3422 hoe
800 3362 905 3436 seculo,
922 3370 965 3420 tot
978 3363 1201 3441 periculosarum
1224 3363 1336 3424 novita-

130 3441 306 3516 tumferaci,
322 3441 457 3500 iuventus
472 3451 587 3500 estnon
604 3442 643 3516 ita
664 3435 849 3520 pridequui
869 3441 1037 3520 figmentum
1059 3443 1122 3520 hoc,
1139 3463 1191 3504 seu
1210 3443 1338 3509 lebulam

130 3521 243 3580 mundo
257 3520 411 3580 obtrudere
426 3541 484 3578 non
499 3521 624 3597 erubuit,
640 3530 670 3580 et
683 3521 772 3580 variis
786 3521 963 3600 argumentis
976 3523 1057 3581 illam
1071 3522 1239 3584 confirmare
1253 3544 1338 3583 cona-

130 3611 181 3661 tus
196 3609 248 3676 est,
264 3601 296 3657 iu
310 3600 531 3676 Exercitatione,
547 3610 576 3660 et
589 3601 742 3676 Systemate
758 3601 930 3679 Theoloqico,
946 3601 1024 3679 quod
1037 3603 1068 3660 iu
1091 3615 1156 3661 eum
1170 3603 1257 3661 finem
1272 3624 1338 3661 con-

133 3681 273 3754 cinnavit,
288 3680 389 3756 paucis
403 3678 531 3753 Quaestio
545 3681 602 3739 ista
616 3680 785 3758 attingenda
798 3690 850 3755 cst,
866 3690 899 3740 ut
913 3682 1068 3742 commenti
1082 3683 1166 3740 istius
1180 3701 1239 3740 non
1252 3681 1338 3741 modo

132 3761 259 3834 vanites,
274 3767 304 3818 et
318 3759 438 3834 salsitas,
456 3759 509 3818 sed
522 3769 551 3819 ct
564 3761 697 3837 impietas
712 3760 817 3819 clarius
831 3769 937 3836 pateat.

196 3833 202 3845 ’
442 3838 487 3900 11.
508 3840 635 3914 Quaestio
649 3860 720 3916 ergo
741 3840 798 3897 huc
819 3839 912 3914 redit3
935 3837 985 3898 An
1006 3837 1104 3896 Adam
1124 3837 1234 3914 primus
1255 3837 1341 3896 homo

168 3895 349 4001 Shtffifm
399 3915 485 3976 morit
499 3939 517 3976 a
531 3921 595 3978 Deo
610 3918 763 3977 conditus:
786 3916 836 3974 An
850 3937 919 3975 vero
936 3917 1053 3995 plurimi
1075 3925 1141 3974 ante
1164 3915 1259 3992 ipsum
1280 3917 1343 3993 jam

402 3997 489 4056 creati
517 3997 633 4056 suerint.
687 3997 718 4054 Is
745 3996 822 4054 enim
845 4014 910 4054 cum
933 4015 991 4072 quo
1015 4014 1091 4052 nunc
1114 3994 1235 4070 agimus,
1259 3993 1344 4072 fingit

138 4077 295 4152 Adsmum,
312 4075 396 4152 cujus
410 4079 516 4135 creatio
531 4075 653 4136 refertur
668 4075 741 4134 Gen.
757 4073 787 4132 ii.
803 4073 891 4133 luisse
905 4081 1015 4152 patrem
1030 4079 1142 4131 tantum
1161 4073 1342 4151 Judaeorum,

138 4177 196 4216 non
212 4177 282 4215 vcro
298 4155 426 4232 omnium
439 4155 597 4232 hominurn,
613 4163 642 4213 et
656 4153 801 4212 diversam
815 4151 903 4211 luisse
918 4151 981 4229 ejus
1003 4151 1202 4209 formationem
1224 4170 1242 4209 a
1266 4171 1343 4211 crea·

138 4237 217 4295 tione
231 4233 367 4308 hominis,
380 4254 444 4310 quse
459 4244 590 4294 narretur
605 4255 629 4292 c.
644 4233 673 4310 i,
689 4253 706 4291 a
720 4253 777 4311 qua
791 4231 855 4291 vult
870 4229 1001 4291 Gentiles
1016 4239 1109 4290 ortum
1129 4229 1243 4306 ducere,
1258 4230 1300 4289 ita
1313 4238 1346 4290 ut

136 4315 198 4392 jam
213 4325 281 4374 ante
297 4312 453 4389 Adamum,
468 4315 567 4374 multae
581 4312 727 4392 myriades
740 4311 889 4370 hominum
903 4318 1008 4369 terram
1022 4309 1190 4383 incolerent,
1206 4317 1236 4368 et
1256 4309 1344 4368 inter-

140 4395 250 4454 stitium
267 4393 305 4452 sit
319 4393 475 4451 multorum
491 4395 652 4454 seculorum
666 4393 742 4452 inter
756 4389 912 4464 Adamum,
928 4397 957 4448 et
971 4397 1090 4448 caeteros
1115 4387 1182 4446 illos
1203 4387 1345 4448 homines.

141 4473 199 4532 Sed
214 4481 355 4532 constans
369 4471 423 4530 fuit
437 4473 585 4547 hactenus,
602 4493 660 4531 uon
673 4472 760 4531 modo
780 4469 857 4549 apud
872 4467 1059 4542 Christianos,
1085 4466 1137 4527 sed
1159 4466 1248 4526 etiarn
1271 4468 1348 4546 apud

138 4553 272 4626 Judaeos,
291 4550 351 4609 imo
367 4559 395 4610 et
419 4553 498 4628 ipsos
522 4553 782 4610 Muhammcdanos
805 4549 955 4626 sententia,
981 4546 1128 4606 Adamum
1153 4547 1184 4604 in
1207 4543 1349 4688 principio

139 4633 242 4692 mundi
257 4630 408 4690 conditum
422 4651 494 4708 esse,
511 4641 540 4692 et
553 4633 677 4713 primum
690 4633 836 4692 hominem
856 4629 955 4705 fuisse,
976 4635 1087 4711 patrem
1108 4645 1168 4688 non
1187 4625 1273 4691 moto
1317 4625 1348 4687 d-
