3158 5190
247 377 303 438 122
711 390 801 433 nocue
816 391 975 434 securene.
1240 369 1367 450 [omer.
1382 389 1451 429 ιιι.

245 542 326 612 gunt,
341 531 502 606 declinent;
524 530 590 590 Non
604 537 716 590 tantum
730 530 794 608 ejus
813 533 934 590 εὐδικίαν
947 539 977 591 et
991 529 1190 608 Integritetem
1204 529 1379 602 convellere,
1394 529 1451 588 sed

246 612 455 673 Perfectiouem
469 609 555 670 etiam
569 617 598 668 et
613 609 850 686 Perspicuitatem
870 629 990 688 erguere
1009 617 1158 670 conanurr.
1200 607 1288 670 Unde
1302 609 1379 668 inter
1392 627 1451 667 nos

245 702 275 754 et
288 693 366 770 ipsos
379 690 500 768 questio
513 689 640 766 agitetur
653 688 690 748 de
703 691 877 764 Persecticne
889 691 1053 766 Soeiposrm

545 767 588 828 11.
610 767 660 826 Ad
675 767 789 828 Statum
803 769 975 844 Quaestionis
988 769 1119 842 observa,
1144 766 1372 844 retorqueri,
1396 765 1449 826 An
1574 797 1575 811 ι

289 835 469 906 Μ’Ώω·
507 847 654 924 Scriptura
667 867 702 906 ee
715 849 811 906 omnis
824 849 1054 926 contineatque
1068 847 1208 907 eOhrieto
1222 855 1252 906 et
1267 846 1384 906 Sanctis
1397 847 1448 905 vel
1574 855 1575 858 ’

318 897 401 939 mm*
504 927 582 986 dicte
606 934 673 985 sunt
694 927 741 985 vel
764 927 848 1003 fecta
871 929 920 988 vel
943 947 1007 1006 quse
1030 927 1069 986 td
1092 925 1260 1004 Nllglfflm
1285 925 1447 1002 ‘Imm'

245 1025 358 1084 cunque
371 1014 493 1082 possunt
505 1005 664 1083 pertinere:
687 1007 751 1064 Non
765 1025 905 1084 negamus
918 1009 994 1068 enirn
1007 1007 1099 1066 multe
1118 1025 1137 1066 a
1151 1004 1264 1066 Christo
1278 1004 1364 1079 lacta
1378 1024 1448 1082 quae

245 1087 353 1162 scripto
366 1105 424 1144 non
438 1093 506 1144 eunt
519 1086 687 1162 consignate
700 1106 739 1145 ex
752 1086 801 1146 Jo.
816 1107 867 1147 xx.
882 1089 930 1162 30,
945 1089 1038 1146 multe
1050 1085 1120 1146 item
1133 1104 1291 1159 occurrere,
1305 1103 1371 1161 quc
1386 1085 1446 1143 Re·

245 1165 363 1242 ligionis
377 1172 444 1224 sunt
457 1165 548 1224 veluti
560 1164 733 1242 appendices
746 1173 775 1228 et
794 1167 976 1242 admirrieule,
991 1175 1024 1226 ut
1036 1185 1102 1242 quae
1116 1173 1268 1224 versamus
1281 1164 1359 1222 eirca
1371 1162 1448 1224 risus
1575 1159 1576 1204 ³

246 1254 276 1304 et
288 1245 418 1322 politiam
433 1244 673 1320 Ecclesiastioem‚
689 1265 753 1322 quae
776 1245 924 1324 sigillatim
945 1265 1004 1306 non
1024 1243 1177 1306 nedunnu
1196 1243 1227 1302 in
1242 1243 1401 1320 Scriptus,
1417 1251 1447 1302 et

245 1325 446 1400 relinquuntur
459 1323 617 1400 prudentie
627 1323 782 1384 Rectorem
793 1325 940 1401 Ecclesiae,
951 1325 1002 1402 qui
1015 1323 1177 1402 prospicere
1191 1322 1299 1382 debent
1313 1341 1352 1380 ex
1361 1321 1446 1380 Peuli

245 1410 397 1480 precepto,
416 1405 429 1458 l
447 1402 511 1460 Gor.
526 1402 586 1461 xiv.
601 1405 649 1477 40,
664 1411 698 1462 ut
717 1405 813 1463 omnis
826 1404 961 1466 decenter
973 1404 1045 1463 fient
1064 1403 1095 1462 in
1109 1401 1258 1462 Ecclesia:
1281 1400 1341 1460 &d
1354 1400 1446 1477 quen·

246 1489 358 1540 tontum
371 1481 407 1538 de
421 1482 514 1538 Rebus
527 1482 688 1542 moraris
701 1485 743 1542 od
753 1487 878 1559 salutem,
894 1484 956 1544 sive
975 1483 1139 1560 pertinerent
1158 1479 1195 1540 ed
1209 1480 1306 1555 fidem,
1328 1480 1392 1540 sive
1406 1477 1446 1539 sd

246 1579 357 1635 mores,
379 1559 430 1617 An
443 1559 539 1618 omnis
552 1561 608 1620 'rste
620 1561 662 1620 ite
677 1559 824 1640 Scriptura
837 1563 1045 1638 contineantur,
1059 1569 1093 1620 nt
1105 1561 1197 1639 possit
1210 1579 1274 1620 esee
1295 1558 1395 1618 totalis
1416 1566 1447 1617 et

163 1695 167 1710 ,
246 1639 396 1716 adaequate
409 1638 477 1698 fidei
490 1659 658 1717 morumque
672 1643 780 1718 regule,
795 1642 875 1719 quod
888 1643 1057 1716 statuimus3
1081 1639 1252 1700 Adversarii
1264 1647 1383 1715 negant

286 1717 346 1776 111.
368 1718 434 1776 Non
448 1719 592 1793 queritur,
608 1739 644 1778 en
659 1721 755 1778 omnia
767 1721 825 1782 iste
836 1725 959 1792 adami
979 1729 1009 1780 et
1021 1718 1143 1780 totidem
1155 1718 1262 1792 verbis,
1277 1737 1331 1778 seu
1345 1717 1445 1776 imme·

209 1849 213 1852 .
245 1797 323 1856 dicte
336 1805 366 1856 et
379 1815 514 1873 expresse
528 1797 678 1858 nudentur
690 1799 721 1856 in
737 1800 903 1879 Scriptum:
926 1802 1063 1860 Eatemur
1076 1799 1153 1858 enlm
1173 1797 1265 1856 multa
1282 1817 1336 1874 per
1348 1797 1446 1872 legiti-

245 1896 321 1934 mam
335 1877 568 1953 consequentium
582 1878 654 1937 bene
669 1899 707 1937 ex
728 1879 875 1957 Scriptum
888 1879 999 1956 deduci,
1015 1887 1045 1939 et
1064 1898 1116 1956 pro
1132 1877 1188 1936 Dei
1201 1876 1291 1935 verbo
1311 1875 1447 1934 habenda
1576 1889 1577 1906 ¹

244 1975 317 2014 esse.
361 1955 427 2031 Sed,
444 1954 494 2014 An
507 1957 549 2015 ite
561 1957 760 2018 contineantur
773 1959 804 2018 in
819 1959 974 2038 Scriptura,
988 1959 1037 2016 vel
1059 1975 1195 2034 expresse
1216 1956 1246 2014 in
1268 1973 1305 2014 ea
1325 1956 1384 2014 sint
1396 1953 1446 2013 vel

244 2035 373 2112 legitime
388 2055 424 2095 ex
439 2055 473 2094 ee
487 2035 672 2112 deducentur,
688 2044 721 2098 ut
743 2038 823 2098 nullo
839 2039 897 2098 elio
917 2037 985 2098 fidei
1005 2035 1146 2116 principio
1165 2033 1279 2115 «lump
1300 2053 1375 2110 opus
1396 2033 1446 2108 sit,

245 2115 323 2174 unde
336 2136 401 2193 quse
416 2115 577 2192 Religionis
591 2124 621 2175 et
634 2116 736 2176 salutis
750 2127 818 2178 snut
831 2125 929 2196 petere
942 2123 1081 2194 oporteat,

286 2195 341 2253 1v.
364 2195 429 2254 Non
443 2195 581 2271 quaeritur
594 2194 630 2253 de
644 2197 818 2269 Perseotr'oaa
831 2197 966 2256 mesico
986 2215 1036 2254 seu
1050 2193 1307 2272 qualitatemque
1328 2192 1359 2249 in
1372 2191 1447 2268 dog-

244 2283 355 2364 matum
369 2281 399 2331 et
411 2281 619 2348 preceptorum
633 2275 779 2366 exquisite
791 2277 921 2350 veritate,
937 2284 968 2335 et
988 2273 1075 2334 modo
1094 2291 1135 2366 es,
1148 2270 1282 2366 cedendi
1295 2270 1446 2363 perlectis-

244 2351 574 2488 ilffieldmlluliceiii
586 2350 1335 2512 ildffdrulmmwrlmmwlqffifflduffeli
1346 2369 1449 2488 <iffi

243 2507 289 2582 rit,
306 2507 368 2566 Iste
380 2505 410 2565 in
424 2515 485 2566 toto
499 2526 616 2584 corpore
631 2509 814 2585 conspicitur.

283 2586 322 2646 V.
345 2586 411 2644 Nou
424 2585 569 2662 queritur,
585 2586 635 2644 An
655 2588 792 2664 perfectio
816 2589 971 2668 Scriptum
993 2590 1094 2650 eedem
1116 2607 1228 2664 semper
1249 2586 1337 2646 luerit
1350 2587 1448 2664 quosd

244 2664 374 2741 gradum.
418 2665 556 2723 Fetemur
569 2665 646 2724 enim
659 2685 712 2744 pro
725 2669 814 2728 veriis
828 2670 962 2730 aetetibus
977 2669 1116 2728 Ecclesiae
1130 2667 1238 2728 variem
1253 2667 1342 2724 etiem
1357 2665 1448 2728 fuisse

243 2744 308 2820 ejus
329 2742 543 2819 revelationem,
558 2745 600 2804 its
613 2753 645 2804 ut
659 2757 804 2808 crescente
819 2749 953 2808 Ecclesia
972 2748 1096 2808 creverit
1115 2747 1202 2808 etiem
1222 2744 1373 2822 revelatio,
1388 2765 1448 2804 non

242 2822 470 2962 ,pawn
480 2824 679 2962 iiiifflm
699 2845 794 2886 “mm
815 2827 1111 2966 essemque
1132 2845 1244 2964 “im
1264 2825 1461 2964 iddiffi

246 2981 313 3058 Sed,
329 2981 379 3040 An
392 2983 433 3076 ita
445 2921 531 3060 plene
541 2983 579 3042 sit
592 2925 729 3060 hodidlrll
743 2924 1306 3062 effiomrredliionddellpilelrliso
1317 2983 1357 3044 sit
1370 2947 1447 3043 edes:

243 3062 594 3220 quillfidleolnnlqllellitlrl?
608 3065 781 3205 lingulldllue
802 3163 928 3221 unquam
948 3145 1031 3204 locus
1050 3143 1081 3202 in
1097 3141 1230 3204 Ecclesia
1243 3140 1330 3201 fuerit
1345 3139 1447 3200 Tradi-

245 3220 373 3281 tiouibus
386 3221 522 3300 ὶῃίφιις.
565 3222 703 3282 Fetemur
724 3224 801 3282 enim
827 3225 922 3282 Deum
946 3221 1101 3300 aliquando
1115 3221 1204 3282 verbo
1218 3227 1329 3301 ὣγςιφᾳ
1344 3221 1446 3280 Eccle-

245 3299 317 3356 siam
340 3299 481 3376 docuisse,
504 3310 538 3359 ut
561 3309 628 3360 ente
651 3303 773 3362 Morem.
816 3303 883 3376 Sed,
907 3301 956 3360 An
978 3302 1148 3377 consignato
1172 3301 1262 3360 semel
1290 3300 1447 3377 Scriptura

246 3377 370 3452 Conone,
392 3378 497 3437 dentm
510 3379 642 3455 quaedem
656 3381 838 3442 l'reditiones
851 3381 964 3464 ἔγςιφιι
978 3401 1040 3458 prere
1051 3381 1122 3455 pori
1130 3381 1243 3456 pretatis
1257 3381 1364 3454 affecta
1377 3379 1445 3438 rcci-

242 3455 354 3527 picndoe
366 3457 422 3514 sint
434 3475 496 3514 cum
508 3458 659 3532 Scriptura
669 3482 681 3531 ;
702 3461 781 3537 quod
795 3461 939 3520 Pontifieii
952 3461 1063 3536 volunt,
1079 3460 1140 3518 Nos
1154 3477 1304 3538 negemus.

286 3532 360 3591 VII.
381 3533 448 3593 Non
461 3535 607 3612 queritur,
629 3537 680 3596 An
693 3557 793 3600 omnes
814 3541 930 3600 omnino
950 3539 1132 3600 l'raditionee
1153 3538 1212 3599 sint
1231 3537 1367 3596 absolute
1380 3536 1445 3614 reji-

246 3609 373 3672 ciendae:
396 3612 471 3672 Nem
492 3615 676 3674 concedimus
700 3635 785 3693 posse
807 3619 869 3678 deri
895 3619 1073 3680 traditione
1094 3617 1329 3694 moerorque
1350 3635 1446 3676 rerum

246 3699 392 3767 gestemm
405 3691 580 3752 mentionem
594 3695 749 3773 continent,
767 3699 944 3760 traditona
956 3699 1073 3758 rituales
1086 3717 1151 3774 que
1171 3695 1208 3756 de
1221 3696 1327 3756 ritibus
1348 3703 1380 3755 et
1393 3715 1446 3754 css·

246 3771 382 3831 remoniis
395 3771 494 3832 libere
506 3772 715 3836 observationis
736 3787 835 3854 egunt
879 3777 937 3838 Sed
950 3777 1047 3854 egitur
1059 3785 1172 3836 tentum
1185 3775 1222 3834 de
1238 3775 1448 3834 nassonem

247 3852 422 3926 Dopmatics's
443 3859 473 3911 et
494 3853 610 3928 Ellticis,
633 3853 673 3914 id.
692 3874 757 3933 quae
779 3858 828 3915 vel
840 3856 927 3916 fidem
943 3857 993 3915 vel
1013 3875 1108 3915 mores
1122 3863 1261 3932 spectent,
1277 3874 1352 3930 quae
1365 3863 1448 3914 extra

249 3929 425 4008 Scriptorum
438 3931 501 3990 deri
514 3951 663 4010 negemus.

287 4009 378 4069 VIII.
400 4011 466 4070 Non
480 4012 625 4089 queritur,
641 4012 691 4071 An
704 4012 889 4074 admittendae
909 4013 968 4073 sint
980 4011 1162 4072 'l'raditionee
1177 4011 1293 4071 Divina
1306 4019 1338 4071 et
1351 4011 1448 4089 Apoe-

155 4103 159 4110 ·
247 4087 350 4165 toliere,
366 4090 405 4148 id.
420 4109 456 4150 ee
468 4091 565 4149 omnic
577 4090 715 4169 dogmate
735 4111 801 4170 qnae
813 4093 862 4152 vel
883 4111 901 4150 s
915 4093 1030 4152 Christo
1053 4093 1103 4152 vel
1123 4092 1161 4150 ab
1175 4091 1328 4167 Apostolie
1342 4090 1450 4150 nediu

247 4175 323 4241 sunt,
339 4169 394 4228 hoc
408 4171 485 4228 enim
497 4170 693 4230 secileomnes
713 4171 891 4246 concedunt3
916 4171 974 4231 Sed
994 4191 1031 4229 an
1052 4170 1156 4230 dentur
1175 4171 1243 4230 ullae
1264 4167 1449 4228 'l‘reditiones

247 4243 322 4302 tales
341 4255 445 4321 prester
460 4250 645 4326 Scripturem.
688 4251 788 4310 Donec
802 4269 872 4328 ergo
885 4249 1057 4309 Adverserii
1077 4269 1144 4308 sues
1159 4248 1342 4307 'Ireditiones
1362 4249 1448 4328 ‹lygd-

248 4331 308 4387 coe
319 4333 398 4383 certo
411 4337 581 4420 argumento
594 4329 717 4422 probent
729 4351 747 4388 a
761 4329 875 4390 Christo
889 4338 919 4389 et
933 4329 1084 4422 Apostplis
1097 4347 1198 4387 revere
1212 4347 1354 4404 mansere,
1370 4327 1449 4404 quod

249 4403 987 4565 fluppgfflglfgcsttppreprgteganrgsspffltlslouffss
995 4427 1210 4548 rilmeuslllltiircat
1229 4485 1366 4564 perfecte,
1388 4503 1447 4543 non

248 4569 344 4640 omma
357 4554 496 4650 absolute,
520 4563 572 4622 sed
593 4568 755 4626 necessaria
777 4567 814 4626 ed
836 4567 966 4642 salutem,
982 4587 1040 4626 non
1054 4585 1190 4645 expresse
1204 4575 1235 4625 et
1247 4565 1369 4626 totidem
1383 4584 1448 4623 ver-

247 4627 301 4702 bm,
320 4631 371 4690 aad
392 4641 607 4714 sequrpollenter
620 4646 669 4703 vel
682 4667 733 4724 per
746 4646 905 4723 legitimam
926 4647 1168 4724 consequentiam,
1190 4653 1223 4712 ut
1236 4645 1309 4704 nihil
1324 4663 1398 4721 opus
1411 4643 1450 4702 sit
