3158 5180
154 347 267 396 osser.
283 325 388 408 xviia]
589 345 628 385 us
643 345 935 390 macerrimum.
1216 331 1221 336 ’
1305 339 1364 396 381

155 489 195 548 Ιιι
210 487 261 548 illo
276 487 359 546 Deus
373 484 534 563 concipitur
552 485 644 564 primo
668 486 813 565 cogitasse
834 488 871 548 de
892 488 1104 549 manifestanda
1125 491 1220 584 gloria
1244 511 1297 552 sua
1314 513 1368 572 per

155 568 285 628 hominis
300 565 491 641 Creatiouem,
507 564 611 624 deinde
624 565 788 644 perlapsus
801 569 1037 646 permissionem
1060 571 1096 628 In
1123 580 1181 631 reto
1205 574 1368 652 concipitur

155 649 252 728 primo
265 647 412 724 cogitasse
423 645 459 706 de
473 645 683 705 manifestanda
695 646 800 725 ,gloria
821 665 873 707 sua
894 649 927 707 in
948 649 1087 710 exercitio
1109 651 1313 712 misericordiae
1337 663 1368 714 et

154 727 290 808 justitiae,
305 745 358 804 per
371 725 576 784 nonnullorum
590 726 769 802 electionem,
785 735 815 786 et
828 727 950 788 aliorum
968 730 1217 808 reprobationem
1239 741 1367 810 poetmo·

156 809 230 868 dum
244 806 400 867 demediis
414 804 552 864 adfinem
566 805 654 864 istum
669 806 857 867 obtinendum
878 809 1058 869 necessariis.
1102 809 1145 872 Ut
1168 821 1265 870 autem
1289 815 1369 872 salus

155 896 257 967 potest
270 885 448 946 considerari
462 885 516 944 sub
530 885 636 961 triplici
650 887 741 962 σχίσιι,
763 887 813 946 vel
825 888 936 948 ratione
958 891 1157 965 destinationis,
1173 891 1222 950 vel
1246 893 1367 970 acquiri·

157 969 253 1044 aava,
267 965 318 1025 vel
331 964 529 1042 applicationis
536 987 549 1038 ,·
571 965 623 1024 Ita'
636 967 743 1044 triplex
757 967 918 1046 concipitur
930 969 1007 1028 circa
1025 989 1089 1029 eam
1114 970 1279 1047 decretum;
1303 972 1367 1030 Pri-

156 1045 1371 1208 ttutltttbttltllatdtt‘lttlttttilbeth

164 1209 356 1268 Vocatioacsn.
399 1205 447 1265 Ita
459 1205 620 1282 concipitur
633 1205 723 1282 Deus,
738 1207 789 1284 qui
798 1171 898 1267 ’motus
911 1211 1086 1289 edanensis
1098 1218 1129 1270 et
1152 1211 1281 1270 bonitate
1305 1153 1367 1287 she,

158 1289 299 1347 misertus
313 1287 352 1346 sit
366 1285 488 1344 Generis
501 1285 622 1344 humani
645 1285 729 1364 lapsi,
754 1295 787 1346 ut
809 1286 878 1346 licet
899 1297 999 1366 posset
1017 1291 1180 1367 justissime
1200 1291 1370 1352 universum

158 1367 285 1447 perdere
299 1373 416 1444 propter
428 1371 587 1442 peccatum,
602 1366 728 1425 noluerit
748 1375 846 1426 tamen
870 1367 1001 1428 funditus
1023 1370 1159 1448 interire,
1182 1369 1234 1429 ssd
1258 1379 1370 1430 certum

159 1457 193 1508 et
206 1445 358 1506 delinitum
371 1445 521 1503 homiuum
534 1464 696 1520 numerum,
707 1446 738 1504 in
752 1447 898 1506 communi
912 1467 995 1510 cornu
1015 1450 1104 1510 tionis
1116 1469 1213 1510 massa
1233 1469 1299 1512 cum
1314 1471 1369 1510 css·

159 1527 235 1588 teris
251 1524 421 1604 jacentium,
437 1525 572 1601 selegerit
589 1543 649 1603 pra
671 1525 736 1585 aliis
758 1527 796 1585 sd
818 1528 961 1604 salutsm3
983 1469 1059 1604 gria
1081 1549 1152 1589 vero
1175 1549 1234 1588 non
1256 1539 1371 1608 poterat

160 1625 264 1668 eorum
278 1605 408 1664 misereri
422 1605 504 1663 salva
514 1604 629 1683 justitia
643 1625 703 1681 sua,
718 1606 775 1666 ulei
789 1607 869 1684 prius
883 1607 1062 1668 satisfactum
1076 1618 1154 1669 esset
1167 1610 1223 1688 ipsi
1236 1630 1289 1689 pro
1303 1631 1370 1687 pec·

161 1697 247 1781 cat03
271 1685 552 1779 IdeoChristumin
578 1683 778 1778 Mediatorem,
801 1686 924 1782 Vadem,
947 1693 977 1747 et
999 1689 1094 1766 Caput
1114 1690 1185 1766 ipsis
1209 1689 1370 1767 destinarit,

162 1766 380 1923 13ιὲξῖῗέ
379 1763 938 1922 §.tttffltttfffllttttlt
951 1769 1373 1927 detestemur:

167 1927 237 2004 quia
245 1926 351 1985 frustm
365 1925 506 2002 acquisita
514 1924 617 1984 fuisset
625 1923 704 1984 salus
715 1925 823 2000 electis,
834 1926 891 1985 nisi
901 1927 972 2004 ipsis
983 1928 1176 2005 applicaretur
1186 1951 1194 2004 3
1211 1928 1325 1988 Idcirco
1334 1929 1372 1986 ad

168 2006 312 2065 Christum
326 2005 406 2083 ipsos
420 2003 574 2064 efficaciter
586 2024 692 2064 vocure
706 2005 888 2065 constituerit
897 2025 950 2084 per
964 2007 1120 2086 Evangelii
1128 2008 1371 2086 predicationem,

165 2095 197 2145 et
211 2086 336 2164 Spiritus
349 2085 448 2144 Sancti
461 2085 594 2162 gretiam,
609 2085 661 2162 qui
673 2082 761 2144 fidem
774 2084 806 2144 iu
828 2085 901 2162 ipsis
924 2095 1057 2164 potenter
1078 2086 1224 2165 operando
1249 2088 1372 2147 salutem

164 2165 337 2244 acquisitam
348 2165 452 2224 merito
466 2165 582 2240 ChrIsti,
598 2163 725 2224 efficacis
739 2183 792 2224 sue
805 2165 995 2226 infallibiliter
1008 2167 1167 2245 applicaret
1176 2175 1206 2227 et
1219 2166 1373 2228 conferret.

207 2245 321 2306 XXII.
342 2245 438 2305 Juxta
459 2245 536 2304 hunc
551 2244 690 2320 ordinem,
705 2246 834 2304 Primum
849 2246 1005 2306 Decretum
1018 2246 1104 2306 nobis
1122 2255 1167 2306 est
1189 2247 1225 2306 de
1248 2247 1373 2307 creando

163 2325 292 2385 homine.
333 2327 500 2400 Βασιιπᾱιιηι,
516 2323 553 2384 de
568 2324 761 2402 permittendo
786 2326 849 2403 ejus
873 2325 965 2405 lapsu,
985 2345 1043 2403 quo
1058 2345 1156 2386 secum
1177 2328 1319 2404 pertraxit
1341 2327 1373 2386 in

163 2407 280 2465 minam
294 2413 323 2464 et
336 2405 458 2464 exitians
472 2412 563 2464 totam
581 2424 663 2464 suam
684 2405 891 2484 posteritatem.
935 2407 1068 2483 Tatium,
1089 2407 1127 2466 de
1147 2406 1321 2486 quibusdam
1336 2427 1374 2466 ex

164 2486 294 2546 humano
308 2503 414 2564 genere
427 2485 509 2562 lapso
523 2485 561 2543 ad
575 2485 697 2544 salutem
712 2484 864 2563 eligendis,
879 2493 909 2545 et
922 2485 996 2562 aliis,
1012 2487 1043 2546 in
1062 2487 1163 2547 nativa
1183 2506 1236 2547 sua
1256 2505 1372 2565 corrup·

164 2567 247 2625 tione
257 2576 287 2625 et
300 2565 416 2624 miseria
428 2564 635 2643 relinquendis.
679 2566 829 2641 Quartam,
845 2565 882 2625 de
897 2566 1013 2626 Christo
1026 2567 1057 2626 iu
1067 2566 1207 2627 mundum
1220 2566 1371 2644 mittendo,

164 2653 200 2706 ut
215 2644 378 2705 Mediatore
391 2653 421 2704 ct
434 2644 518 2703 Vade
534 2645 708 2720 Electornm,
724 2646 775 2723 qui
788 2645 901 2724 placata
913 2665 966 2724 per
989 2647 1184 2708 obedientiam
1202 2667 1284 2707 suam
1308 2667 1373 2724 per-

165 2725 354 2786 fectissimam
370 2725 426 2784 Dei
436 2725 560 2803 justitia,
576 2725 646 2784 solis
659 2725 730 2802 ipsis
743 2725 859 2804 plenam
873 2726 996 2786 salutem
1010 2727 1185 2804 impetraret.
1229 2728 1372 2803 Quintunr,

165 2806 206 2864 de
219 2805 279 2864 illis
292 2804 446 2864 efficaciter
458 2823 511 2882 per
525 2805 679 2882 Evangelii
692 2806 876 2883 preconium,
892 2815 922 2866 et
937 2807 1062 2884 Spiritus
1077 2807 1108 2866 S.
1130 2807 1254 2884 gratiam
1266 2825 1375 2866 vocau-

165 2886 224 2960 dis,
238 2883 296 2944 fidc
311 2884 461 2961 donandis,
474 2884 568 2962 justifi
625 2884 678 2961 dis,
694 2885 917 2962 sanctificandis,
933 2895 962 2945 et
975 2887 1093 2946 tandem
1107 2887 1313 2964 glorificandis.

210 2965 342 3024 XXIII.
364 2965 453 3024 Hunc
466 2984 537 3024 vero
551 2905 681 3024 affinem
695 2965 960 3024 commodissimum
974 2984 1037 3024 esse
1050 2967 1107 3025 tria
1124 2967 1268 3044 precipue
1292 2967 1374 3024 evin·

168 3053 250 3106 cunt.
281 3048 307 3104 l.
322 3045 494 3121 Certatum:
514 3064 579 3122 quas
594 3043 766 3104 Missionem
780 3045 898 3120 Christi,
912 3053 943 3104 et
957 3045 1196 3122 Redemptionem
1210 3047 1275 3123 ejus
1289 3045 1374 3104 Elec·

167 3126 242 3186 tioni
253 3125 430 3200 subordInat,
444 3125 520 3203 Eph.
535 3125 555 3183 i.
569 3127 598 3199 3,
613 3128 641 3199 4,
657 3129 685 3200 7,
702 3125 787 3184 Rom.
801 3124 863 3185 viii.
879 3126 927 3199 49,
943 3125 1000 3201 303
1015 3124 1123 3184 Johen.
1138 3125 1180 3183 iii.
1196 3127 1242 3199 16,
1256 3131 1289 3182 et
1301 3124 1375 3182 xvii.

168 3211 198 3282 2,
214 3209 253 3283 6,
281 3209 295 3263 l
312 3205 444 3264 Thessal.
459 3226 488 3264 v.
510 3207 547 3281 93
575 3207 589 3264 l
612 3204 676 3264 Pet.
698 3205 719 3263 i.
744 3209 782 3280 23
806 3205 846 3264 Et
867 3203 944 3262 dona
966 3203 1064 3263 omnia
1087 3202 1225 3264 salutaria
1240 3203 1374 3281 Spiritus,

169 3286 258 3345 fidem
273 3285 385 3345 scilicet
398 3293 427 3344 et
440 3284 667 3363 poenitentiama
681 3284 790 3344 Christi
802 3284 905 3343 merito
920 3284 1048 3359 arcessit,
1063 3283 1135 3344 Joh.
1149 3285 1211 3344 xvi.
1227 3289 1266 3361 ⁷3
1288 3283 1375 3343 Rom.

168 3366 232 3425 viii.
247 3368 285 3425 32
299 3387 306 3441 ;
322 3365 397 3443 Eph.
411 3365 431 3423 i.
446 3367 474 3440 3,
490 3369 520 3441 4,
534 3367 572 3440 ὃς
588 3364 694 3442 Philip.
709 3365 728 3424 i.
744 3367 800 3440 se;
817 3363 894 3423 Heb.
909 3363 950 3423 ix.
972 3368 1019 3440 14,
1037 3365 1083 3424 15.
1134 3367 1162 3424 2.
1183 3367 1240 3424 Rei
1259 3373 1375 3440 catara,

169 3445 239 3525 quia
252 3445 283 3503 in
296 3445 428 3523 legitimo
442 3463 538 3504 rerum
552 3443 652 3503 ordine
666 3443 732 3505 finis
752 3444 874 3504 intentio
894 3443 1058 3523 procedere
1079 3443 1166 3505 debet
1186 3445 1378 3506 intentionem

169 3525 342 3600 mediorum,
357 3534 391 3585 ut
403 3525 434 3584 in
448 3523 618 3584 executione
632 3525 725 3603 primo
738 3524 835 3584 media
848 3524 1030 3600 adhibentur,
1053 3533 1208 3604 antequam
1228 3526 1266 3585 ad
1289 3526 1378 3585 finem

168 3605 366 3685 perveniatur.
408 3605 467 3664 Hic
480 3613 578 3664 autem
591 3603 658 3664 finis
671 3625 689 3664 a
704 3606 767 3664 Deo
781 3605 909 3665 intentus
923 3605 954 3664 in
968 3605 1074 3665 loedere
1089 3607 1198 3684 gratie,
1222 3614 1267 3666 est
1292 3607 1377 3665 Elec·

169 3694 267 3746 torum
282 3684 370 3760 salus,
385 3684 482 3743 media
494 3703 564 3743 vero
579 3682 616 3743 ad
637 3704 700 3743 eam
720 3686 930 3763 procurandam
952 3693 1019 3745 suat
1040 3686 1180 3762 Christus,
1203 3695 1232 3746 ct
1253 3686 1378 3744 Vocatio

170 3765 210 3826 ad
223 3766 319 3844 ipsum
333 3784 386 3844 per
405 3764 537 3824 Verbum
558 3771 587 3824 et
609 3764 766 3842 Spiritum:
788 3766 864 3824 Nam
884 3785 939 3825 nec
961 3765 1093 3826 Christus
1113 3766 1143 3824 in
1163 3764 1304 3824 mundum
1324 3785 1378 3824 un·

171 3865 260 3923 quam
284 3845 391 3905 nrissus
414 3844 526 3920 fuisset,
550 3843 606 3903 nisi
630 3845 724 3904 Electi
748 3844 909 3905 redimendi
932 3844 1073 3920 fuissem,
1097 3845 1158 3904 Neo
1183 3844 1377 3922 Evangelium

171 3925 360 4004 predicatum
375 3924 485 4001 fuisset,
500 3923 557 3983 nisi
568 3923 656 3983 iidem
670 3924 827 4002 colligendi
848 3924 970 3984 firisscrd
983 3924 1013 3982 in
1029 3924 1140 4002 Corpus
1155 3924 1262 3984 Christi
1276 3925 1378 4001 mysti-

174 4025 260 4065 cum:
283 4004 371 4066 Unde
386 4003 495 4064 Paulus
508 4001 616 4064 silubr
631 4003 687 4062 Dei
701 4003 789 4063 fluisse
803 4003 845 4063 ait
858 4005 888 4062 iu
907 4003 1051 4082 praeconio
1076 4003 1240 4080 Evangelii,
1263 4023 1380 4062 cervara

172 4089 315 4145 cremer
323 4105 381 4162 per
393 4085 538 4144 ebdtitiam
550 4083 773 4162 predicationis,
790 4086 806 4141 1
823 4083 888 4142 Cor.
903 4083 922 4142 i.
938 4086 994 4158 213
1019 4091 1048 4144 et
1062 4083 1137 4161 Eph.
1153 4083 1193 4142 iv.
1219 4086 1264 4160 la,
1290 4083 1378 4143 finem

172 4164 335 4240 ministerii,
350 4173 380 4224 et
393 4165 535 4224 donorum
549 4183 566 4224 a
580 4163 696 4224 Christo
711 4163 880 4222 collatorum
901 4182 960 4221 non
980 4163 1070 4222 alium
1090 4183 1154 4222 esse
1174 4163 1268 4240 docet,
1291 4183 1379 4241 quam

172 4245 439 4323 cooqvamtatioccm
452 4245 621 4305 Samwrum
634 4253 662 4303 ct
674 4243 883 4323 redaficets‘ocem
899 4243 1036 4320 empore
1051 4243 1164 4304 Circa
1200 4243 1314 4302 Idcirco
1327 4264 1378 4303 ne·

174 4345 254 4386 cesse
269 4334 322 4402 cst,
337 4334 372 4385 ut
385 4325 480 4385 Electi
490 4325 541 4404 qui
555 4325 611 4384 soli
624 4323 758 4383 salvandi
772 4332 847 4400 sunt,
863 4329 892 4383 et
906 4321 1068 4383 aedificandi
1081 4323 1111 4381 in
1121 4324 1247 4401 Corpore
1262 4324 1378 4400 Christi,

175 4405 394 4466 considerentur
407 4405 611 4466 antecedenter
624 4403 661 4464 ad
683 4403 850 4464 missionem
873 4402 989 4479 Christi,
1013 4412 1043 4464 et
1064 4403 1220 4482 Evangelii
1241 4404 1379 4482 pradica-

175 4485 292 4562 tionem,
307 4505 374 4564 quae
387 4485 418 4544 in
432 4505 531 4545 eorum
551 4484 675 4562 gratiam
695 4484 828 4544 instituta
848 4490 909 4560 est3
932 4491 1019 4562 atque
1039 4483 1081 4544 ita
1101 4483 1262 4544 vocationis
1283 4484 1380 4562 objec-

176 4573 237 4625 tum
251 4573 320 4626 suut
333 4565 427 4642 electi,
447 4585 506 4626 non
530 4564 680 4626 electionis
693 4565 798 4626 vocati.
841 4567 869 4625 3.
891 4565 1084 4625 Personarum
1102 4565 1133 4626 S.
1156 4565 1187 4625 S.
1211 4565 1326 4625 Triodb
1350 4567 1381 4625 in

176 4665 261 4724 opere
278 4645 387 4708 Salutis
405 4647 533 4726 opcrodo
552 4647 718 4707 oewconsico
728 4670 740 4722 ;
762 4645 805 4708 Ut
818 4645 895 4708 euim
915 4645 1038 4726 singule
1051 4645 1090 4707 cd
1113 4645 1187 4708 illud
1208 4656 1382 4708 concurrunt
