3044 5180
218 357 281 414 310
701 371 792 412 roem
806 368 952 420 oonnroa.
1240 344 1359 426 [coner.
1376 363 1436 407 η.

221 533 311 592 gram,
333 513 402 591 quia
418 513 480 592 jam
493 513 580 572 homo
601 520 678 573 esset
698 531 751 571 voa
771 511 809 570 ad
823 509 958 570 dedecus.
974 507 1011 567 R.
1028 505 1087 566 Sed
1106 509 1198 583 ι’τιμίι
1211 505 1259 564 hic
1278 525 1334 564 non
1351 527 1436 584 pee-

220 603 324 668 catum,
347 593 399 652 sed
438 613 552 672 posnam
572 593 684 672 peccati
704 600 794 686 notat,
822 599 855 650 ut
875 589 964 648 decus
984 587 1080 646 innuit
1098 589 1199 664 glorie
1216 604 1359 680 coronam,
1383 587 1436 644 ad

220 673 812 831 castrametarentur
820 665 1434 828 333333

220 831 284 906 Quo
298 834 423 908 pertinet
435 833 514 910 quod
529 832 638 892 Paulus
652 851 711 890 nou
725 830 795 890 dicit
809 829 845 889 de
859 829 938 887 vasis
951 828 1010 904 ires,
1031 826 1110 904 quod
1125 827 1206 886 Deus
1226 845 1262 885 ea
1274 828 1437 918 ιιιήτιςιι,

219 911 364 988 quomodo
391 911 428 972 de
455 913 535 971 vasis
562 912 662 989 gratie
690 910 769 986 dicit,
794 911 890 968 Deum
917 927 952 967 ea
978 925 1163 986 preparasse,
1190 905 1242 965 sed
1264 907 1342 982 quod
1366 917 1437 964 arnt

219 990 398 1072 ιιηῃισμίικ
419 991 632 1068 adinteritum,
647 991 717 1068 quia
736 991 816 1050 Deus
838 988 911 1047 alios
929 988 1041 1046 invenit
1061 1005 1133 1045 vasa
1148 995 1248 1064 aptata
1269 985 1308 1043 ad
1327 985 1437 1078 interi·

219 1083 281 1129 tum
296 1091 349 1130 auo
362 1073 443 1148 vitio,
459 1071 532 1130 alios
546 1069 615 1131 lacit
629 1091 700 1130 vasa
713 1070 813 1148 gratim
828 1085 881 1128 sua
898 1065 1103 1126 misericordia
1145 1069 1174 1126 3.
1197 1066 1328 1124 Massam
1341 1066 1435 1124 mtel·

219 1149 282 1228 ligi,
304 1170 363 1210 non
383 1151 503 1229 peccati,
519 1150 570 1209 sed
584 1149 638 1210 luti
659 1169 696 1210 ex
710 1169 768 1227 quo
783 1148 881 1208 Adam
894 1147 1034 1206 formatus
1047 1155 1100 1206 est.
1116 1145 1153 1206 R.
1173 1145 1233 1205 Sed
1253 1163 1435 1224 quocunqne

218 1232 379 1370 333
394 1229 867 1369 33ι
875 1225 1304 1384 3333333333·
1316 1227 1354 1364 3
1364 1225 1434 1363 n

218 1387 281 1447 luto
295 1355 417 1467 possint
434 1329 588 1468 teilapud
603 1390 698 1449 Deum
712 1409 784 1448 vasa
797 1327 999 1446 misffricordie
1020 1393 1050 1445 et
1071 1387 1140 1460 irae;
1162 1405 1217 1444 nec
1237 1385 1296 1444 alio
1316 1395 1434 1462 motat

218 1471 395 1546 comparatio
408 1469 500 1547 figuli,
516 1487 602 1548 quam
616 1467 654 1527 ed
668 1468 875 1528 ostendendam
890 1485 1032 1526 summam
1047 1465 1103 1524 Dei
1117 1464 1281 1524 libertatem
1296 1463 1326 1522 in
1342 1465 1431 1523 Elec-

218 1547 297 1607 tione
308 1557 337 1607 et
349 1549 561 1628 Reprobetione
570 1549 727 1608 hominum.
749 1552 778 1608 4.
794 1548 860 1606 Nou
873 1565 959 1624 posse
972 1545 1097 1623 intelligi
1111 1563 1237 1603 musam
1251 1553 1430 1622 corruptam,

218 1627 288 1704 quia
301 1628 343 1687 sic
356 1629 526 1688 tollerentur
545 1628 630 1687 facile
644 1646 744 1687 omues
758 1626 885 1706 scrupuli
898 1625 1038 1703 propositi
1057 1645 1075 1683 a
1090 1624 1190 1700 Paulo,
1205 1643 1235 1682 v.
1254 1627 1301 1699 14,
1325 1625 1372 1683 19.
1388 1625 1428 1684 R.

219 1704 309 1784 Neg.;
326 1707 452 1786 scrupuli
462 1709 539 1767 enirn
550 1727 663 1787 semper
675 1713 824 1767 remanent
837 1707 868 1765 in
879 1705 1028 1764 Electione
1039 1713 1069 1764 et
1080 1703 1297 1782 Reprobetione
1310 1723 1429 1782 compa-

218 1793 290 1860 rata,
311 1807 376 1846 cum
390 1787 471 1846 nulla
483 1788 557 1847 ratio
571 1787 633 1846 dari
647 1787 748 1866 possit,
768 1787 909 1846 curhunc
960 1785 1019 1844 tius
1033 1803 1119 1862 quarn
1140 1783 1224 1842 illum
1241 1783 1366 1860 elegerit
1378 1785 1430 1842 rel

218 1867 385 1943 reprobfflt,
401 1874 430 1927 et
443 1867 517 1926 nihil
530 1867 622 1946 possit
635 1868 744 1961 reponi,
760 1886 846 1944 qnam
859 1865 912 1959 illu
948 1865 1092 1958 Apostoli,
1111 1865 1182 1985 Qui:
1195 1883 1225 1922 ee
1238 1883 1257 1922 o
1270 1865 1363 1956 {ms
1379 1865 1431 1939 poi

219 1963 368 2086 m
376 1943 1430 2106 lecttrmnttttfttnfflttntnznll

219 2115 363 2184 conupta.
379 2106 416 2166 R.
426 2107 515 2184 Neg.;
530 2107 599 2184 quia
604 2109 746 2181 formatio
759 2107 815 2166 ista
828 2125 886 2164 non
894 2105 1009 2182 physice
1018 2101 1208 2198 intelligenda
1221 2111 1268 2161 est
1281 2121 1336 2180 par
1349 2121 1428 2161 crea-

218 2183 336 2260 tionem,
347 2185 398 2244 sed
412 2187 497 2244 ellico
509 2205 561 2263 per
574 2186 856 2262 praedestinationem
868 2207 875 2261 3
897 2204 955 2261 quo
967 2191 1061 2261 pecto,
1077 2193 1106 2242 et
1119 2183 1176 2260 ipsi
1189 2182 1278 2260 primi
1291 2193 1429 2260 parentes

217 2280 255 2320 ex
270 2281 366 2322 massa
379 2273 514 2341 corrupte
527 2262 644 2324 lonuari
664 2273 828 2341 potuerunt,
850 2265 993 2342 quiaque
1011 2261 1109 2321 miseri
1131 2271 1161 2321 et
1182 2271 1354 2339 peccatores
1367 2261 1430 2320 fue-

217 2349 286 2398 runt
299 2343 383 2400 electi
403 2342 441 2401 ed
462 2343 593 2417 salutern,
609 2362 666 2401 non
682 2343 799 2422 quidem
816 2344 846 2400 in
867 2363 964 2402 massa
982 2343 1093 2420 pcccati
1112 2341 1263 2418 originalis
1278 2341 1427 2420 originati‚

216 2419 296 2554 pnpod
310 2419 340 2476 in
358 2421 481 2496 posteris
495 2429 607 2480 tanturn
622 2421 730 2496 existit,
746 2422 799 2480 sed
811 2423 923 2500 peccati
937 2421 1086 2500 originalis
1099 2421 1282 2499 originantia,
1298 2440 1358 2499 quo
1372 2422 1429 2498 ipsi

259 2497 317 2556 ecti
331 2507 407 2557 sunt.

256 2575 351 2634 XIX.
373 2577 491 2652 Quarto,
506 2577 661 2638 illustratio
675 2578 775 2656 gloriae
791 2579 846 2639 Dei
859 2599 913 2658 per
931 2581 1205 2640 demonstrationem
1218 2579 1430 2639 misericordie

214 2654 245 2712 iu
259 2655 368 2730 electis,
384 2665 414 2716 et
422 2657 545 2734 justitias
559 2657 589 2714 in
603 2659 742 2736 reprobis,
758 2668 803 2719 est
812 2659 879 2718 finis
892 2660 1157 2720 Praedestinatiouis
1167 2679 1205 2718 ex
1215 2659 1324 2738 Apost
1340 2657 1428 2719 Rom

214 2732 256 2792 ix.
270 2739 318 2808 22,
335 2739 383 2795 23.
426 2736 468 2796 At
479 2737 530 2795 illa
542 2737 664 2816 requirit
677 2739 870 2799 conditionem
885 2739 996 2817 peccati
1010 2741 1040 2798 in
1054 2739 1178 2816 objecto,
1203 2739 1274 2818 quia
1288 2757 1345 2798 nec
1358 2741 1428 2798 mis-

214 2813 356 2874 ericordie
369 2817 496 2875 exerceri
511 2825 607 2894 potest
621 2818 684 2878 sine
702 2819 819 2878 miseria
828 2820 945 2898 previa,
957 2839 1011 2878 nec
1021 2819 1136 2897 justitia
1156 2819 1218 2880 aine
1233 2819 1348 2896 praevio
1360 2837 1428 2897 pec·

213 2901 288 2954 cato.
332 2895 365 2954 Si
385 2897 466 2955 Deus
487 2896 633 2956 hominem
656 2907 723 2958 ante
744 2899 857 2977 lapsum
877 2899 915 2958 ad
938 2899 1059 2976 gloriam
1083 2899 1331 2976 praedestinasset,
1354 2917 1429 2977 opus

123 2974 127 2983 '
213 2971 317 3034 fuisset
335 2976 452 3052 quidem
466 2977 605 3037 bonitatis
627 2979 775 3037 immensae
789 2977 949 3058 cujusdem,
975 2979 1028 3038 sed
1046 2997 1111 3056 quse
1134 2979 1337 3038 misericordia
1349 2989 1428 3038 recta

214 3072 272 3112 nou
285 3065 446 3130 vocaretur,
463 3075 527 3134 que
541 3076 600 3117 non
613 3065 725 3118 tantum
749 3077 809 3117 non
833 3059 962 3138 dignum,
986 3058 1038 3116 sed
1059 3059 1220 3135 indignum,
1237 3068 1267 3117 et
1282 3059 1429 3118 conflaris

213 3135 349 3195 meritum
363 3137 488 3214 respicit.
531 3137 578 3195 lta
592 3138 616 3195 si
632 3138 712 3197 Dens
725 3139 870 3198 hominem
884 3159 902 3196 a
923 3146 1041 3214 peccato
1055 3139 1133 3196 omni
1154 3137 1315 3197 immunem
1329 3157 1428 3216 repro·

213 3211 320 3289 basset,
336 3234 409 3292 opus
422 3224 500 3275 esset
513 3215 653 3277 absolute
667 3217 825 3296 potestatis,
836 3226 866 3277 et
878 3221 1095 3298 αὗταςιτιςαὶη
1111 3226 1142 3276 at
1151 3217 1275 3295 justitie
1284 3237 1361 3296 opus
1369 3237 1428 3276 non

214 3301 310 3368 esaet;
329 3296 401 3371 quia
414 3296 638 3364 misericorditer
651 3297 763 3373 liberat,
779 3306 808 3357 et
818 3299 897 3375 juste
911 3296 1029 3356 damuat
1043 3297 1089 3376 (ut
1102 3297 1144 3357 ait
1157 3297 1246 3377 Any.)
1255 3297 1426 3372 homiuem,

215 3369 296 3446 Ergo
310 3372 422 3448 lapsum
436 3383 498 3431 tum
511 3375 541 3432 iu
560 3375 718 3452 illectione,
745 3387 806 3436 tum
827 3377 857 3435 iu
872 3376 1084 3455 Reprobatione
1107 3377 1291 3436 considerare
1314 3377 1426 3437 debuit.

215 3447 337 3508 Frustra
350 3451 557 3511 subtilissimus
569 3455 689 3513 floccus
699 3456 824 3535 excipit3
847 3455 1026 3515 Exercitium
1039 3456 1245 3515 misericordie
1259 3465 1291 3516 et
1300 3458 1426 3534 justitiae

210 3523 344 3618 effective
357 3529 579 3608 consideratum,
595 3551 756 3612 supponere
770 3535 899 3594 homines
913 3536 1032 3594 miseros
1046 3545 1076 3595 et
1088 3555 1163 3611 reos,
1178 3535 1230 3596 sed
1245 3555 1305 3595 nou
1318 3537 1428 3613 paritor

212 3624 305 3682 ipsam
318 3608 505 3668 intentionem
520 3611 685 3688 miserandi,
711 3615 784 3674 alies
798 3623 963 3692 sequeretur
976 3634 993 3672 a
1006 3616 1077 3692 pari,
1100 3635 1166 3674 cum
1188 3616 1361 3675 salvetionis
1375 3617 1426 3675 ob-

208 3685 320 3762 jectum
334 3688 372 3746 sit
385 3687 488 3764 fidelis,
510 3691 597 3748 etiarn
620 3691 821 3754 destinationis
835 3705 948 3754 eternae
972 3694 1118 3771 objectum
1143 3713 1216 3770 esse,
1237 3696 1319 3772 quod
1339 3713 1426 3755 nemo

211 3765 269 3824 nisi
283 3766 472 3828 Armiuienue
485 3769 601 3830 dixerit.
642 3771 717 3831 Nam
732 3775 794 3834 sive
814 3773 1009 3833 misericordia
1026 3783 1056 3833 et
1069 3775 1185 3853 justitia
1205 3775 1427 3835 considerentur
1516 3785 1517 3834 ι

212 3847 340 3922 effective,
356 3848 467 3906 ratione
481 3849 612 3910 exercitii
626 3861 656 3911 et
669 3861 751 3912 actus
761 3854 873 3912 externi
887 3854 917 3910 in
931 3852 1056 3929 homine,
1082 3855 1145 3914 sive
1169 3856 1297 3930 effective
1311 3855 1425 3914 ratione

211 3934 294 3984 actus
307 3927 412 3986 interni
426 3927 457 3986 in
472 3929 544 4004 Deo,
560 3929 638 3989 idem
652 3931 797 4010 objectum
820 3931 986 4010 postulaut;
1009 3933 1093 3993 Licet
1114 3935 1191 3992 enim
1204 3933 1426 4012 predestinatio

211 4003 285 4062 nihil
298 4015 387 4083 ponat
400 4008 430 4065 in
444 4009 656 4086 praedestinato,
672 4020 705 4070 ut
718 4013 807 4086 aiunt,
822 4021 852 4071 et
873 4013 914 4071 sic
928 4013 1106 4090 propositum
1128 4013 1286 4073 miserandi
1305 4033 1365 4073 non
1388 4016 1427 4075 ait

210 4083 275 4158 ipsa
301 4085 497 4146 misericordia
531 4087 664 4148 effective
691 4091 879 4166 considerata,
905 4111 970 4169 quae
998 4091 1228 4152 communicatur
1255 4094 1423 4172 creature,

210 4179 269 4220 uon
283 4166 414 4242 sequitur
426 4187 485 4224 non
500 4187 564 4226 esse
578 4178 674 4228 ectrnn
688 4171 900 4246 misericordiae,
915 4189 981 4248 quas
1000 4172 1121 4249 proinde
1135 4173 1283 4232 miseriam
1307 4181 1339 4232 ct
1359 4174 1423 4252 lap-

211 4257 274 4332 sum
290 4261 450 4338 supponere
464 4246 574 4340 debetz·
592 4249 634 4308 Ut
655 4249 794 4328 Princeps
807 4251 857 4344 qui
881 4251 1004 4344 gratiam
1028 4251 1123 4312 facere
1148 4252 1278 4312 decemit
1299 4271 1359 4326 reo,
1388 4273 1424 4313 eo

209 4325 886 4469 niaccurrerant.nnn
899 4331 968 4468 333
980 4331 1177 4488 3333333
1191 4331 1422 4472 33333

209 4482 288 4531 creto
311 4478 398 4553 valet,
442 4482 491 4540 uia
513 4483 699 4545 confunditur
720 4489 841 4548 conditio
862 4489 972 4566 previa
994 4509 1060 4549 cunr
1083 4493 1177 4550 medio
1201 4491 1400 4568 subsequente
1412 4515 1420 4569 ;

209 4547 284 4606 Nam
298 4552 349 4644 ille
368 4501 494 4652 quidem,
509 4563 605 4640 qualis
628 4576 673 4625 est
697 4565 805 4645 lapsus,
830 4567 992 4646 precedere
1013 4569 1101 4630 debet
1120 4579 1181 4630 tam
1206 4571 1235 4629 in
1256 4570 1421 4631 intentione

208 4643 294 4699 quam
309 4647 338 4684 ιιι
353 4645 540 4714 execution03
556 4643 608 4702 sed
623 4643 709 4720 istud,
724 4647 819 4723 qualia
833 4657 878 4708 est
892 4647 964 4708 lidea
977 4659 1111 4727 respectu
1126 4651 1237 4726 salutis,
1253 4651 1419 4727 precedere
