3158 5190
109 371 228 440 consp.
244 352 330 432 vus]
614 373 653 414 ua
668 373 840 416 sourrruaa
1288 358 1324 415 91

110 525 180 571 uum
197 509 350 589 judicium
370 517 543 588 praevertere
562 529 598 570 cu
617 510 689 586 innt,
706 519 736 572 st
750 511 828 588 quod
846 511 894 571 hic
907 509 1076 589 proponitur
1089 521 1122 572 ut
1140 519 1324 590 praeceptum,

105 587 547 746 meruel?
564 609 592 681 ⁸·
621 599 689 682 Τ
708 592 738 649 l
758 590 976 745 Tite?
992 589 1061 728 Pl>
1075 591 1331 730 mitet

468 687 496 726 m
534 688 702 727 musinium
721 690 766 728 cui
785 690 833 729 roc
1255 689 1287 728 ve

107 749 239 806 leem
251 747 416 822 splendenti
428 747 458 805 in
471 749 530 806 loco
544 748 667 824 obscuro,
682 767 769 826 euque
783 751 850 807 dum
864 750 922 807 dies
935 689 1085 824 itlnieusiat,
1097 757 1125 808 et
1138 714 1241 823 euefer’
1250 750 1328 808 oria·

108 835 158 884 tiso·
171 826 203 884 in
217 825 355 884 wrdthru
368 825 476 884 ιιειινίι.
520 825 582 884 Neo
600 825 696 904 excipi
714 835 818 905 potest,
838 827 1039 886 limitationem
1053 827 1122 886 addi
1141 847 1160 885 a
1179 827 1276 902 Petro,
1295 834 1329 886 ut

107 905 166 962 hoc
179 905 284 962 locum
298 904 407 982 haheat
424 911 537 962 tantum
550 923 643 982 usque
662 905 699 963 ed
712 915 827 983 tempus
841 905 878 964 N.
893 907 928 965 T.
942 925 1000 982 quo
1014 905 1077 964 dies
1097 906 1265 964 illucescere
1278 905 1327 964 de·

109 983 196 1059 hnit3
220 983 302 1040 Nam
317 983 342 1041 si
361 981 398 1042 (le
413 982 450 1041 N.
464 983 499 1041 T.
515 992 652 1060 sumatur,
668 1003 726 1042 non
740 992 891 1120 prqpterea
903 984 1089 1062 restringitur
1101 985 1156 1042 hac
1170 1002 1243 1042 voce
1257 1002 1329 1043 usus

110 1061 259 1120 sermonis
270 1061 438 1139 Prophetici
451 1081 543 1138 nsque
558 1062 595 1120 ed
609 1070 723 1139 tempus
734 1064 771 1122 N.
807 1073 860 1122 est.
875 1063 945 1140 quia
956 1063 985 1121 ri
998 1061 1038 1128 ἴοις
1051 1070 1079 1123 nt
1091 1065 1255 1140 usquedum,
1270 1082 1329 1121 non

111 1141 154 1199 ita
167 1159 290 1218 semper
303 1150 349 1199 est
361 1141 519 1218 positivum
532 1143 678 1219 praeteriti,
694 1151 727 1201 ut
748 1142 786 1202 sit
798 1143 982 1202 exclusivum
995 1143 1093 1217 futuri,
1108 1151 1142 1201 nt
1161 1148 1274 1200 constet
1291 1161 1329 1200 ex

112 1219 205 1278 variis
226 1219 313 1294 locis,
336 1219 412 1279 Gen.
431 1220 536 1279 xxviii.
554 1222 609 1295 153
632 1221 738 1280 Matth.
759 1221 864 1281 xxviii.
879 1224 938 1298 303
962 1225 977 1279 1
1001 1221 1110 1280 Corint.
1131 1238 1188 1279 xv:
1204 1221 1253 1280 25.
1296 1219 1330 1280 si

112 1317 185 1357 vero
199 1297 241 1356 ad
255 1295 335 1356 diem
344 1297 414 1358 vitra
426 1307 539 1357 aeternae
553 1299 701 1374 referatur,
716 1307 745 1358 et
759 1298 797 1358 ad
810 1309 943 1359 exortum
953 1300 1079 1359 Luciferi
1093 1301 1123 1357 in
1136 1298 1330 1376 hemispherio

113 1375 565 1591 luiturqtttltsl
577 1377 1331 1534 mittuntutqltllltltlllhlltt

788 1503 796 1533 l

185 1533 193 1547 '
247 1540 279 1592 et

115 1542 424 1687 assummum
444 1614 505 1672 scil.
521 1615 647 1672 sermoni
662 1614 843 1693 Prophetieo,
861 1635 954 1692 usqne
972 1615 1011 1674 ad
1022 1615 1110 1674 finem
1125 1614 1224 1688 seculi,
1239 1613 1331 1672 donec

115 1691 208 1785 hepta
220 1691 275 1828 ipa
288 1691 353 1750 dies
366 1691 513 1752 exoriatur
525 1712 591 1771 quaa
605 1713 675 1752 vera
689 1693 759 1770 dies,
768 1703 908 1773 perpetue
918 1695 1024 1772 quippe
1037 1703 1068 1753 et
1081 1694 1162 1753 nulla
1175 1701 1259 1752 nocte
1273 1701 1330 1752 ter·

119 1789 223 1828 menan
246 1789 274 1828 a.

159 1849 221 1906 VI.
243 1851 274 1908 2.
294 1847 370 1924 Quia
384 1848 516 1908 Ecclesia
534 1849 572 1908 N.
587 1851 621 1909 T.
641 1851 849 1928 superstruitur
867 1851 1054 1910 iimdamento
1075 1850 1283 1927 Prophetarum
1301 1857 1333 1908 et

116 1926 344 2005 Apostolorum,
360 1927 435 2006 Eph.
450 1929 480 1987 ii.
494 1931 543 2004 20,
557 1929 597 1990 id.
612 1929 751 1989 doctrinae
765 1930 944 2008 Propheticse
959 1938 989 1988 et
1002 1929 1189 2006 Apostolicae.
1229 1927 1331 2004 Neque

116 2007 168 2066 hie
191 2005 349 2085 Prophetas
369 2007 405 2066 N.
421 2007 455 2066 Τ.
470 2007 506 2067 de
527 2009 633 2086 quihus
648 2009 723 2087 Eph.
738 2008 780 2066 iii.
795 2011 823 2084 5,
844 2017 874 2067 et
889 2011 904 2066 1
918 2009 984 2067 Cor.
998 2007 1050 2065 xii.
1064 2009 1113 2081 28,
1128 2006 1252 2083 intelligi
1265 2026 1331 2082 pos·

115 2093 192 2145 sunt
205 2107 213 2160 ;
235 2087 306 2162 quia
318 2085 447 2163 loquitur
460 2086 496 2146 de
509 2087 697 2148 frmdamento
710 2095 849 2166 perpetuo
863 2085 1038 2146 universalia
1052 2084 1208 2158 Ecclesias3
1224 2083 1268 2142 At
1281 2082 1332 2142 do·

115 2185 194 2224 num
211 2165 270 2222 Pro
290 2165 417 2224 heticum
431 2165 468 2224 N.
482 2167 517 2226 T.
531 2166 587 2226 fuit
599 2167 822 2244 temporarium:
844 2165 906 2224 Neo
925 2165 996 2224 ordo
1014 2162 1212 2223 collocatIonis
1231 2161 1333 2240 priori-

115 2251 217 2303 tatem
230 2185 532 2322 vsipostcnoriutsm
545 2245 682 2324 temporis
695 2245 744 2304 val
753 2243 913 2304 durationis
928 2242 1024 2303 stetim
1037 2241 1125 2301 infert
1133 2263 1146 2334 ;·
1161 2250 1194 2334 ut
1203 2240 1277 2320 Eph.
1292 2241 1333 2301 iv.

119 2325 172 2397 12,
190 2323 346 2400 Propheta
360 2323 397 2382 N.
411 2324 446 2384 T.
460 2334 606 2402 ponuntur
618 2333 685 2384 ante
700 2323 913 2401 Evangelistas,
927 2341 981 2382 nec
994 2329 1090 2382 tamen
1104 2321 1163 2382 ilhs
1176 2320 1241 2380 uleo
1254 2319 1334 2380 fuera

117 2401 298 2461 anteriores.

163 2479 244 2538 VII.
266 2483 295 2540 3.
316 2479 391 2556 Quia
411 2481 591 2560 Qoeeunque
608 2481 780 2558 mnemipta
797 2491 863 2542 sunt
878 2484 921 2541 nd
936 2489 1063 2540 mahom
1076 2479 1234 2540 doctrinam
1253 2487 1331 2537 onte·

118 2561 237 2636 scripto
249 2569 321 2636 mni,
336 2569 369 2618 ut
375 2579 432 2637 per
446 2562 624 2620 toleratorum
636 2569 664 2620 et
676 2563 889 2622 consolationem
906 2561 1123 2637 Soipntrarum
1141 2579 1218 2635 speon
1231 2559 1333 2616 hahea-

119 2659 200 2714 mus,
223 2637 310 2696 Rom.
334 2657 385 2697 xv.
404 2641 433 2698 4.
475 2639 615 2716 Quamvis
632 2659 702 2699 vero
722 2641 819 2699 omnia
838 2659 896 2699 non
915 2641 974 2698 sint
993 2639 1116 2716 equalis
1134 2638 1166 2696 in
1186 2636 1335 2713 Scriptura

121 2717 242 2776 ratione
264 2717 392 2778 materia
414 2725 444 2778 et
464 2737 544 2794 usus,
568 2719 664 2778 omnia
683 2727 780 2778 tamen
802 2727 870 2778 sunt
890 2718 1013 2796 aequalia
1032 2719 1143 2776 ratione
1163 2715 1284 2793 origInis
1304 2723 1334 2774 et

121 2797 264 2869 ιιίθιπίις,
279 2795 348 2856 data
361 2796 481 2874 proinde
495 2817 533 2856 ex
547 2817 631 2877 aequo
644 2797 682 2856 ad
694 2798 803 2857 bonum
817 2807 847 2858 et
863 2797 1082 2856 aedificationem
1096 2795 1245 2853 Ecclesia.

168 2875 264 2934 VIII.
285 2877 315 2934 4.
337 2875 411 2950 Quia
425 2877 524 2936 Cenon
537 2878 576 2936 V.
587 2877 622 2937 T.
636 2877 725 2938 habet
743 2876 942 2938 sufficientiam
953 2875 991 2935 ad
1000 2874 1087 2934 tidem
1096 2881 1235 2948 etmores,
1246 2881 1275 2932 et
1289 2890 1333 2931 aa·

124 2975 188 3014 cras
203 2953 262 3013 ills
274 2955 366 3014 literae
380 2955 530 3032 inquibus
544 2957 713 3017 Timotheus
727 2957 876 3016 institutus
890 2963 951 3014 erat
964 2974 982 3014 a
994 2973 1094 3032 puero,
1103 2971 1193 3031 quum
1206 2951 1335 3010 nondum

125 3044 194 3095 erat
215 3034 403 3112 consignatus
419 3035 519 3118 Canon
536 3035 573 3094 N.
587 3036 621 3094 T.
636 3044 791 3114 potuerunt
811 3035 894 3094 illum
914 3033 1015 3104 noim
1028 3032 1067 3091 ad
1081 3031 1212 3104 salutem,
1227 3033 1246 3088 2
1260 3029 1336 3087 Tim.

127 3114 172 3174 iii.
191 3113 238 3188 15,
257 3116 303 3172 16.
346 3113 386 3173 Et
399 3113 425 3172 si
438 3115 519 3173 homo
532 3115 592 3174 Dei
602 3115 642 3173 id.
657 3115 788 3173 minister
802 3113 957 3189 Evangelii
970 3119 1066 3190 potest
1078 3109 1117 3169 ad
1130 3127 1214 3168 omne
1227 3106 1337 3165 bonum

127 3213 208 3272 opus
221 3211 260 3251 ex
274 3192 333 3252 illis
350 3193 463 3269 instrui,
477 3194 569 3254 multo
587 3195 681 3272 magis
693 3193 763 3252 fidei
781 3192 907 3251 hominis
920 3189 1034 3268 privati,
1056 3196 1086 3247 et
1099 3187 1169 3246 vite
1188 3186 1253 3265 ejus
1267 3185 1335 3243 diri-

129 3271 238 3351 gendis
247 3272 335 3332 utiles
349 3281 417 3332 sunt
430 3281 460 3332 et
472 3273 661 3334 necessariae:
683 3273 785 3350 Neque
798 3271 855 3330 hoc
870 3270 979 3329 Paulus
992 3268 1079 3328 refert
1092 3274 1204 3328 tantum
1218 3264 1256 3325 ad
1264 3273 1336 3326 tem·

130 3371 206 3430 pora
217 3351 419 3412 mtcoedentia
432 3353 615 3431 scriptionem
630 3353 667 3412 N.
676 3352 711 3413 T.
726 3351 795 3430 qnia
807 3349 936 3429 loquitur
948 3349 980 3408 iu
993 3367 1098 3428 genere
1113 3347 1150 3407 da
1163 3354 1225 3405 tota
1240 3345 1336 3424 Scrip-

131 3441 199 3491 tura
210 3429 369 3504 Mona,
380 3452 410 3489 v.
427 3433 473 3491 16.

176 3511 238 3570 rx.
259 3513 287 3569 ⁵.
310 3489 385 3586 orii.
404 3511 536 3571 meses
549 3510 671 3571 rueme
689 3508 825 3570 ment
844 3509 882 3569 er
895 3507 1064 3568 amanen
1080 3507 1251 3585 serpens,
1265 3503 1337 3564 ror.

135 3609 165 3649 v.
180 3591 229 3664 39,
252 3599 354 3667 utpote
376 3609 414 3650 ex
435 3590 542 3668 quibus
563 3591 665 3650 haberi
687 3591 780 3668 possit
799 3589 880 3650 vita:
906 3589 968 3648 Nec
985 3588 1041 3648 hoc
1060 3586 1218 3647 indicative
1231 3584 1339 3644 dicitur

136 3677 249 3728 tantum
263 3667 387 3743 Judseis,
403 3669 493 3730 sedet
505 3669 692 3748 imperativc3
707 3669 776 3746 qnia
789 3668 1009 3747 scopusChrIsti
1018 3675 1063 3728 est
1073 3666 1208 3726 inducere
1216 3662 1339 3724 Judaeos

137 3749 176 3808 ad
192 3748 347 3809 lechem
367 3747 579 3826 scripturarum
595 3758 733 3827 tanquam
751 3748 878 3808 medium
898 3747 937 3808 ad
956 3748 1001 3807 sui
1022 3747 1216 3824 cognitionem
1230 3740 1338 3800 condu-

138 3847 214 3904 cens,
229 3837 259 3888 et
278 3828 475 3888 testimonium
495 3829 575 3888 omni
592 3828 761 3906 exceptione
781 3829 886 3887 ma'us.
920 3831 949 3886 2.
969 3827 1039 3885 licet
1052 3825 1184 3884 Christus
1202 3821 1341 3897 loquutus

139 3907 240 4049 ᾔθεοι
252 3907 410 3968 indicativa
424 3926 470 3968 res
484 3909 587 3968 eodem
599 3907 713 3984 rediret,
723 3908 792 3986 quia
800 3849 933 3968 cinarus
945 3905 1059 3984 praxim
1072 3903 1152 3961 illam
1165 3899 1268 3978 probat
1281 3916 1340 3955 11011

179 4007 224 4128 ἶ.
243 4069 272 4127 6.
294 4065 370 4143 Quia
392 4065 541 4144 Scriptum
554 4066 593 4127 V.
607 4067 642 4125 T.
663 4066 783 4126 andem
805 4065 943 4124 doctrine
964 4058 1155 4122 substantiam
1172 4073 1239 4114 cum
1252 4053 1290 4112 N.
1303 4053 1339 4111 T.

319 1533 411 1593 ucifer
426 1535 581 1613 Evangelii
598 1536 661 1613 jam
675 1547 793 1596 exortus
814 1546 894 1596 erat:
916 1535 1019 1596 lortius
1040 1537 1164 1614 strInget
1177 1553 1329 1612 argumen-

142 4147 201 4208 sive
214 4145 312 4226 quoad
325 4144 477 4238 credenda,
492 4147 555 4205 sive
569 4145 665 4223 quoad
678 4145 817 4219 faciendo,
833 4143 969 4238 continet,
984 4159 1043 4230 uec·
1052 4135 1132 4196 aliud
1146 4132 1340 4227 Evangelium

142 4227 222 4286 nohis
241 4224 330 4287 hodie
349 4233 527 4304 propomtur,
542 4244 629 4302 quam
648 4225 727 4303 quod
747 4233 832 4284 antea
851 4241 882 4280 ur
905 4221 1061 4309 Scnptmqs
1075 4214 1255 4306 Prophetrcrs
1273 4231 1340 4305 prq-

144 4307 267 4384 miasum,
290 4305 378 4365 Rom.
399 4305 463 4380 i.3,
478 4313 508 4364 et
520 4304 582 4364 xvi.
597 4305 645 4379 25,
669 4307 718 4364 26.
761 4301 848 4364 Unde
869 4299 978 4359 Paulus
999 4315 1050 4374 qur
1069 4301 1162 4354 totum
1177 4294 1233 4352 Der
1247 4310 1340 4352 consr-

144 4387 209 4447 hum
221 4386 258 4446 de
278 4385 375 4446 salute
388 4382 575 4443 annunciavit
589 4382 768 4458 Christianis,
784 4379 920 4440 Aetam.
935 4380 982 4452 26,
997 4373 1071 4434 nihil
1090 4382 1186 4434 umen
1205 4381 1288 4466 extra
1308 4389 1343 4430 ea

145 4485 204 4544 qna
215 4487 234 4525 a
247 4466 336 4525 Mose
349 4471 382 4524 et
395 4463 549 4556 Prophetis
568 4462 646 4556 clieta
665 4470 740 4537 sunt,
762 4480 793 4520 se
806 4458 916 4518 diruisse
933 4455 1091 4548 profitetur,
1110 4453 1179 4514 Aet.
1194 4471 1276 4512 xxm.
1291 4455 1341 4510 22.

146 4547 275 4688 lttlt
282 4533 1164 4702 ieltll.ll”;⁰.tll¹ntltt.tllt.⁰ltitt
1179 4553 1244 4612 ‘¹⁰⁸³
1264 4548 1342 4590 Μ’
