3152 5178
104 367 200 420 cunm.
214 344 303 428 xxm]
512 363 551 404 nn
565 363 625 406 nnc
638 363 707 423 uno,
723 363 761 404 ur
774 361 873 405 unsre.
1155 364 1159 376 ·
1229 345 1288 406 225

104 510 194 569 velle:
217 507 296 584 Ergo
317 524 372 584 por
393 503 513 566 eundem
531 504 765 583 consequentium
786 507 845 564 non
868 509 965 582 potest
988 500 1055 563 dici'
1068 504 1154 583 pcs'se
1177 503 1286 584 fellere,

103 598 202 668 propter
213 584 421 646 immotabilem
445 585 508 664 ejus
520 586 680 660 veritstem,
703 605 768 663 quse
790 584 878 646 etiem
900 591 966 643 ente
990 603 1105 644 omnem
1128 584 1288 646 voluntatis

103 676 252 746 conceptum
266 667 332 726 Deo
347 665 499 726 tribuendo
512 673 565 726 est.
607 669 635 726 3.
658 665 738 725 Deus
758 664 790 723 id
809 683 868 723 non
887 669 984 742 potest
997 663 1105 742 ,lacere
1127 665 1206 743 quod
1226 685 1287 725 ‘non

103 758 183 827 potest
194 747 285 823 velle;
308 765 378 804 num
393 745 473 805 Deus
485 765 544 804 nou
557 752 655 824 potest
668 743 779 823 aliquid
793 745 854 804 sine
868 763 922 804 sus
934 744 1092 822 voluntate,
1103 765 1169 805 cum
1182 747 1286 806 volun·

103 839 140 887 tes
149 826 298 904 potentium
312 826 346 884 in
359 831 456 884 ectum
469 825 600 903 deducet,
616 833 646 886 et
659 824 800 904 quicquid
810 831 908 903 potest
923 823 1003 884 Deus
1019 824 1121 901 fecere,
1135 825 1167 884 id
1190 833 1287 904 potest

101 907 172 968 etism
184 907 257 966 uelle
270 914 305 966 ut
317 904 380 981 fist,
395 905 452 964 nisi
465 913 625 966 statuamus
638 905 750 982 sliquid
762 923 848 998 posse
860 903 920 965 dici
933 903 1019 964 simul
1032 905 1170 982 possibile
1189 915 1219 967 ct
1231 907 1285 966 im-

98 986 217 1064 possibile
230 985 327 1046 eidem
338 984 402 1044 Deo
411 985 623 1063 simpliciesImo
637 992 667 1044 et
679 984 875 1062 veracissimo,
889 984 969 1062 quod
981 984 1132 1063 acinacen
1148 985 1191 1046 At
1199 987 1284 1047 nemo

98 1074 181 1206 tri
193 1063 1285 1224 iiiiiiiiiiii⁰tiitli⁰d⁸¹¹iittsb³ii⁰ritffiiilt

96 1225 143 1284 fids
160 1225 256 1284 dirius
276 1233 398 1304 propter
419 1224 622 1286 authoritatem
644 1244 735 1285 susm.
777 1226 805 1285 5.
828 1225 909 1284 Deus
929 1244 988 1284 uon
1007 1233 1103 1303 potest
1124 1225 1284 1287 contradic·

98 1304 173 1366 torm:
192 1305 272 1384 Ergo
286 1324 348 1364 uon
360 1312 459 1383 potest
471 1303 570 1366 tollere
584 1305 610 1364 si
622 1301 711 1381 velit;
726 1322 794 1364 nsm
808 1305 903 1366 Deum
911 1324 997 1382 posse
1010 1305 1119 1381 fellere,
1134 1315 1180 1367 ost
1188 1307 1284 1366 Deum

96 1405 167 1462 posse
178 1391 239 1446 esse
252 1404 315 1444 non
328 1400 472 1460 veracem,
487 1392 574 1463 etque
587 1384 660 1444 ndeo'
673 1388 733 1443 non
746 1384 851 1444 Deum.
880 1387 908 1445 6.
925 1384 957 1444 si
972 1385 1053 1447 Deus
1065 1393 1162 1464 potest
1176 1386 1284 1464 fellere,

97 1464 156 1524 tides
167 1475 262 1526 nostm
275 1483 395 1542 semper
407 1463 521 1525 nutsbit
534 1465 611 1524 circs
626 1464 821 1542 scripturum
843 1483 911 1523 nem
925 1463 950 1524 si
970 1465 1039 1526 dete
1052 1473 1097 1527 est
1115 1486 1133 1525 e
1148 1466 1211 1526 Deo
1234 1467 1286 1544 qui

96 1551 176 1622 potest
186 1545 293 1621 sellem,
309 1544 459 1622 quomodo
472 1543 644 1622 persuadere
657 1544 814 1622 poterimus
836 1544 935 1604 Athen
957 1564 1023 1605 eum
1044 1566 1103 1606 non
1127 1545 1286 1606 fefellisse?

97 1625 198 1684 Frustra
210 1625 290 1685 dices
304 1644 377 1684 eum
389 1629 449 1684 nou
461 1624 537 1684 velle
548 1623 666 1700 fellsrc3
687 1641 754 1683 nem
768 1624 845 1684 unde
859 1624 915 1685 hoc
934 1624 978 1684 illi
992 1625 1159 1686 constabit?
1172 1647 1232 1685 non
1246 1647 1284 1686 cx

98 1704 233 1782 scripture,
245 1725 312 1784 quse
327 1723 467 1782 expresse
477 1704 532 1764 hoc
546 1703 624 1781 dicit,
634 1703 704 1782 quis
716 1704 813 1764 stetim
826 1723 964 1783 reponere
976 1707 1090 1783 poterit,
1105 1707 1161 1766 hoc
1175 1707 1285 1767 dictum

96 1803 147 1843 sese
159 1784 192 1844 sb
204 1785 255 1844 illo
269 1786 340 1845 Deo
356 1785 407 1862 qui
419 1783 518 1844 fellere
531 1793 635 1862 potest,
650 1791 680 1843 et
698 1784 775 1844 unde
789 1784 896 1844 ecimus
920 1805 986 1845 eum
999 1786 1047 1845 hic
1071 1785 1205 1846 effectum
1226 1806 1286 1846 non

97 1861 160 1942 dere,
173 1864 248 1943 quod
260 1865 375 1926 dicitur
388 1867 494 1943 posse?
513 1883 573 1922 non
586 1883 624 1923 ex
638 1864 694 1923 Dei
708 1872 819 1940 nenne,
831 1865 900 1941 quis
913 1864 970 1924 Dei
983 1871 1093 1925 nsturae
1105 1885 1166 1926 non
1178 1885 1284 1945 repug-

97 1945 175 2004 netid
187 1945 321 2006 effectum
338 1945 409 2004 dere
422 1943 501 2022 qnod
514 1943 625 2004 efficere
646 1951 760 2022 potest:
780 1941 887 2003 hirsus
910 1942 997 2004 etium
1021 1945 1100 2005 dices
1123 1965 1285 2024 repugnare

96 2033 189 2084 neturus
203 2025 259 2084 Dei
268 2025 305 2084 id
319 2024 401 2084 velle
414 2023 534 2099 efficere,
549 2023 618 2103 quis
631 2023 656 2083 si
670 2042 729 2082 nou
742 2031 885 2102 repugnet
899 2023 955 2082 Dei
968 2031 1087 2102 nuturae,
1102 2043 1187 2104 posse
1210 2023 1285 2085 illud

95 2104 221 2182 perlicere,
235 2125 291 2166 nec
304 2111 422 2164 nnturse
436 2104 492 2164 Dei
505 2103 686 2183 repugnabit,
701 2122 786 2182 posse
799 2103 876 2163 velle
889 2102 964 2162 illud
976 2102 1079 2164 lucere.

127 2183 241 2246 XXVI.
264 2184 411 2260 Quemvis
424 2184 553 2262 potentin
566 2183 623 2244 Dei
637 2183 675 2242 sd
687 2184 771 2263 pluro
785 2202 816 2242 ee
835 2182 974 2243 extendet
994 2203 1082 2261 quum
1103 2184 1168 2263 ejus
1181 2184 1285 2244 volun·

96 2269 132 2322 to
142 2264 170 2323 in
181 2275 244 2325 actis
256 2265 395 2340 exercito,
406 2264 475 2342 quin
488 2264 578 2324 multo
592 2263 676 2342 plurc
688 2271 785 2342 potest
797 2261 891 2323 fucere
905 2283 992 2342 quem
1006 2283 1041 2324 ee
1058 2284 1124 2342 qun
1147 2265 1184 2325 de
1208 2264 1285 2336 fecto

97 2343 155 2418 vult,
168 2365 229 2422 quse
242 2343 441 2420 iuncturam,
462 2362 521 2404 nou
534 2352 631 2404 temen
643 2343 732 2404 letius
744 2351 825 2423 petet
837 2343 988 2404 voluntate
996 2343 1029 2402 in'
1042 2354 1108 2405 actu
1120 2346 1238 2423 εἰφηαιο,
1253 2344 1286 2405 id

97 2431 139 2498 eet,
150 2443 203 2483 non
215 2433 314 2504 potest
330 2424 417 2502 plurs
429 2421 522 2484 fecere
537 2423 617 2484 Deus
631 2443 718 2502 quem
733 2431 831 2503 potest
843 2423 929 2502 velle,
951 2443 1018 2486 cum
1038 2433 1160 2504 utreque
1182 2433 1213 2486 et
1232 2446 1284 2505 po·

98 2504 171 2563 tentis
182 2513 211 2564 et
222 2505 366 2566 voluntas
379 2503 495 2582 exejus
508 2512 611 2564 nature
624 2504 680 2565 eibi
692 2502 797 2564 formet
809 2503 914 2582 legem.

129 2583 262 2645 XXVII.
284 2583 385 2644 Aliud
397 2591 443 2644 est
456 2583 552 2643 Deum
566 2583 719 2644 decernere
732 2602 818 2663 posse
831 2591 864 2644 ut
876 2583 929 2644 fiet
941 2603 1021 2644 error
1042 2604 1061 2644 n
1083 2585 1230 2663 Oreeturu,
1254 2591 1286 2646 et

98 2664 241 2738 permittere
254 2675 289 2727 ut
303 2672 439 2726 creature
451 2663 586 2742 felistim,
608 2663 701 2724 Aliud
714 2683 784 2723 vero
807 2663 902 2724 Deum
926 2665 1021 2743 seipso
1044 2665 1209 2727 immediate
1233 2667 1285 2726 sli-

97 2760 168 2817 qnem
180 2743 277 2806 fellere
290 2763 382 2823 posse
393 2766 402 2804 ι
413 2743 509 2804 ‚Prius
521 2751 618 2822 potest
627 2743 707 2821 juste
720 2743 791 2822 fieri,
806 2751 836 2804 ct
849 2743 886 2804 de
905 2742 982 2804 fecto
994 2743 1029 2803 fit
1041 2765 1060 2804 e
1073 2746 1146 2824 Deo,
1162 2745 1214 2806 sed
1226 2766 1286 2806 uon

98 2823 222 2898 posterius
234 2825 316 2904 quod
332 2824 473 2884 rationem
486 2823 597 2902 peccati
610 2823 744 2884 involvit.

130 2901 281 2965 XXVIII.
304 2903 449 2981 Quemvis
457 2911 534 2964 recte
542 2903 601 2964 dici
610 2902 703 2983 possit
714 2904 808 2963 Deum
817 2901 928 2980 eliquid
941 2901 1035 2962 lucere
1048 2923 1134 2982 posse
1148 2903 1173 2964 ei
1186 2906 1285 2984 vellet,

99 2993 213 3060 metu
225 3005 328 3046 eorum
343 3003 409 3062 qun
418 2983 499 3044 Deus
511 2987 571 3044 non
584 2991 679 3063 potest
692 2983 769 3042 velle
782 3001 821 3042 ex
833 2981 989 3059 hypothesi
1002 2982 1111 3042 decreti
1124 2983 1170 3043 eui
1183 2984 1285 3044 immu-

100 3061 198 3139 tsbilis;
218 3066 286 3144 quis
299 3062 371 3125 telis
385 3083 403 3124 o
472 3063 513 3124 tio
526 3083 585 3123 non
598 3062 724 3122 involvit
737 3081 803 3122 cum
816 3069 920 3120 nenne
933 3061 990 3120 Dei
1011 3061 1101 3120 ullum
1123 3081 1287 3140 repugnen-

99 3140 172 3202 tisnr:
192 3143 257 3206 Non
270 3145 382 3224 puriter
417 3143 454 3202 'ci
466 3151 562 3223 potest
575 3143 639 3220 hoc,
655 3151 788 3220 respectu
802 3160 901 3201 corum
923 3159 988 3218 quse
1009 3159 1068 3200 non
1090 3149 1187 3220 potest
1209 3143 1287 3202 velle

99 3237 227 3296 persuum
239 3225 403 3286 bonitatem
417 3232 446 3284 ct
455 3223 616 3301 justitiam
637 3222 707 3300 quie
719 3221 790 3281 tulis
807 3239 867 3279 non
880 3239 917 3280 ex
930 3219 1086 3298 hypothesi
1109 3229 1221 3282 tentum
1243 3243 1287 3282 re·

100 3311 185 3390 spectu
197 3304 305 3366 decreti
320 3313 390 3365 sunt
403 3302 601 3383 impossibilis,
617 3303 670 3363 sed
682 3301 814 3363 obsolute
835 3308 865 3362 et
884 3301 916 3360 in
936 3319 968 3362 ee
988 3309 1105 3382 propter
1124 3321 1287 3383 repugnen-

101 3385 159 3440 han
170 3403 253 3463 quum
266 3385 372 3448 dicunt
384 3403 451 3446 cum
464 3393 567 3446 nature
580 3382 646 3443 Dei.

522 3622 718 3702 cumeurn
738 3621 851 3683 xxii

438 3803 478 3845 DE
499 3803 625 3846 nummo
639 3803 677 3844 ΕΤ
690 3800 860 3844 roubertus
874 3801 935 3843 Dur.

153 3939 220 4007 Quid
234 3953 260 4005 et
272 3944 476 4037 quempian-sit
488 3945 548 4006 Dei
559 3943 811 4086 Dammffit
822 3963 861 4004 an
875 3944 958 4003 decc
970 3941 1026 4003 Jue
1038 3940 1201 4002 Absolutum
1214 3950 1242 4001 et

167 4235 194 4250 ..
392 4181 418 4243 1.
440 4182 513 4244 Cum
526 4183 658 4244 Potentia
672 4181 737 4258 Dei,
752 4180 789 4242 de
802 4198 861 4258 qun
872 4176 1048 4258 prseccdenti
1061 4177 1219 4256 questione
1242 4199 1289 4240 ec-

115 4229 324 4346 Ἢζᾞ
351 4271 423 4339 tum,
438 4283 551 4341 semper
565 4261 705 4342 conjungi
718 4260 807 4320 debet
820 4259 884 4338 ejus
897 4260 1034 4334 Potestas,
1047 4263 1084 4318 eri
1098 4261 1156 4336 qun
1169 4259 1202 4320 'J
1204 4259 1238 4319 ue'
1261 4268 1292 4320 et

351 4343 511 4406 authoritas
524 4343 568 4403 illi
581 4343 718 4421 competit
737 4360 772 4401 ee
792 4337 948 4418 praestsudi
961 4355 1026 4415 qne
1048 4336 1134 4417 lecit3
1158 4339 1292 4402 Potestne

112 4430 169 4476 Vtro
181 4439 215 4480 ex
228 4423 362 4484 Dominio
376 4425 440 4503 ejus
454 4423 552 4501 oritur,
567 4423 604 4484 de
618 4443 676 4502 quo
690 4419 812 4500 quaestio
818 4420 881 4498 jem
894 4417 1063 4478 instituitur.

146 4496 182 4557 IL
203 4501 293 4563 Deum
307 4505 464 4564 Dominum
478 4523 542 4564 cese
557 4503 630 4564 Coeli
643 4510 674 4562 et
693 4503 798 4576 Terre,
823 4499 849 4559 si
872 4498 1021 4576 Scriptum
1040 4497 1104 4576 ipss
1124 4498 1211 4560 toties
1232 4519 1292 4560 non

113 4577 255 4659 testentur,
270 4584 339 4646 ends
352 4585 416 4664 ipsu
428 4593 532 4644 nutura
549 4584 613 4660 Dei,
637 4602 702 4660 quse
725 4587 771 4641 est
793 4577 998 4658 independens,
1023 4578 1239 4658 perfectissime,
1262 4588 1294 4642 et

113 4657 224 4721 ⁰¹1111ium
232 4682 325 4744 muse,
335 4665 391 4728 hoc
405 4665 560 4728 evinceret
582 4663 700 4743 Duplex
713 4661 778 4742 ejus
790 4659 1009 4722 fundumentum
1019 4661 1162 4737 statuitur,
1180 4662 1206 4720 1.
1219 4666 1291 4740 trp-

1154 4759 1173 4798 r
