3160 5194
106 339 213 392 auser.
228 324 288 406 xa]
598 339 636 384 ns
651 342 829 387 rsroroctr.
1276 335 1313 394 33

103 505 172 546 vero
192 505 260 564 ques
274 485 306 544 iu
331 483 421 545 rebus
435 483 619 546 sensibilibus
633 496 663 547 et
676 487 821 566 corporeis
835 489 890 547 sita
904 497 979 564 sunt,
995 488 1058 548 sive
1073 489 1154 550 Deus
1168 491 1204 550 iis
1217 500 1319 554 utetur

101 576 241 645 unquam
266 565 386 644 organis
400 573 431 624 et
443 564 546 626 mediis
567 565 605 624 sd
625 567 796 646 exequenda
819 567 940 628 consilia
953 587 1013 645 sus,
1029 569 1091 630 sive
1105 570 1177 631 velit
1190 591 1244 632 uos
1262 593 1317 651 per

102 647 154 706 illa
177 647 304 707 evehere
328 643 367 704 ad
381 645 530 706 clariorem
544 645 739 724 coguitionem
753 647 953 708 sublimiorum
973 649 1195 728 mysteriorum
1217 653 1314 730 qualia

102 736 173 788 sunt
185 725 327 786 miracula
340 725 459 800 Christi,
474 725 537 803 typi
551 734 580 786 et
593 725 695 804 figura
703 727 820 788 Veteris
830 727 1016 804 Testamenti,
1031 729 1215 790 Sacramenta
1226 731 1312 794 Novi.

103 808 208 866 Priore
221 815 291 867 suut
303 805 420 884 proprie
434 805 580 882 objectum
592 805 660 864 fidei
681 815 795 883 nostre,
811 827 864 866 neo
878 807 938 866 ullo
952 807 1039 867 modo
1052 809 1159 870 cadunt
1172 811 1227 870 sub
1248 831 1316 872 sen·

102 907 154 946 sus
162 909 172 965 ;
193 886 247 946 sed
261 885 359 964 quoad
372 883 538 963 posteriora,
554 885 704 962 inquibus
718 907 764 946 res
774 887 931 966 spiritualis
941 907 1006 947 cum
1021 907 1157 966 corporea
1167 891 1316 970 jungitur,·

100 987 150 1026 res
173 965 334 1044 spiritualis
353 971 451 1024 manet
464 983 578 1043 semper
590 966 735 1043 objectum
756 967 833 1044 fidei,
855 967 907 1027 sed
927 987 974 1026 res
994 987 1131 1047 corporea
1151 980 1248 1031 menet
1261 972 1311 1032 ob·

94 1045 213 1124 jectum
226 1065 339 1106 sensus.
382 1044 526 1120 Quaeritur
546 1065 635 1124 ergo;
657 1045 707 1104 An
727 1046 800 1106 fides
820 1056 919 1107 utatur
938 1047 1103 1108 testimonio
1125 1069 1262 1110 sensuum
1282 1052 1314 1111 in

98 1127 193 1186 rebus
216 1125 362 1204 corporeis
375 1144 406 1183 v.
431 1144 459 1202 g.
474 1143 564 1202 quum
574 1125 687 1201 judicat
701 1126 737 1185 de
757 1126 919 1186 substantia
938 1128 1021 1204 panis
1035 1137 1064 1187 et
1078 1128 1140 1188 vini
1153 1130 1183 1188 in
1197 1130 1313 1191 Eucha-

99 1207 200 1282 ristis,
213 1215 244 1266 et
256 1205 293 1265 de
312 1203 446 1265 absentia
459 1203 595 1283 Corporis
614 1205 722 1265 Christi
733 1228 741 1283 3
763 1205 813 1265 An
827 1225 896 1265 vero
907 1206 981 1266 illud
993 1207 1130 1286 rejiciat?

236 1345 242 1358 ,
410 1283 466 1344 v1.
487 1283 694 1344 Testimonium
717 1304 852 1346 sensuum
873 1305 932 1345 non
945 1305 1010 1346 esse
1022 1287 1209 1367 rejiciendum
1223 1299 1311 1368 patet,

99 1343 349 1450 Tffifflffff
373 1365 401 1423 1.
418 1363 562 1441 Exemplo
576 1364 691 1440 Christi,
706 1365 756 1443 qui
770 1366 808 1425 sd
820 1366 997 1444 probandam
1011 1368 1162 1428 veritatem
1177 1369 1312 1450 Corporis

204 1418 249 1464 ΡΝ
371 1443 417 1504 sui
436 1453 502 1522 post
515 1444 752 1504 resurrectionem
765 1455 904 1524 provocat
917 1445 957 1505 ad
969 1465 1079 1524 seusus,
1094 1448 1228 1509 videsset
1242 1454 1310 1528 pol·

94 1531 180 1600 pate,
198 1521 269 1583 Luc.
283 1523 366 1583 xxiv.
383 1525 440 1601 393
461 1523 542 1662 ‹puod
560 1543 618 1583 non
639 1523 755 1586 lecisset
774 1526 899 1601 omnino,
915 1525 940 1584 si
953 1525 1043 1586 fallax
1056 1535 1088 1588 et
1100 1526 1220 1588 dubium
1234 1541 1311 1590 osset

99 1622 205 1662 eorum
229 1602 444 1663 testimonium:
489 1613 521 1664 ta
540 1603 674 1681 Angelus
697 1605 753 1664 hoc
775 1614 946 1683 argumento
970 1606 1069 1683 utitur,
1095 1607 1180 1668 Mae.
1203 1609 1233 1670 ii.
1261 1611 1310 1670 86.

99 1684 172 1742 Nou
189 1691 230 1742 est
244 1682 297 1758 tic,
311 1684 364 1741 sed
373 1683 520 1743 mediatur
534 1692 590 1756 cst;
609 1685 698 1744 ridete
711 1687 801 1745 boum
813 1686 988 1762 ubijacebat,
999 1693 1029 1744 et
1043 1685 1111 1746 Act
1133 1691 1159 1764 l,
1175 1683 1312 1766 Apostoli

98 1762 205 1822 eadem
224 1761 395 1841 probatione
414 1771 542 1840 utuntur,
562 1762 631 1823 dum
651 1764 823 1842 pollicentur
841 1765 964 1825 reditum
983 1764 1091 1825 Christi
1105 1785 1140 1826 eo
1153 1767 1311 1846 modoque

99 1843 185 1919 abiit,
208 1842 252 1902 sic
272 1842 322 1904 Jo.
340 1845 378 1900 1·Β
392 1863 417 1902 c.
432 1843 450 1901 i.
468 1846 494 1919 1,
510 1846 537 1918 2,
560 1851 590 1902 et
604 1842 667 1904 Pet.
690 1863 716 1903 c.
731 1845 750 1904 i.
765 1849 804 1903 2³
821 1847 867 1920 17,
889 1843 1011 1903 fundant
1030 1843 1204 1923 precipuum
1224 1850 1310 1908 ratio·

99 1941 170 1982 nem
190 1921 321 1982 veritatis
345 1925 375 1982 et
396 1921 565 1983 Diviuitstis
588 1923 743 2001 Evangelii
766 1942 853 2000 super
874 1923 1070 1982 testimonium
1094 1943 1239 1987 sensuum.
1281 1931 1310 1988 2.

99 2003 179 2078 Quia
201 2002 284 2061 Dens
303 2001 395 2062 utitur
415 2001 506 2061 Verbi
526 2002 671 2081 preconio
691 2010 721 2061 et
741 2021 860 2079 operum
882 2001 1122 2080 contemplatione
1142 2003 1181 2062 ad
1200 2025 1254 2064 uos
1274 2007 1312 2065 sd

98 2081 191 2142 iidem
211 2080 415 2158 adducendos;
437 2091 546 2142 certum
566 2091 612 2142 est
631 2091 728 2142 autem
742 2082 798 2141 ista
811 2081 907 2140 media
919 2099 1139 2159 praesuppoucre
1153 2103 1212 2142 non
1225 2085 1312 2144 modo

98 2182 189 2222 usum
202 2181 348 2236 sensnum,
364 2161 427 2220 siue
441 2181 562 2239 quorum
574 2161 735 2221 ministerio
749 2170 779 2222 et
792 2159 923 2222 Verbum
937 2168 966 2220 st
980 2180 1067 2238 opera
1087 2161 1143 2220 Dei
1163 2162 1247 2222 nobis
1267 2163 1310 2242 ig-

100 2251 173 2302 nota
186 2250 292 2317 esseut,
302 2239 355 2300 sed
363 2241 450 2301 etiam
457 2239 626 2301 fidelitatem
634 2250 664 2301 et
674 2241 826 2302 veritatem
836 2241 992 2303 testimonii
1003 2261 1119 2318 eorum;
1134 2261 1201 2300 nam
1210 2242 1236 2302 si
1247 2262 1310 2302 sen-

100 2341 152 2381 sus
165 2329 287 2400 possent
300 2319 370 2396 falli,
385 2340 518 2398 quanam
532 2321 675 2382 certitudo
688 2329 786 2400 posset
799 2320 963 2399 ingenerari
973 2319 1003 2379 in
1016 2319 1110 2398 nobis,
1125 2321 1174 2382 vel
1188 2342 1226 2382 ex
1236 2322 1309 2384 Ver·

100 2401 148 2477 ho,
163 2401 213 2460 rel
227 2421 266 2460 ex
280 2399 415 2478 operibus
431 2400 509 2461 Dei?
549 2403 578 2461 3.
602 2401 726 2479 Spiritus
745 2401 775 2462 S.
789 2401 881 2462 utitur
893 2400 1108 2480 operationibus
1122 2421 1259 2462 sensuum
1273 2404 1311 2464 sd

99 2479 308 2541 describendas
327 2480 456 2541 actiones
476 2480 649 2556 intellectus,
666 2489 699 2541 ut
716 2479 790 2558 visu,
805 2479 915 2558 auditu,
930 2489 1027 2559 gustu,
1051 2478 1126 2559 &c.;
1148 2481 1227 2562 qnod
1248 2483 1311 2544 fieri

98 2559 469 2718 ihbilffpiiii
482 2559 826 2700 tttttttltitt
840 2561 1309 2702 tttttttttttdtl·

99 2717 546 2780 amandandoadtestimonium
560 2719 639 2798 quod
652 2719 783 2798 decipere
797 2728 828 2780 et
840 2717 941 2780 fallere
953 2729 1060 2799 posset
1265 2662 1309 2718 us,

238 2832 244 2841 ·
406 2799 479 2860 VII.
502 2799 585 2860 Licet
608 2819 710 2860 seusus
734 2819 792 2858 nou
813 2799 871 2859 sint
892 2800 1024 2862 absolute
1044 2799 1228 2880 infallibilem
1251 2822 1310 2861 non

113 2859 324 2966 Mffiffnu‘*
364 2879 495 2957 sequitur
521 2899 620 2940 comm
648 2879 843 2940 testim0uium
870 2879 982 2941 nullum
1006 2899 1070 2940 esse
1093 2881 1216 2958 debere3
1241 2883 1310 2960 quia

364 2960 453 3018 varie
467 2968 534 3020 suut
548 2958 727 3019 conditiones
741 2959 847 3037 quibus
860 2959 962 3036 positis
973 2979 1075 3020 seusus
1089 2980 1147 3019 uon
1161 2960 1308 3035 falluntur,
1368 2973 1372 2982 ·

101 3041 128 3098 1.
150 3038 196 3100 Ut
215 3037 363 3117 objectum
384 3039 471 3100 sitin
491 3038 590 3099 debita
609 3038 754 3099 distantia.
796 3043 824 3098 2.
848 3039 890 3100 Ut
903 3039 1030 3098 medium
1044 3040 1083 3098 sit
1095 3059 1200 3116 purum
1213 3048 1243 3099 et
1256 3040 1309 3097 im·

96 3138 187 3179 ronne
201 3119 239 3178 ab
252 3118 332 3177 omui
345 3138 381 3178 eo
394 3118 473 3198 quod
486 3118 642 3196 imaginem
656 3126 957 3256 mmmperpposset.
999 3121 1028 3178 3.
1051 3117 1093 3177 Ut
1112 3136 1252 3194 organum
1272 3118 1311 3179 sit

96 3198 229 3276 legitime
243 3197 425 3276 dispositum.
467 3200 496 3258 4.
519 3199 561 3259 Ut
580 3217 680 3258 omues
695 3215 812 3272 seusus*
865 3205 923 3256 tam
957 3195 987 3256 ui
1001 3205 1122 3274 possunt
1135 3215 1310 3274 cognoscere

96 3277 218 3357 aliquod
238 3277 394 3356 objectum,
414 3278 608 3354 consulantur,
630 3287 660 3338 et
679 3278 758 3338 idem
774 3275 916 3356 judicium
983 3277 1053 3336 iant.
1094 3277 1122 3337 5.
1146 3276 1188 3338 Ut
1207 3295 1309 3338 sensum

96 3366 209 3418 attente
222 3366 313 3435 agant
325 3366 356 3418 et
368 3377 427 3418 nou
440 3357 660 3437 praecipitanter,
675 3357 748 3417 alias
800 3364 883 3416 esunt
899 3354 1002 3434 decipi.
1044 3358 1072 3417 6.
1096 3356 1138 3418 Ut
1157 3357 1309 3435 phantasia

97 3438 136 3497 sit
149 3437 253 3510 hhera,
267 3437 406 3514 usquein
419 3457 455 3496 ea
468 3438 515 3497 vol
528 3436 678 3516 phrenesis
692 3437 740 3497 vel
765 3435 842 3496 ebrie
855 3435 940 3513 adsit,
957 3436 1029 3496 alias
1051 3456 1127 3515 sepe
1140 3437 1202 3496 lieri
1225 3436 1307 3514 solet,

97 3525 131 3576 nt
142 3536 179 3576 ea
192 3515 345 3576 credemus
355 3516 456 3577 ridere
470 3525 499 3576 et
513 3517 620 3593 audire,
631 3536 696 3595 quse
710 3537 768 3576 uon
778 3515 911 3576 videmus
923 3525 976 3576 aut
988 3515 1120 3577 audimus
1134 3525 1240 3576 umen.
1277 3518 1309 3578 Si

96 3595 135 3656 sd
144 3597 219 3656 istas
228 3593 409 3656 conditiones
419 3616 519 3656 omnes
532 3595 718 3674 atundimm
728 3595 846 3674 patebit,
858 3595 899 3655 its
912 3615 1080 3656 concurrere
1094 3615 1193 3656 omnes
1206 3596 1236 3655 in
1250 3607 1308 3656 tes·

96 3675 220 3736 timonio
237 3675 313 3734 circa
326 3677 478 3737 vamtatem
496 3677 666 3736 substantiae
683 3676 767 3754 panis
787 3675 892 3735 etvini
911 3675 942 3735 in
963 3675 1153 3751 Eucharistio,
1175 3683 1209 3736 ut
1228 3676 1309 3735 nulla

96 3755 209 3816 ratione
223 3755 314 3814 fallax
327 3775 392 3816 esse
404 3756 498 3834 possit
509 3756 558 3816 vel
571 3756 602 3814 iu
616 3755 735 3816 dubium
749 3755 887 3816 revocari.

137 3835 232 3896 vm.
255 3835 321 3895 Nou
341 3845 439 3916 potest
459 3835 517 3895 dici
536 3835 613 3895 fecta
630 3835 762 3895 sensibus
775 3833 881 3911 illusio,
896 3832 954 3894 Vel
968 3835 998 3893 in
1013 3834 1108 3894 Maria
1122 3833 1306 3910 Magdalens,

96 3935 162 3995 quse
176 3916 325 3976 Christum
346 3915 471 3976 credidit
489 3933 553 3975 esse
573 3915 766 3992 hortulanum,
781 3916 869 3976 Joan.
891 3935 942 3974 xx.
970 3915 1015 3988 15,
1038 3914 1106 3992 quia
1120 3913 1240 3988 decepta
1253 3911 1309 3971 fuit

93 3995 199 4074 judicii
218 3995 455 4074 precipitatione,
470 3993 549 4073 quod
569 3995 666 4054 statim
687 3995 820 4070 correxit,
856 4013 925 4054 uum
945 3993 1063 4052 curibus
1082 3991 1173 4050 oculis
1192 4008 1306 4049 succur-

96 4075 235 4150 rentibus,
251 4075 375 4153 agnovit
387 4095 426 4136 ex
440 4094 511 4134 voce
527 4075 710 4135 Servatorem
724 4093 796 4133 esse.
869 4073 896 4132 el
910 4074 940 4130 in
954 4069 1103 4147 discipulis
1118 4069 1306 4145 Emaunticis,

97 4154 168 4215 Luc.
179 4155 262 4214 xxiv.
274 4159 324 4230 31,
340 4153 392 4232 qui
406 4173 464 4213 nou
478 4163 660 4232 agnoverunt
671 4154 826 4228 Christum,
838 4152 971 4228 quiahoc
981 4157 1103 4208 testatur
1113 4147 1306 4222 cognitionem

96 4253 194 4296 eornm
213 4234 304 4295 inisse
325 4231 524 4311 imperfectam
544 4243 574 4292 et
593 4235 753 4307 obscuram,
769 4231 821 4291 sed
834 4249 892 4289 non
906 4229 1016 4301 fusam,
1032 4227 1138 4306 quippe
1152 4228 1307 4292 credebaut

97 4333 196 4374 rernm
209 4316 360 4374 homiuem
374 4332 439 4372 esee
449 4313 500 4390 qui
514 4313 665 4372 incedebat
678 4332 743 4372 cum
758 4310 837 4388 ipsis,
853 4307 905 4368 sed
918 4327 978 4365 non
986 4307 1131 4366 Christum
1146 4327 1209 4368 esse
1223 4319 1304 4386 puta-

98 4393 173 4454 bant
214 4395 273 4454 Vel
294 4394 327 4454 in
343 4391 471 4470 Angelis
492 4392 546 4452 sub
565 4393 692 4457 humans
712 4391 804 4450 forma
823 4387 1045 4466 apparentibus;
1068 4387 1141 4446 Nam
1158 4388 1228 4450 licet
1247 4409 1305 4450 non

98 4484 189 4534 essent
202 4476 264 4535 veri
287 4471 444 4547 homines;
466 4489 535 4530 vera
554 4479 651 4531 nmen
671 4478 754 4534 eraut
773 4487 893 4546 corpora
913 4476 942 4528 et
963 4486 1020 4526 non
1037 4468 1237 4545 phantasmata
1251 4470 1305 4528 sub

98 4555 196 4630 quibus
210 4552 405 4634 apparebant,
420 4560 449 4611 et
462 4549 572 4627 aliquid
586 4549 688 4630 inillis
702 4556 763 4608 erat
777 4566 897 4624 semper,
908 4545 984 4607 unde
998 4547 1159 4606 discernere
1173 4557 1305 4624 poterent

96 4653 147 4696 oon
160 4655 223 4698 esse
239 4651 342 4695 meros
357 4629 497 4704 homiues,
513 4629 564 4688 sed
578 4629 688 4707 aliquid
702 4647 764 4688 esse
780 4626 1004 4708 supematuralc,
1020 4625 1114 4704 qualis
1128 4633 1189 4685 erat
1209 4626 1303 4702 splen·

1185 4719 1202 4759 o
