3152 5178
236 328 293 386 192
731 339 822 383 cocus
836 341 970 384 nunnius.
1234 320 1362 403 [ouum.
1377 342 1455 382 ιω.

234 504 300 560 cese,
315 481 369 542 dec.
391 480 443 542 sed
461 481 518 542 hoc
538 483 730 562 tutemet&
744 479 858 558 dicitur,
872 489 906 542 ut
926 481 1027 540 innuet
1040 499 1072 540 se
1084 479 1199 540 boniet
1219 483 1316 550 uncti
1333 481 1457 560 judicis

234 573 331 642 portes
344 563 471 640 implere,
486 569 516 620 et
528 562 602 620 nihil
616 569 722 620 temere
736 559 785 620 vel
797 561 996 638 pronunciare,
1011 559 1060 620 vel
1074 561 1188 638 exequi,
1204 571 1238 620 ut
1248 561 1344 638 judex
1358 583 1455 623 occu-

233 652 313 703 retus
327 643 431 701 iurem
446 642 537 720 ipsum
550 659 678 720 presens
691 639 819 717 inquirit,
833 661 870 700 ne
883 641 1096 719 praecipitenter
1108 641 1181 719 quid
1194 649 1273 719 eget

273 722 434 782 XXVIII.
457 721 537 781 Deus
557 720 663 781 dicitur
680 728 832 798 expectere
850 740 959 780 urese
982 720 1076 796 vinee,
1102 720 1149 780 Is.·
1166 741 1196 780 v.
1220 725 1250 780 4.
1273 741 1332 781 non
1363 721 1456 800 quod

233 802 357 862 nesciret
378 801 450 880 quid
471 809 547 860 esset
570 809 749 874 eventunrm,
775 799 827 859 sed
845 800 1020 862 :humanitus
1041 800 1097 860 boc
1119 799 1234 877 dicitur,
1264 800 1346 880 quod
1367 802 1455 862 serio

232 881 382 940 mandaret
401 881 508 960 populo
522 900 575 940 suo
589 887 622 939 ut
641 878 725 940 bonis
746 879 880 957 operibus
901 879 1039 956 studeret,
1061 887 1091 939 et
1111 900 1146 939 ec
1167 890 1249 942 eeeet,
1264 889 1371 941 nature
1393 881 1458 942 do·.

232 981 335 1020 norum
355 961 534 1036 collatorum,
556 967 664 1019 utnon
682 960 777 1019 minus
797 979 835 1018 ex
854 959 891 1018 iie
912 959 1030 1020 deberet
1049 959 1176 1018 fructum
1197 969 1363 1038 expectere,
1386 960 1455 1020 nisi

233 1041 403 1100 incidissent
422 1040 454 1098 in
474 1039 568 1100 solum
588 1039 742 1117 iugretum
764 1059 850 1117 quem
864 1038 983 1100 sedulus
996 1039 1125 1118 agricole
1145 1039 1272 1100 [ructum
1293 1041 1370 1102 solet
1392 1061 1452 1100 ex-

232 1129 348 1200 pectere
362 1141 400 1180 ex
414 1121 500 1179 vinee
512 1120 567 1180 rite
580 1119 706 1180 exculte.
800 1155 802 1160 ·
1167 1177 1170 1182 ,
1369 1147 1373 1160 ¹

274 1199 403 1259 XXIX.
427 1199 548 1274 Quando
563 1199 643 1258 Deus
657 1197 781 1276 concipit
793 1197 890 1258 futrue
903 1197 1100 1275 contingentia
1113 1207 1146 1258 ut
1160 1205 1240 1258 certo
1261 1199 1368 1276 future,
1383 1219 1452 1260 non

234 1279 359 1357 concipit
380 1299 415 1338 ee
427 1279 511 1339 eliter
523 1299 610 1416 poem
631 1286 715 1354 sunt3
737 1277 790 1337 sed
802 1297 837 1337 ee
857 1277 945 1337 relate
959 1277 997 1337 ed
1010 1278 1158 1338 decretum
1178 1279 1270 1353 novit,
1293 1289 1328 1340 ut
1341 1300 1448 1340 necee-

233 1359 309 1418 serio
323 1368 462 1420 eventura
476 1367 505 1418 et
546 1358 722 1432 eterminetc,
744 1377 810 1435 quen
829 1357 919 1416 relato
939 1357 977 1416 ed
997 1377 1099 1416 causes
1120 1378 1188 1418 sues
1209 1359 1293 1418 novit
1314 1359 1449 1420 indeter-

233 1439 342 1498 minata
356 1446 386 1497 et
406 1438 606 1514 contingenter
618 1437 723 1497 subire
766 1437 885 1496 Praeecit
905 1457 975 1514 ergo
995 1457 1030 1496 ee
1051 1437 1141 1514 Deus,
1164 1446 1226 1496 tum
1240 1437 1271 1496 in
1288 1439 1391 1516 serpso,
1416 1449 1450 1498 et

233 1518 349 1578 decreto
364 1538 416 1577 suo
430 1526 463 1576 ut
476 1518 568 1594 prime
581 1537 675 1592 causa,
692 1526 721 1576 et
734 1516 776 1576 sic
789 1517 951 1576 necessarie
965 1526 1032 1577 sunt
1045 1525 1162 1595 propter
1174 1517 1449 1578 immutabilitatem

233 1597 342 1657 decreti
362 1603 391 1655 et
411 1595 645 1656 infallibilitatem
665 1595 872 1674 prescientiam
894 1604 956 1656 tum
975 1596 1007 1656 iu
1026 1597 1118 1656 cature
1138 1599 1275 1674 senode,
1296 1598 1449 1675 equibus

232 1677 363 1754 proxime
378 1685 407 1736 et
420 1676 584 1738 immediate
603 1676 779 1756 dependent,
798 1695 864 1755 que
884 1684 952 1737 sunt
971 1695 1023 1756 per
1037 1696 1068 1738 se
1082 1675 1250 1755 indefinite,
1273 1684 1304 1738 et
1317 1677 1360 1738 ite
1373 1686 1448 1738 srmt

234 1756 441 1834 contingentia.
1346 1805 1348 1808 .

677 1994 872 2072 cumerio
894 1993 989 2056 xru.

668 2174 709 2215 DE
730 2173 867 2216 sumum
891 2172 996 2214 nunu.

233 2316 281 2373 nn
289 2323 399 2392 precer
412 2313 1040 2391 seniemnmranneereeamnor
1054 2287 1448 2392 inuenerem

421 2393 544 2452 Media!
584 2393 658 2470 Neg.
673 2401 774 2452 oontm
786 2393 925 2470 Jesuitas,
942 2393 1038 2453 socin
1053 2402 1083 2454 et
1097 2395 1248 2454 Remonst.

234 2584 476 2698 &renutu
495 2549 686 2706 nutu
698 2549 964 2709 {ltititittn
976 2551 1445 2710 ritinut‘rtutnu

252 2659 337 2747 bbere
493 2717 589 2788 potest
603 2709 763 2770 extrinsece
776 2711 887 2770 ratione
906 2711 1101 2788 objectorum
1124 2711 1198 2772 solet
1211 2731 1282 2771 vero
1296 2711 1445 2790 distingui

231 2787 322 2865 vulgo
336 2806 354 2846 e
367 2787 524 2866 Theologie
538 2789 569 2848 in
582 2789 733 2850 Βοίετιιίαιη
746 2791 878 2868 simplicis
891 2789 1075 2868 intellipentioe
1088 2811 1140 2853 eeu
1159 2793 1330 2867 naturalem,
1353 2801 1384 2852 et
1398 2793 1443 2850 in-

232 2868 383 2946 definitum,
399 2866 439 2927 Et
452 2869 603 2928 Scientiam
617 2871 742 2945 liberam,
765 2890 816 2930 eeu
836 2870 947 2929 onmem
968 2879 997 2930 et
1018 2872 1180 2950 definitam
1200 2870 1252 2930 ille
1272 2880 1318 2930 est
1339 2891 1442 2934 renen

231 2967 308 3007 erere
321 2947 503 3025 poecibilium,
519 2969 641 3028 quicque
654 2949 719 3010 ideo
733 2951 878 3030 indefinita
890 2959 1018 3028 vocetur,
1033 2951 1102 3028 quie
1115 2950 1189 3010 nibil
1206 2950 1242 3011 de
1257 2950 1317 3009 illis
1335 2949 1441 3010 defini·

193 3099 198 3106 ι
231 3035 294 3086 tum
307 3037 353 3087 est
366 3028 397 3086 in
410 3029 576 3089 ulterutram
589 3037 700 3108 partem
714 3029 791 3108 apud
806 3029 919 3090 Deum:
941 3029 1003 3090 Iste
1016 3038 1061 3090 est
1073 3032 1357 3106 rerumficturarum,
1372 3049 1442 3108 quae

232 3109 346 3186 definita
359 3107 472 3185 dieitur,
494 3110 563 3188 quie
576 3129 623 3170 res
642 3107 745 3169 futur-ce
766 3109 892 3170 definite
913 3117 980 3170 eunt
999 3118 1077 3169 certo
1099 3110 1156 3168 Dei
1176 3109 1306 3170 consilio.
1351 3109 1441 3170 Unde

232 3186 369 3246 differunt
381 3187 457 3247 inter
470 3209 510 3266 se,
528 3193 554 3249 1.
569 3191 679 3266 objecto,
694 3189 763 3268 quie
781 3188 902 3250 scientie
914 3189 1052 3248 naturalis
1066 3197 1198 3250 versetur
1212 3189 1288 3249 circe
1302 3209 1350 3248 res
1370 3209 1441 3267 pos·

231 3266 348 3343 eibilee3
370 3265 476 3326 Libere
489 3289 559 3329 vero
580 3269 656 3329 circe
668 3289 715 3328 res
728 3269 856 3345 futurem
878 3273 906 3328 2.
919 3271 1114 3346 firndamcoto,
1130 3268 1199 3347 quie
1217 3268 1340 3328 scientie
1353 3278 1439 3329 netu-

231 3345 300 3403 relis
314 3344 450 3404 fundetur
463 3347 494 3405 in
510 3345 727 3427 omnipotentie
740 3349 813 3426 Dei;
836 3348 941 3408 Libere
954 3368 1023 3407 vero
1036 3345 1143 3425 pendet
1156 3349 1193 3407 eb
1207 3348 1271 3425 ejus
1284 3349 1440 3409 voluntate

231 3432 261 3484 et
274 3423 399 3498 decreto,
414 3444 466 3500 per
479 3428 557 3503 quod
571 3447 617 3486 res
631 3448 648 3486 e
662 3436 740 3488 stetu
760 3427 958 3506 possibilitatis
979 3433 1127 3486 nenseunt
1143 3426 1182 3485 ed
1202 3435 1311 3487 statum
1330 3427 1437 3489 futuri·

231 3502 335 3577 tiouis;
358 3505 385 3561 3.
401 3505 508 3580 ordine,
531 3507 598 3583 quie
619 3507 740 3566 scientie
759 3507 899 3568 naturalis
918 3506 1061 3566 antecedit
1081 3506 1237 3583 decretum,
1258 3507 1353 3567 libere
1366 3527 1437 3568 vero

229 3581 454 3720 illudlpeequitur,
470 3584 539 3661 quie
557 3586 686 3646 intuetur
702 3605 749 3647 ree
769 3596 802 3647 ut
821 3587 948 3663 funues3
969 3585 1072 3646 future
1092 3593 1189 3646 cutem
1209 3605 1269 3645 non
1289 3595 1361 3646 eunt
1380 3587 1438 3648 nisi

268 3682 284 3720 r
344 3669 462 3722 cretum.

231 3681 268 3741 pe
375 3807 380 3818 ,
433 3806 440 3820 ,
553 3744 596 3804 ΙΙ.
618 3743 727 3805 Praeter
740 3745 813 3806 duee
832 3745 920 3806 besee
942 3743 1075 3806 Scientiae
1095 3743 1203 3804 divine
1223 3744 1346 3824 species,
1365 3745 1436 3806 Ter-

232 3806 471 3912 Qsffiffi'rffofli'ffl
491 3821 562 3882 tium
575 3825 777 3903 excogitarunt
796 3825 919 3886 Jesuitae
936 3826 1071 3900 Fonscoo,
1093 3825 1214 3900 Loesius,
1235 3825 1359 3901 Melina,
1382 3845 1436 3884 nec

235 3949 240 3960 .
450 3897 457 3912 “
492 3903 569 3962 enim
589 3903 664 3964 inter
684 3905 894 3982 conconvenit,
917 3904 982 3982 quis
1006 3903 1096 3982 spurii
1115 3903 1199 3964 istius
1216 3903 1305 3965 Ioetus
1326 3907 1366 3964 sit
1383 3925 1435 3983 ge·

229 3983 336 4046 nuinus
348 4003 461 4062 percus,
484 3983 607 4062 cingulis
626 3985 703 4044 hunc
724 3985 780 4045 sibi
794 3983 1015 4059 vindicantibus,
1037 4003 1124 4060 quem
1143 3984 1272 4044 Medium
1285 3983 1435 4060 dixerunt,

229 4064 308 4142 quod
321 4063 418 4124 medie
431 4064 468 4123 sit
481 4063 556 4123 inter
569 4064 730 4125 naturalem
747 4073 777 4126 et
788 4064 917 4140 liberem,
938 4071 967 4124 et
987 4061 1100 4123 differet
1120 4062 1157 4122 eb
1175 4073 1315 4140 uti-nqu03
1337 4063 1376 4123 eb
1390 4064 1434 4122 in·

228 4145 347 4204 definite
360 4152 390 4203 et
403 4144 535 4220 neturuli
550 4144 619 4222 quie
631 4153 763 4204 versetur
775 4144 851 4205 circa
864 4143 967 4220 bitere,
982 4163 1041 4202 non
1054 4162 1123 4202 vero
1137 4141 1213 4202 circe
1225 4143 1394 4220 possibilis;
1416 4163 1435 4206 a

228 4223 320 4284 libero
334 4243 412 4300 vero,
434 4224 504 4302 quie
516 4243 575 4284 non
589 4224 627 4284 sit
640 4233 718 4285 certo
737 4224 907 4298 futurorum,
929 4223 981 4284 eed
994 4230 1106 4284 tentum
1119 4242 1158 4282 ex
1176 4221 1343 4300 hypothesi.
1386 4224 1434 4282 lte

228 4310 325 4360 entem
341 4303 497 4362 Scientiem
517 4303 603 4363 istem
623 4303 747 4364 medium
768 4303 916 4364 Autbores
934 4303 1089 4381 explicent,
1110 4310 1143 4361 ut
1161 4301 1259 4362 dicent
1272 4321 1338 4362 cese
1353 4302 1431 4361 Prn-

228 4380 378 4440 scientiem
401 4383 457 4442 Dei
476 4383 553 4442 circe
572 4383 669 4444 future
688 4383 892 4460 conditionate,
914 4401 1037 4461 quorum
1057 4381 1165 4441 veritas
1185 4401 1244 4441 non
1264 4382 1392 4460 pendeat
1413 4401 1432 4439 e

229 4456 345 4518 decreto
360 4461 416 4518 Dei
429 4461 529 4538 libero,
551 4483 617 4523 cum
634 4461 707 4524 illud
726 4461 895 4540 entecedet;
916 4460 968 4522 sed
988 4481 1008 4520 e
1025 4461 1157 4522 libertate
1173 4469 1321 4537 ereetum,
1344 4480 1429 4539 quem

229 4543 308 4592 certo
321 4539 455 4612 previdit
465 4542 554 4616 Deus,
566 4543 629 4604 eive
643 4541 672 4602 in
687 4562 727 4618 se,
738 4542 799 4604 sive
810 4542 841 4602 in
854 4561 894 4618 re,
908 4541 1053 4621 quomodo
1066 4541 1189 4619 seipeem
1204 4540 1242 4600 sit
1255 4539 1429 4602 determine·

230 4621 302 4688 ture,
318 4615 343 4672 ei
357 4614 387 4674 in
401 4617 452 4676 teli
466 4640 561 4680 rerum
575 4621 675 4684 ordine
689 4623 886 4683 collocaretur.
