3250 5176
268 327 326 384 tls
750 343 840 387 aecus
854 341 994 384 seorsus.
1229 371 1233 380 .
1285 318 1418 401 [eumer.
1434 341 1478 383 ιι.

266 485 400 563 positivae
424 485 462 544 ad
483 494 636 564 utrumque
660 486 873 564 oppositorum,
904 483 956 544 sed
982 489 1094 542 tantum
1117 480 1238 540 libertas
1257 479 1420 558 rationalis,
1443 490 1480 542 ut

265 565 339 624 nihil
352 567 409 624 nisi
423 573 525 644 sponte
539 575 568 638 et
581 567 737 626 deliberate
751 575 829 644 agat.

310 645 472 704 XXXVI.
488 647 570 706 Licet
583 645 730 724 irregeniti
740 647 853 724 possint
865 644 943 704 nolle
956 641 1064 719 venire,
1079 649 1108 701 et
1122 639 1255 700 resistere
1267 640 1331 700 Deo
1341 643 1477 720 vocanti3
1582 681 1583 690 ι

267 723 335 784 Νοιι
348 725 478 802 sequitur
499 745 550 786 eos
570 725 677 804 pariter
701 746 786 804 posse
810 726 887 784 velle
901 725 1009 800 venire,
1033 731 1063 782 et
1085 729 1237 780 vocantem
1259 720 1356 780 Deum
1371 723 1475 799 sequi:

267 803 343 864 Nam
356 807 436 884 prius
458 805 531 865 illud
544 815 588 864 est
610 806 704 865 morbi
718 815 746 865 et
760 805 984 883 imperfectionis
997 803 1154 877 hominum,
1178 800 1258 878 quod
1279 801 1338 860 illis
1350 802 1383 859 in
1397 813 1477 862 stetu

266 895 377 944 naturae
390 885 478 964 lapsae
491 888 533 944 ita
544 886 691 963 proprium
706 893 758 962 est,
781 895 815 945 ut
838 886 910 944 nihil
924 883 1004 944 aliud
1016 883 1128 961 possint
1141 891 1192 940 eut
1205 880 1299 940 facere
1313 889 1364 940 aut
1377 883 1478 942 velle:
1583 930 1584 960 ,

266 963 310 1022 At
324 963 379 1024 hoe
396 964 538 1042 posterius
551 974 597 1023 est
610 966 827 1025 restaurationis
839 965 1035 1044 pergratiam,
1050 971 1080 1021 et
1100 961 1178 1020 illius
1202 980 1276 1038 opus
1297 961 1423 1038 speciale
1443 963 1476 1020 in
1583 977 1584 982 ’

265 1043 369 1119 nobis;
391 1045 526 1104 Censura
540 1063 610 1121 ergo
624 1053 654 1104 et
666 1045 886 1124 redargutiones
896 1065 961 1122 qua
975 1044 1014 1102 ad
1023 1044 1102 1120 ipsos
1115 1040 1288 1118 diriguntur,
1303 1061 1361 1099 non
1377 1051 1474 1100 osten·

266 1122 340 1182 dunt
352 1124 423 1200 quid
434 1123 548 1202 possint
562 1124 638 1202 boni,
655 1123 707 1184 sed
721 1125 792 1203 quid
805 1125 930 1185 debeant
943 1143 981 1184 ex
995 1121 1099 1197 officio,
1113 1129 1143 1180 et
1156 1141 1243 1199 quam
1259 1121 1335 1181 ultro
1348 1121 1381 1179 in
1393 1122 1476 1181 illius

265 1222 296 1262 re
349 1223 382 1262 as
395 1204 434 1261 im
493 1204 576 1264 erint.

297 1203 493 1342 gXIXXVIIX3
508 1285 589 1342 Mala
609 1303 702 1362 pmnae
724 1284 826 1343 merito
850 1283 985 1342 dicuntur
1007 1281 1118 1341 inflicta
1141 1280 1341 1359 peccatoribus
1355 1291 1478 1359 propter

266 1381 320 1421 sua
333 1363 450 1441 scelera,
462 1363 484 1423 J
485 1383 525 1424 er.
540 1365 634 1424 xxxii.
644 1366 692 1442 23,
707 1382 766 1423 non
774 1363 852 1441 quod
865 1363 1011 1441 potuerint
1023 1363 1054 1421 in
1069 1369 1147 1420 statu
1161 1361 1267 1420 nativa
1281 1362 1476 1439 corruptionis

266 1442 341 1501 bens
361 1461 456 1521 agere,
472 1452 572 1504 contra
591 1463 678 1522 quam
699 1443 784 1504 docet
804 1442 866 1522 ipse
888 1443 1040 1516 Ieremias,
1060 1461 1123 1519 cap.
1138 1440 1201 1498 xiii.
1216 1444 1264 1517 23,
1288 1443 1307 1474 “
1323 1441 1354 1500 Si
1376 1450 1477 1519 potest

266 1531 380 1582 mutue
391 1523 530 1601 AEthiops
543 1523 649 1602 pellem
663 1544 753 1600 suam,
769 1531 819 1582 aut
832 1523 939 1601 pardus
952 1523 1098 1596 maculas;
1121 1521 1161 1579 Et
1171 1539 1225 1579 vos
1239 1522 1371 1598 poteritis
1384 1522 1473 1580 beus-

266 1601 369 1679 facere,
385 1623 451 1662 oum
465 1604 572 1663 malum
587 1604 783 1680 didiceritis;”
805 1601 857 1662 sed
877 1603 946 1680 quia
966 1602 1022 1662 hoc
1046 1609 1091 1660 est
1107 1601 1158 1678 jus
1183 1600 1248 1676 Dei,
1273 1608 1306 1660 ut
1320 1601 1390 1678 quia
1402 1602 1477 1660 talia

265 1690 382 1759 patrant
395 1683 477 1761 digni
491 1683 550 1742 sint
563 1693 664 1743 morte.
689 1684 791 1760 Neque
805 1683 835 1740 in
850 1683 990 1742 scelerum
1003 1680 1097 1759 poenia
1110 1679 1221 1739 attendi
1234 1680 1321 1740 debet
1335 1681 1407 1758 quid
1420 1682 1473 1739 ho-

265 1761 358 1820 mines
372 1763 525 1839 potuerint,
541 1761 593 1821 sed
606 1763 677 1841 quid
691 1783 728 1822 ex
742 1762 835 1822 officio
850 1763 1019 1838 debuerint;
1041 1781 1107 1820 cum
1121 1760 1179 1818 illis
1194 1759 1400 1820 convincendis
1414 1761 1474 1820 sui-

265 1840 352 1916 ficiet,
378 1841 456 1919 quod
477 1843 586 1902 melum
599 1851 715 1921 putrent
737 1842 902 1919 deliberate,
927 1843 1013 1920 ultro,
1034 1849 1064 1901 et
1078 1859 1131 1900 sua
1144 1847 1255 1918 sponte,
1271 1849 1475 1919 contraquam

265 1921 321 1982 sibi
334 1921 498 1982 faciendum
512 1943 575 1982 esse
589 1923 696 2000 optime
710 1931 861 1982 noverunt.

308 2001 504 2062 XXXVIII.
527 2004 621 2062 Causa
635 2002 808 2062 discriminis
823 2004 896 2062 inter
908 2002 1040 2062 homines
1060 1999 1152 2060 honos
1166 2010 1196 2060 et
1215 2001 1316 2076 malos,
1336 2001 1476 2060 meliores
1532 1979 1539 1996 ⁵

266 2100 300 2141 ae
323 2082 446 2159 pejores,
472 2103 530 2142 non
552 2083 677 2160 petenda
690 2090 735 2142 est
748 2103 766 2141 a
779 2083 903 2142 naturali
917 2081 1111 2141 indifferentia
1125 2090 1154 2141 et
1168 2081 1353 2140 inclinatione
1367 2081 1406 2140 ad
1419 2082 1474 2140 bo·

265 2181 336 2220 num
351 2182 432 2238 seque
446 2182 480 2221 ac
493 2162 601 2221 malum
616 2162 724 2240 absque
739 2163 840 2240 grstia.
885 2163 933 2222 Sic
954 2163 1032 2221 enim
1052 2181 1152 2220 omnes
1166 2181 1248 2238 sque
1261 2161 1345 2240 proni
1358 2159 1397 2218 ad
1410 2181 1473 2219 ma-

264 2239 327 2300 lum
347 2243 500 2319 nascimur,
516 2241 569 2302 nec
591 2244 664 2302 alter
677 2243 767 2302 altero
781 2243 883 2302 melior
896 2243 945 2301 vel
957 2243 1041 2320 pejor
1053 2240 1286 2319 deprehenditur.
1329 2241 1390 2300 Sed
1402 2261 1472 2300 con·

265 2319 343 2382 sistit
356 2329 489 2400 respectu
501 2323 697 2400 regenitorum
710 2323 741 2382 in
755 2325 848 2400 gratia
861 2321 1085 2395 discriminante,
1110 2339 1168 2398 qua
1188 2321 1225 2378 ab
1238 2321 1304 2380 eliis
1317 2341 1473 2380 secernun-

267 2408 322 2476 tur,
340 2403 355 2458 1
372 2402 437 2462 Cor.
451 2403 492 2462 iv.
516 2405 543 2477 7,
569 2411 702 2481 respectu
724 2423 793 2462 vero
817 2402 1037 2479 irregonitorum
1055 2402 1086 2458 in
1100 2401 1260 2459 communis
1281 2401 1473 2478 providentias

264 2481 1473 2638 suffitttdttttttttttttt‘ttttitttttttt‘ttett

264 2637 374 2715 absque
387 2657 445 2716 quo
459 2639 485 2696 si
499 2648 583 2714 esset,
598 2641 685 2698 homo
698 2640 819 2700 licenter
832 2660 863 2699 se
878 2605 1052 2700 diffunderet
1072 2640 1102 2698 in
1116 2641 1227 2718 quasvis
1240 2639 1352 2717 flagitia
1364 2649 1395 2699 et
1408 2660 1470 2699 sce·

263 2717 333 2794 lora,
358 2724 389 2777 et
408 2716 534 2777 mundus
546 2719 577 2776 in
595 2719 777 2778 latrocinium
790 2720 891 2779 abiret.
934 2721 1007 2780 Cum
1021 2740 1091 2780 vero
1105 2719 1177 2779 velit
1190 2720 1356 2778 societatem
1369 2720 1473 2778 huma·

264 2816 332 2858 uam
346 2797 518 2874 conservari,
542 2800 670 2858 omnium
693 2800 800 2878 pariter
821 2799 940 2860 ferocire
964 2799 1138 2878 proterviam
1163 2819 1221 2860 non
1235 2799 1312 2874 sinit,
1332 2799 1385 2858 sed
1398 2800 1474 2859 alios

264 2885 344 2938 metu
357 2898 450 2956 prenae
465 2879 628 2957 compescit,
644 2879 716 2939 alios
740 2899 837 2940 amore
860 2881 971 2958 premii
985 2879 1124 2954 accendit,
1148 2879 1256 2958 alioqui
1269 2890 1384 2938 summa·
1395 2889 1474 2939 esset

264 2977 361 3017 rerum
375 2959 513 3035 confusio,
529 2959 554 3018 si
568 2979 655 3038 quam
665 2960 749 3038 proni
763 2969 830 3020 sunt
845 2981 944 3019 omncs
958 2960 995 3018 ad
1009 2960 1119 3037 quasvis
1133 2960 1218 3035 mala,
1239 2967 1298 3018 tam
1312 2959 1343 3017 in
1357 2979 1392 3018 ea
1405 2978 1471 3037 pro-

264 3048 438 3116 rumperent.
481 3039 532 3098 Ad
545 3041 598 3100 hos
613 3060 683 3099 vero
696 3039 815 3100 effectrrs
828 3040 1036 3118 producendos,
1053 3041 1134 3098 Deus
1154 3058 1359 3116 nonuunquam
1380 3041 1473 3098 utitur·

264 3117 368 3178 mediis
382 3119 555 3197 quibusdam
569 3130 600 3180 et
612 3121 706 3180 carreis
721 3120 863 3196 secundis,
879 3121 980 3197 quales
1000 3127 1068 3178 sunt
1089 3122 1115 3178 1.
1127 3120 1223 3194 εὐφυΐα,
1239 3119 1349 3178 scilicet
1362 3120 1473 3177 bonitas

265 3206 384 3273 mucro,
408 3218 446 3257 ex
470 3219 529 3276 qua
542 3200 634 3278 major
648 3201 695 3260 vel
708 3201 802 3258 minor
816 3210 860 3260 est
873 3199 1021 3259 inclinatio
1035 3198 1072 3258 ad
1087 3199 1158 3258 vitia
1171 3218 1222 3277 pro
1236 3199 1347 3257 ratione
1360 3206 1472 3276 tempe·

265 3278 397 3337 ramenti.
439 3283 467 3337 2.
488 3281 632 3340 Educatio
646 3289 675 3339 et
688 3279 830 3356 instinctio,
853 3281 937 3358 cujus
957 3299 1063 3356 magna
1076 3280 1121 3337 vis
1136 3287 1180 3338 est
1193 3279 1224 3336 in
1237 3277 1396 3351 sormaqdis
1409 3298 1471 3337 mo-

264 3355 345 3414 ribus
359 3365 389 3415 et
402 3357 581 3435 corrigendis
595 3359 683 3418 vitiis.
725 3362 754 3418 3.
777 3361 953 3420 Oormoetudo
973 3367 1003 3419 et
1022 3359 1163 3418 corsortia
1182 3359 1382 3434 alienamque
1396 3358 1469 3416 mul·

264 3441 327 3494 tum
341 3435 484 3494 valentin
497 3445 649 3514 utramque
661 3446 786 3514 partem;
808 3439 881 3498 tales
901 3439 960 3498 fere
975 3458 1082 3512 sumus,
1097 3438 1199 3515 quales
1213 3445 1280 3496 sunt
1298 3437 1471 3514 quibuscum

264 3531 422 3572 versamur.
457 3517 486 3573 4.
501 3515 661 3590 Disciplina
674 3517 760 3575 civiles
773 3519 851 3576 circo
860 3519 984 3594 proerrua
997 3527 1024 3576 et
1030 3537 1139 3594 poerras,
1155 3517 1261 3594 quibus
1275 3517 1388 3576 duobus
1402 3537 1471 3576 con-

264 3591 350 3654 sineri
365 3593 508 3671 Rempub.
523 3593 599 3653 dixit
613 3594 705 3654 Plato.
747 3597 776 3654 5.
797 3597 929 3670 Infamia
941 3605 1038 3673 nuta,
1053 3618 1118 3674 quse
1132 3597 1204 3656 vitia
1217 3606 1247 3656 et
1260 3597 1369 3656 scelera
1382 3597 1471 3654 comi-

264 3672 320 3734 teri
334 3672 416 3748 solet,
432 3681 461 3734 et
473 3673 557 3734 bona
571 3673 654 3733 samse
678 3675 867 3752 conservatio,
892 3677 975 3752 cujus
998 3677 1155 3736 maximam
1177 3676 1317 3735 rationem
1342 3675 1473 3735 saniores

265 3752 341 3812 inter
355 3753 496 3814 Ethnicos
509 3755 610 3813 haberi
623 3754 779 3831 volebant,
800 3754 878 3814 unde
892 3755 977 3814 vitam
992 3765 1017 3814 et
1030 3757 1162 3815 honorem
1181 3757 1255 3832 pari
1268 3776 1359 3832 mesu
1372 3757 1470 3815 amba·

265 3835 328 3891 lare
342 3832 486 3910 dixerunt,
502 3844 531 3894 et
544 3854 604 3911 prae
618 3835 730 3894 ceteris
743 3835 849 3896 famam
863 3834 1034 3896 servandam
1048 3855 1121 3913 esse,
1132 3837 1220 3914 juxta
1233 3833 1315 3912 illud,
1337 3837 1433 3896 omnia
1446 3837 1474 3894 si

260 3913 500 3988 partissafernem
514 3935 629 3974 tenure
642 3925 786 3975 monento.

393 4051 398 4062 ,
569 3993 734 4053 XXXIX.
755 3996 925 4072 Impoteatr'a
938 3995 1064 4054 hominis
1120 3995 1252 4070 ccatoris,
1274 4015 1327 4054 nee
1341 4001 1387 4053 est
1400 3995 1470 4053 sim·

266 4047 509 4155 Imffifflfffi‘,
530 4073 643 4150 pliciter
670 4073 793 4132 dicenda
815 4077 940 4150 morales,
969 4095 1023 4134 con
1092 4075 1206 4134 'stincte
1234 4075 1272 4133 sd
1296 4077 1469 4150 naturalem,

295 4165 358 4212 star
403 4125 509 4236 moedis,
529 4163 614 4230 prout
627 4157 655 4212 rt
669 4152 816 4213 moraliter
828 4153 1006 4231 impossihile
1020 4153 1125 4214 dieitur
1147 4153 1331 4232 Philosophia
1352 4153 1469 4212 morali·

294 4225 509 4328 ssffimuffl'
529 4232 584 4292 hus
597 4231 629 4291 id
642 4232 721 4310 quod
733 4234 792 4292 tale
806 4243 850 4292 est
864 4235 960 4310 potius
974 4253 1012 4292 ox
1025 4233 1242 4308 consuetudine,
1257 4253 1343 4311 quam
1358 4253 1395 4291 ex
1416 4253 1470 4291 na-

529 4319 602 4388 tum,
617 4320 647 4371 et
660 4310 739 4389 quod
763 4311 916 4372 difficulter
939 4313 1057 4391 quidem
1071 4313 1112 4389 fir,
1125 4313 1158 4372 fit
1181 4321 1279 4372 tamar
1301 4311 1467 4388 aliquando,

264 4409 319 4450 nec
339 4390 376 4450 iis
389 4410 454 4467 quse
468 4391 600 4450 absolute
621 4399 689 4452 sunt
702 4387 814 4452 ι’ὶΰκτι
833 4393 979 4452 accenseri
998 4391 1104 4468 debet,
1125 4412 1191 4452 cum
1205 4392 1261 4452 ista
1274 4390 1402 4467 ὶὶυκμάι
1414 4411 1469 4450 no-

264 4467 311 4526 bis
325 4469 364 4528 sit
376 4469 475 4529 inuata
488 4477 518 4529 et
531 4470 733 4562 insuperabilis
745 4494 752 4547 ς
775 4471 837 4530 Noc
850 4471 1019 4550 simpliciter
1028 4473 1176 4548 mturaht,
1192 4482 1277 4548 prout
1291 4471 1321 4530 id
1335 4471 1470 4530 naturale

264 4549 318 4615 est,
329 4563 347 4600 a
360 4565 418 4619 quo
431 4567 525 4624 neqm
535 4547 604 4607 bom
617 4567 711 4625 noque
724 4549 794 4608 muli
808 4549 943 4626 dicimur;
958 4569 1023 4610 cum
1039 4559 1147 4610 certum
1162 4551 1200 4610 sit
1213 4551 1413 4628 impotentiam
1427 4551 1467 4609 is·

264 4626 324 4676 tem
338 4621 472 4682 vitiosam
486 4645 549 4684 esse
571 4635 601 4685 et
623 4627 813 4705 errlpabilem;
837 4628 894 4687 Vel
915 4638 1001 4706 prout
1024 4629 1154 4689 naturale
1176 4629 1470 4706 contradistinguitur
