3158 5180
126 348 243 400 coner.
259 327 365 413 xvim]
558 349 597 390 ns
612 323 908 395 ranossrrnenoirs.
1283 339 1342 404 nrt

126 493 177 570 agi
189 493 357 570 potuerint3
379 511 445 550 cum
464 490 676 552 smcessionem
695 493 801 570 prioris
820 501 851 554 et
870 489 1038 570 posterioris
1061 493 1224 554 neeemmlo
1244 504 1343 572 postu·

126 573 215 631 lent?
256 573 372 650 Quippe
392 571 508 630 decreto
522 572 652 649 generffl
671 573 800 634 omnium
814 574 937 634 salutem
951 574 1024 648 vult,
1047 582 1076 633 et
1090 575 1209 651 speciali
1230 584 1343 636 tantum

124 671 307 730 paucorum:
330 652 388 710 lllo
402 660 481 711 emat
494 651 632 729 impense,
647 672 722 729 quoe
734 653 792 714 isto
806 653 868 712 odit
882 662 911 714 et
925 661 1096 714 aversatur:
1117 654 1174 714 lllo
1196 655 1343 716 Christum

125 732 208 808 dare,
224 741 255 790 et
267 751 373 790 vocare
387 730 426 789 ad
438 731 526 790 fidem
540 741 570 791 et
582 731 782 810 poenitentiam
796 733 906 808 stetuit,
929 743 1082 811 antequam
1105 735 1257 812 reprobet;
1280 736 1343 796 Isto

124 830 200 870 vero
214 811 353 888 reprobat
373 831 431 886 sos,
454 829 528 888 quos
548 811 673 872 rebelles
692 812 830 890 praevidit
850 813 998 874 vocationi
1018 813 1139 890 futuros,
1161 823 1248 891 etque
1269 815 1343 874 adeo

125 899 342 969 consequenter
355 899 469 950 tantum
482 890 520 950 ed
532 891 682 951 decretum
696 893 883 969 Vocationis;
905 913 999 970 eoquo
1018 893 1120 971 magis,
1142 894 1221 970 quod
1235 915 1272 954 ex
1287 896 1344 956 iste

124 971 287 1049 hypothesi
307 969 445 1031 statuitur
458 971 568 1030 nnllam
589 971 650 1031 lore
669 971 863 1032 sinceritatem
878 973 909 1032 in
924 973 1095 1049 Vocetione,
1117 972 1174 1032 nisi
1195 974 1342 1034 decretum

126 1051 294 1110 vocationis
307 1049 453 1128 precedat
472 1050 621 1111 decretum
642 1053 870 1129 reprobationis:
891 1054 956 1112 Irno
976 1073 1011 1112 eo
1032 1054 1095 1130 ipso
1116 1072 1174 1130 quo
1195 1054 1343 1114 decretum

126 1131 268 1208 generale
281 1129 515 1207 promittendum
529 1129 636 1190 dicitur
648 1133 812 1192 necessario
827 1133 954 1211 speciali,
976 1153 1035 1194 non
1049 1133 1172 1192 obscure
1186 1134 1342 1211 colligitur,

126 1210 186 1270 iste
199 1229 260 1268 non
273 1219 388 1270 tantum
401 1229 461 1270 non
480 1229 566 1286 poseo
580 1211 694 1289 concipi
708 1213 838 1272 simulet
852 1213 941 1272 semel
955 1213 1079 1288 anobis,
1102 1212 1155 1272 sed
1168 1233 1204 1272 ne
1225 1214 1343 1291 quidem

126 1289 160 1348 in
175 1291 241 1348 Deo
256 1309 321 1350 esee
334 1308 420 1368 posse
432 1289 492 1348 nisi
506 1291 679 1350 successive.
722 1293 844 1354 Frustra
863 1312 933 1352 vero
952 1292 1066 1368 dicitur,
1088 1312 1142 1352 nos
1156 1294 1242 1352 etiarn
1262 1295 1344 1374 prius

126 1377 159 1428 et
172 1369 320 1448 posterius
334 1369 365 1427 in
380 1369 443 1428 Deo
456 1388 573 1446 ponere,
595 1391 683 1447 quum
701 1372 849 1432 decretum
869 1372 907 1432 de
927 1372 984 1432 fine
1004 1372 1206 1450 praemittimus
1227 1372 1344 1434 decreto
1401 1419 1404 1424 -

129 1449 168 1508 da
181 1449 297 1524 mediis,
313 1448 460 1508 demotum
474 1449 625 1510 electionis
641 1450 679 1509 ad
693 1451 824 1528 salutem,
840 1452 956 1512 decreto
970 1452 1161 1512 demittendo
1176 1452 1299 1530 Christo,
1314 1463 1344 1514 et

130 1528 169 1588 de
182 1527 283 1588 dende
295 1529 371 1589 fide:
393 1527 468 1604 ania
480 1529 568 1606 longe
589 1529 740 1590 dissimilia
761 1532 967 1592 contentatur:
989 1531 1064 1590 Nam
1080 1533 1150 1592 licet
1169 1541 1287 1610 propter
1299 1534 1343 1592 in·

130 1607 300 1668 firmitatem
313 1609 420 1668 mentis
434 1617 549 1684 nostre,
565 1629 623 1668 non
637 1610 781 1687 possimus
803 1611 889 1672 simul
903 1611 1053 1690 concipere
1068 1612 1215 1672 decretum
1236 1611 1273 1672 de
1286 1613 1343 1672 fine

131 1688 215 1747 etde
236 1687 351 1764 mediis,
371 1687 424 1746 sed
437 1707 576 1766 cogamur
595 1690 670 1748 illud
683 1691 784 1768 partiri
801 1692 833 1750 in
853 1691 927 1750 duos
947 1701 1104 1769 conceptus
1124 1692 1343 1770 inadequatos:

131 1768 252 1828 Certum
266 1777 364 1828 tumen
379 1767 452 1826 nihil
466 1768 581 1828 obstare
594 1770 750 1847 quominus
770 1770 856 1830 unico
870 1779 900 1830 et
914 1770 1127 1848 simplicissimo
1145 1781 1212 1830 actu
1233 1771 1264 1830 in
1279 1773 1343 1832 Deo

131 1847 327 1922 hrelndantur,
349 1848 418 1925 quis
438 1857 507 1907 sunt
527 1849 715 1909 subordinate
735 1858 766 1909 ot
785 1850 860 1908 inter
881 1869 911 1908 se
932 1851 1092 1910 erctissime
1113 1871 1261 1928 connexa,
1285 1853 1344 1912 Sed

135 1927 205 2004 quis
219 1927 324 1987 dixerit
337 1927 459 1986 eandem
469 1927 609 1988 rationem
624 1949 687 1988 esse
699 1929 807 1989 decreti
820 1929 906 1988 istius
916 1929 1068 2007 generalis,
1083 1938 1114 1990 et
1122 1930 1263 2007 specialis,
1279 1951 1344 2008 quse

134 2026 185 2065 ree
198 2005 409 2068 diversissimas
423 2017 535 2085 ponunt
547 2017 681 2086 respectu
695 2009 834 2086 ejusdem,
849 2027 978 2068 amorem
991 2017 1021 2068 et
1034 2009 1141 2084 odium,
1164 2009 1342 2070 voluntatem

134 2085 269 2146 salvandi
282 2095 313 2147 et
325 2085 491 2162 damnandi,
512 2087 661 2148 decretum
675 2087 808 2165 vocandi,
830 2098 860 2148 et
873 2089 1021 2148 decretum
1042 2088 1188 2148 hominem
1208 2100 1344 2149 vocetmn

133 2176 165 2225 et
177 2167 316 2226 rebellem
329 2167 525 2244 reprobandi?

175 2245 250 2306 XV.
273 2247 416 2323 Secundo,
431 2247 480 2306 Ex
493 2248 549 2307 hac
563 2247 718 2326 hypothesi
732 2248 868 2309 steteritur
877 2249 958 2309 Deus
971 2247 1064 2326 primo
1078 2247 1222 2325 cogitasse
1237 2247 1273 2308 de
1284 2269 1344 2310 me

134 2325 193 2385 diis
206 2345 294 2404 quam
308 2327 345 2386 de
358 2326 425 2402 fine,
439 2335 511 2406 puts
531 2327 567 2386 do
582 2327 706 2404 Christo,
721 2329 772 2406 qui
793 2328 848 2388 fuit
861 2328 1042 2406 potissimum
1067 2327 1244 2404 exequendas
1259 2329 1344 2389 Elee-

129 2406 221 2465 tionis
234 2406 371 2482 medium,
386 2426 472 2484 quam
488 2407 528 2466 dc·
547 2407 640 2468 saluta
656 2407 841 2486 Electorum;
865 2407 944 2486 quod
958 2417 1043 2468 rectae
1057 2408 1162 2468 rationi
1184 2428 1344 2487 repugnare

131 2505 219 2546 nemo
233 2505 294 2544 non
306 2486 397 2546 ridet.
439 2487 515 2546 Nam
529 2487 559 2546 in
573 2487 652 2546 omni
672 2487 788 2548 decreto
802 2488 917 2567 sapiens
936 2489 1017 2566 prius
1030 2497 1134 2548 nutura
1149 2487 1236 2547 finem
1249 2489 1343 2549 inten-

132 2565 187 2642 dit,
202 2575 359 2643 antequem
373 2566 482 2644 cogitet
495 2566 532 2626 dc
545 2567 669 2628 mediis:
689 2569 760 2628 Jem
774 2568 929 2630 destinatio
949 2568 1120 2628 Mediatoris
1140 2587 1198 2626 non
1212 2578 1257 2628 est
1277 2569 1343 2628 finis

132 2646 238 2706 salutis
252 2646 411 2722 hominnm,
426 2647 479 2706 sed
491 2655 592 2706 eonha
605 2647 684 2706 salus
704 2648 853 2708 hominum
867 2657 912 2708 est
931 2647 998 2708 finis
1015 2649 1216 2708 destinationis
1232 2649 1343 2710 Medis·

131 2726 226 2802 toria;
257 2726 319 2785 Nec
334 2726 416 2786 Deua
437 2727 604 2786 hominibus
626 2727 751 2787 intendit
764 2729 897 2804 mintem,
911 2737 944 2788 ut
957 2729 1054 2788 mittat
1068 2728 1269 2806 Mediatorem,
1292 2729 1344 2790 sed

132 2805 260 2865 intendit
274 2805 474 2882 Mediatorem,
489 2815 523 2866 ut
537 2806 599 2866 suis
613 2807 734 2866 salutem
748 2816 890 2884 procuret
924 2807 1011 2868 Unde
1025 2817 1190 2868 constanter
1204 2809 1343 2870 hactenus

132 2885 278 2944 internos
291 2885 441 2961 creditum,
457 2886 604 2947 Christum
617 2905 682 2946 esse
695 2887 863 2965 primarium
878 2887 1037 2947 Electionis
1051 2887 1187 2962 medium,
1202 2896 1231 2947 et
1245 2889 1343 2948 decre-

132 2973 197 3024 tum
221 2965 259 3024 de
280 2985 316 3024 ao
338 2965 480 3025 mittendo
503 2965 749 3026 subordinandum
772 2985 835 3026 esse
853 2967 978 3026 Decreto
999 2966 1170 3042 Electionie,
1184 2967 1233 3026 rel
1247 2968 1343 3044 potius
1466 2973 1467 2976 ’

131 3045 371 3120 coordinandnm,
386 3054 420 3106 ut
432 3045 550 3106 unicum
571 3045 727 3117 decretum,
742 3047 812 3124 quia
832 3065 867 3105 eo
880 3047 891 3104 i
927 3066 944 3104 o
958 3045 1083 3120 decreto,
1099 3065 1157 3122 quo
1176 3047 1278 3106 statuit
1291 3047 1342 3106 ho

133 3125 228 3185 mines
242 3145 367 3200 servare,
383 3125 484 3186 stetuit
497 3145 615 3186 servare
628 3145 681 3204 per
694 3125 850 3200 Christum,
903 3145 995 3203 eoque
1016 3125 1102 3184 shnrrl
1116 3133 1146 3184 et
1159 3125 1246 3184 finem
1265 3126 1343 3186 hunc

135 3205 194 3262 sslis
208 3204 312 3280 voluit,
327 3215 357 3265 et
369 3224 421 3283 per
434 3205 490 3265 hoc
503 3205 640 3266 medium.
682 3209 710 3264 2.
719 3206 918 3266 'Confirmatur
931 3225 969 3265 ex
983 3225 1018 3264 eo
1031 3203 1111 3282 quod
1117 3204 1185 3264 finis
1197 3205 1344 3266 missionis

135 3284 244 3344 Christi
257 3285 313 3345 ruit
326 3285 439 3345 salvare
451 3285 592 3364 populum
606 3303 691 3346 suum
710 3305 729 3344 a
748 3285 875 3364 peccatis
893 3285 962 3360 suis,
979 3285 1085 3344 Matth.
1099 3285 1120 3344 i.
1134 3288 1183 3362 21,
1198 3294 1228 3345 et
1241 3286 1343 3346 Eccle-

135 3364 208 3422 siam
222 3364 281 3423 sibi
294 3365 431 3442 colligere
445 3385 483 3424 cx
496 3365 613 3440 mundo,
629 3385 716 3442 quem
730 3363 786 3426 sibi
799 3366 895 3426 uniret
906 3374 939 3425 nt
950 3367 1061 3442 Corpus
1075 3385 1159 3426 suum
1169 3367 1342 3444 mysticum3

136 3443 223 3503 Unde
237 3445 268 3502 in
282 3443 399 3504 decreto
412 3445 449 3504 de
462 3445 603 3504 ntittendo
618 3445 743 3520 Christo,
757 3446 882 3523 populus
896 3446 960 3524 ejus
970 3445 1032 3524 jam
1044 3454 1077 3505 ut
1086 3447 1154 3508 talis
1168 3447 1343 3506 considerari

135 3523 246 3598 debuit,
262 3523 341 3600 quod
353 3544 412 3583 non
426 3533 522 3602 potest
543 3543 607 3584 esse
628 3525 686 3586 nisi
699 3525 736 3584 ab
756 3526 897 3586 electione
913 3525 977 3586 Dei.
1030 3529 1058 3586 3.
1082 3526 1235 3603 Mediator,
1258 3536 1288 3586 et
1300 3527 1344 3585 illi

136 3621 260 3679 quorum
275 3603 408 3663 Christus
432 3603 532 3664 debuit
553 3623 616 3664 esse
631 3604 784 3680 Mediator,
808 3605 985 3683 Redemptor
998 3613 1028 3665 et
1046 3605 1214 3678 redimendi,
1230 3616 1297 3666 sunt
1318 3609 1343 3666 ie

134 3682 815 3841 sustinetsustinet
831 3687 932 3825 titt
950 3683 1342 3824 titinnittltissfii
1419 3737 1421 3742 ’

135 3861 201 3901 cum
223 3841 350 3902 officium
373 3841 453 3902 istud
477 3843 612 3920 importet
635 3845 807 3918 necessario,
822 3853 855 3902 ut
879 3844 918 3904 sit
931 3845 994 3902 Vns
1018 3851 1048 3902 et
1062 3845 1156 3922 Caput
1178 3807 1276 3900 dorum
1290 3863 1342 3920 pro

135 3921 242 3998 quibus
255 3920 432 3997 mittebatur,
447 3930 481 3982 nt
494 3942 525 3982 se
539 3941 638 3982 eorum
651 3923 716 3982 loeo
731 3922 932 3982 substituendo
946 3941 1047 3998 poenes
1058 3921 1131 4000 ipsis
1146 3921 1259 3980 debitas
1272 3922 1302 3979 in
1312 3943 1342 3982 se

135 4001 283 4078 reciperet,
298 4009 330 4060 et
342 4003 439 4060 omnia
451 4002 529 4061 Βοηιι
542 4001 613 4079 ipsis
622 4002 783 4080 acquireret
796 4010 825 4060 et
836 4001 1069 4060 communicaret.
1101 4001 1158 4076 Qui
1168 4020 1238 4058 vero
1249 4003 1343 4077 potuit

136 4080 248 4157 concipi
262 4079 410 4140 decretum
424 4081 461 4140 de
475 4081 591 4140 Christo
604 4080 754 4154 mittendo,
770 4081 842 4158 quin
855 4079 1066 4152 antecedenter,
1078 4080 1127 4138 vel
1141 4079 1244 4138 saltem
1256 4081 1342 4142 simul

136 4159 314 4238 concipiatur
327 4159 430 4222 electio
444 4161 568 4235 illorum,
583 4181 636 4239 pro
649 4161 755 4238 quibus
769 4179 801 4220 se
815 4159 916 4219 debuit
929 4158 1039 4232 offerre,
1055 4167 1085 4217 et
1098 4177 1221 4235 quornm
1236 4159 1298 4218 Vas
1312 4171 1342 4220 et

138 4239 232 4316 Caput
245 4239 360 4300 futurus
374 4243 461 4300 erat?
501 4241 574 4300 Cum
588 4240 663 4298 enirn
686 4241 743 4299 ista
755 4240 814 4298 sint
827 4241 944 4314 offset,
960 4238 1047 4298 simul
1060 4258 1124 4300 esse
1139 4238 1254 4314 debent,
1270 4249 1343 4300 eteo

136 4318 198 4397 ipso
212 4318 338 4394 decreto,
352 4338 411 4397 quo
425 4320 562 4380 statuitur
575 4320 721 4380 Christum
736 4319 812 4378 mitti
825 4320 856 4378 in
870 4317 1009 4378 muudum
1023 4318 1061 4377 ad
1074 4319 1197 4379 salutem
1211 4329 1343 4396 peccato·

136 4417 198 4458 rum
212 4399 409 4474 obtinendam,
424 4398 525 4459 debuit
538 4399 626 4459 etiem
639 4419 776 4460 numerus
790 4397 994 4458 salvandorum
1009 4398 1126 4456 decerni
1140 4419 1157 4456 a
1172 4399 1244 4473 Deo,
1260 4410 1290 4460 et
1300 4401 1343 4460 illi

321 4478 1105 4556 vu
1191 4479 1270 4557 u

186 4621 192 4624 -
732 4603 741 4634 ι
858 4602 865 4616 ·
945 4601 952 4616 ·
987 4603 995 4634 r
1031 4603 1039 4634 r
1076 4601 1084 4618 ⁴

177 4637 271 4697 XVI.
302 4637 399 4712 Dices,
423 4637 569 4698 Christum
591 4637 778 4715 spectandum
801 4637 919 4716 quidem
932 4657 996 4698 esse
1015 4647 1048 4697 ut
1061 4637 1198 4714 medium,
1213 4639 1264 4698 sed
1284 4660 1343 4702 non
