<?xml version="1.0" encoding="UTF-8"?>
<!DOCTYPE html PUBLIC "-//W3C//DTD XHTML 1.0 Transitional//EN"
    "http://www.w3.org/TR/xhtml1/DTD/xhtml1-transitional.dtd">
<html xmlns="http://www.w3.org/1999/xhtml" xml:lang="en" lang="en">
 <head>
  <title>
</title>
<meta http-equiv="Content-Type" content="text/html;charset=utf-8" />
  <meta name='ocr-system' content='tesseract 3.04.00' />
  <meta name='ocr-capabilities' content='ocr_page ocr_carea ocr_par ocr_line ocrx_word'/>
</head>
<body>
  <div class='ocr_page' id='page_1' title='image "./francisciturret01pictgoog_0092.png"; bbox 0 0 3158 5190; ppageno 0'>
   <div class='ocr_carea' id='block_1_1' title="bbox 103 345 1312 428">
    <p class='ocr_par' dir='ltr' id='par_1_1' title="bbox 103 345 1312 428">
     <span class='ocr_line' id='line_1_1' title="bbox 103 345 1312 428; baseline -0.002 -20"><span class='ocrx_word' id='word_1_1' title='bbox 103 365 208 416; x_wconf 67' lang='lat' dir='ltr'>eumer.</span> <span class='ocrx_word' id='word_1_2' title='bbox 223 345 299 428; x_wconf 81' lang='lat' dir='ltr'>rm]</span> <span class='ocrx_word' id='word_1_3' title='bbox 406 351 414 364; x_wconf 92' lang='lat'>&#39;</span> <span class='ocrx_word' id='word_1_4' title='bbox 602 363 642 407; x_wconf 80' lang='lat' dir='ltr'>nn</span> <span class='ocrx_word' id='word_1_5' title='bbox 656 363 834 408; x_wconf 75' lang='lat' dir='ltr'>rnnonoors.</span> <span class='ocrx_word' id='word_1_6' title='bbox 1275 349 1312 406; x_wconf 84' lang='grc'>37</span> 
     </span>
    </p>
   </div>
   <div class='ocr_carea' id='block_1_2' title="bbox 59 503 1356 4739">
    <p class='ocr_par' dir='ltr' id='par_1_2' title="bbox 99 503 1316 1304">
     <span class='ocr_line' id='line_1_2' title="bbox 101 503 1316 586; baseline -0.002 -19"><span class='ocrx_word' id='word_1_7' title='bbox 101 507 168 567; x_wconf 80' lang='lat' dir='ltr'>alias</span> <span class='ocrx_word' id='word_1_8' title='bbox 191 507 217 565; x_wconf 92' lang='lat' dir='ltr'>si</span> <span class='ocrx_word' id='word_1_9' title='bbox 237 505 449 566; x_wconf 81' lang='lat' dir='ltr'>universaliter</span> <span class='ocrx_word' id='word_1_10' title='bbox 468 505 635 584; x_wconf 75' lang='lat' dir='ltr'>procederet</span> <span class='ocrx_word' id='word_1_11' title='bbox 658 516 869 586; x_wconf 73' lang='lat' dir='ltr'>argumentum,</span> <span class='ocrx_word' id='word_1_12' title='bbox 884 515 914 566; x_wconf 90' lang='lat' dir='ltr'>et</span> <span class='ocrx_word' id='word_1_13' title='bbox 934 505 959 566; x_wconf 89' lang='lat' dir='ltr'>si</span> <span class='ocrx_word' id='word_1_14' title='bbox 983 505 1138 585; x_wconf 81' lang='lat' dir='ltr'>quierntio</span> <span class='ocrx_word' id='word_1_15' title='bbox 1160 503 1316 583; x_wconf 89' lang='lat' dir='ltr'>aliquando</span> 
     </span>
     <span class='ocr_line' id='line_1_3' title="bbox 101 585 1316 665; baseline -0.002 -19"><span class='ocrx_word' id='word_1_16' title='bbox 101 587 217 661; x_wconf 72' lang='lat' dir='ltr'>fallitur,</span> <span class='ocrx_word' id='word_1_17' title='bbox 232 587 319 646; x_wconf 81' lang='lat' dir='ltr'>nulle</span> <span class='ocrx_word' id='word_1_18' title='bbox 332 587 378 645; x_wconf 92' lang='lat' dir='ltr'>illi</span> <span class='ocrx_word' id='word_1_19' title='bbox 392 586 555 646; x_wconf 86' lang='lat' dir='ltr'>adhibenda</span> <span class='ocrx_word' id='word_1_20' title='bbox 568 595 646 648; x_wconf 88' lang='lat' dir='ltr'>esset</span> <span class='ocrx_word' id='word_1_21' title='bbox 655 587 746 665; x_wconf 87' lang='lat' dir='ltr'>fidee;</span> <span class='ocrx_word' id='word_1_22' title='bbox 769 596 937 665; x_wconf 76' lang='lat' dir='ltr'>sequeretur</span> <span class='ocrx_word' id='word_1_23' title='bbox 945 605 1059 646; x_wconf 90' lang='lat' dir='ltr'>omnem</span> <span class='ocrx_word' id='word_1_24' title='bbox 1070 604 1171 645; x_wconf 86' lang='lat' dir='ltr'>revere</span> <span class='ocrx_word' id='word_1_25' title='bbox 1183 585 1316 644; x_wconf 81' lang='lat' dir='ltr'>notitiem</span> 
     </span>
     <span class='ocr_line' id='line_1_4' title="bbox 101 663 1314 745; baseline -0.002 -19"><span class='ocrx_word' id='word_1_26' title='bbox 101 677 130 726; x_wconf 84' lang='lat' dir='ltr'>et</span> <span class='ocrx_word' id='word_1_27' title='bbox 143 667 351 727; x_wconf 87' lang='lat' dir='ltr'>certitudinem</span> <span class='ocrx_word' id='word_1_28' title='bbox 366 667 432 726; x_wconf 91' lang='lat' dir='ltr'>tolli</span> <span class='ocrx_word' id='word_1_29' title='bbox 445 666 481 726; x_wconf 92' lang='lat' dir='ltr'>de</span> <span class='ocrx_word' id='word_1_30' title='bbox 494 667 611 742; x_wconf 90' lang='lat' dir='ltr'>mundo,</span> <span class='ocrx_word' id='word_1_31' title='bbox 626 677 657 728; x_wconf 91' lang='lat' dir='ltr'>et</span> <span class='ocrx_word' id='word_1_32' title='bbox 669 667 813 728; x_wconf 90' lang='lat' dir='ltr'>introduci</span> <span class='ocrx_word' id='word_1_33' title='bbox 828 667 1066 745; x_wconf 90' lang='lat' dir='ltr'>Pyrrhonismum</span> <span class='ocrx_word' id='word_1_34' title='bbox 1074 675 1104 726; x_wconf 92' lang='lat' dir='ltr'>et</span> <span class='ocrx_word' id='word_1_35' title='bbox 1113 663 1314 738; x_wconf 51' lang='grc' dir='ltr'>ἂιηιλφψιᾶη</span> 
     </span>
     <span class='ocr_line' id='line_1_5' title="bbox 101 745 1315 826; baseline -0.002 -20"><span class='ocrx_word' id='word_1_36' title='bbox 101 747 142 806; x_wconf 88' lang='lat' dir='ltr'>sic</span> <span class='ocrx_word' id='word_1_37' title='bbox 156 747 310 806; x_wconf 86' lang='lat' dir='ltr'>tolleretur</span> <span class='ocrx_word' id='word_1_38' title='bbox 324 747 421 806; x_wconf 89' lang='lat' dir='ltr'>omnis</span> <span class='ocrx_word' id='word_1_39' title='bbox 435 746 575 808; x_wconf 77' lang='lat' dir='ltr'>certitudo</span> <span class='ocrx_word' id='word_1_40' title='bbox 589 767 699 823; x_wconf 86' lang='lat' dir='ltr'>sensus,</span> <span class='ocrx_word' id='word_1_41' title='bbox 710 749 778 826; x_wconf 84' lang='lat' dir='ltr'>quic</span> <span class='ocrx_word' id='word_1_42' title='bbox 791 747 946 825; x_wconf 76' lang='lat' dir='ltr'>aliquando</span> <span class='ocrx_word' id='word_1_43' title='bbox 960 745 1043 822; x_wconf 77' lang='lat' dir='ltr'>tellit,</span> <span class='ocrx_word' id='word_1_44' title='bbox 1055 745 1134 824; x_wconf 88' lang='lat' dir='ltr'>quod</span> <span class='ocrx_word' id='word_1_45' title='bbox 1143 745 1315 806; x_wconf 76' lang='lat' dir='ltr'>absurdissi-</span> 
     </span>
     <span class='ocr_line' id='line_1_6' title="bbox 102 824 1316 904; baseline 0.001 -20"><span class='ocrx_word' id='word_1_46' title='bbox 102 845 180 886; x_wconf 91' lang='lat' dir='ltr'>mum</span> <span class='ocrx_word' id='word_1_47' title='bbox 193 847 259 884; x_wconf 87' lang='lat' dir='ltr'>esse</span> <span class='ocrx_word' id='word_1_48' title='bbox 273 826 374 904; x_wconf 84' lang='lat' dir='ltr'>quiris</span> <span class='ocrx_word' id='word_1_49' title='bbox 387 824 472 884; x_wconf 79' lang='lat' dir='ltr'>focile</span> <span class='ocrx_word' id='word_1_50' title='bbox 485 827 638 904; x_wconf 85' lang='lat' dir='ltr'>intelligit;</span> <span class='ocrx_word' id='word_1_51' title='bbox 660 847 726 886; x_wconf 84' lang='lat' dir='ltr'>nem</span> <span class='ocrx_word' id='word_1_52' title='bbox 740 827 923 887; x_wconf 85' lang='lat' dir='ltr'>fallibilitatia</span> <span class='ocrx_word' id='word_1_53' title='bbox 935 827 1065 904; x_wconf 82' lang='lat' dir='ltr'>potentie</span> <span class='ocrx_word' id='word_1_54' title='bbox 1082 845 1141 885; x_wconf 91' lang='lat' dir='ltr'>non</span> <span class='ocrx_word' id='word_1_55' title='bbox 1154 824 1316 885; x_wconf 88' lang='lat' dir='ltr'>necesaerio</span> 
     </span>
     <span class='ocr_line' id='line_1_7' title="bbox 103 905 1314 986; baseline -0.001 -21"><span class='ocrx_word' id='word_1_56' title='bbox 103 907 258 984; x_wconf 83' lang='lat' dir='ltr'>conjuncto</span> <span class='ocrx_word' id='word_1_57' title='bbox 271 915 319 965; x_wconf 87' lang='lat' dir='ltr'>est</span> <span class='ocrx_word' id='word_1_58' title='bbox 332 925 400 964; x_wconf 90' lang='lat' dir='ltr'>eum</span> <span class='ocrx_word' id='word_1_59' title='bbox 414 913 489 982; x_wconf 82' lang='lat' dir='ltr'>notu,</span> <span class='ocrx_word' id='word_1_60' title='bbox 498 907 557 965; x_wconf 89' lang='lat' dir='ltr'>imo</span> <span class='ocrx_word' id='word_1_61' title='bbox 571 909 668 966; x_wconf 82' lang='lat' dir='ltr'>careri</span> <span class='ocrx_word' id='word_1_62' title='bbox 681 916 777 986; x_wconf 89' lang='lat' dir='ltr'>potest</span> <span class='ocrx_word' id='word_1_63' title='bbox 786 927 823 966; x_wconf 90' lang='lat' dir='ltr'>ne</span> <span class='ocrx_word' id='word_1_64' title='bbox 832 915 917 966; x_wconf 85' lang='lat' dir='ltr'>exeat</span> <span class='ocrx_word' id='word_1_65' title='bbox 931 906 961 965; x_wconf 91' lang='lat' dir='ltr'>in</span> <span class='ocrx_word' id='word_1_66' title='bbox 975 915 1079 982; x_wconf 80' lang='lat' dir='ltr'>achim,</span> <span class='ocrx_word' id='word_1_67' title='bbox 1091 905 1229 965; x_wconf 75' lang='lat' dir='ltr'>adhibitis</span> <span class='ocrx_word' id='word_1_68' title='bbox 1242 905 1314 983; x_wconf 82' lang='lat' dir='ltr'>legi-</span> 
     </span>
     <span class='ocr_line' id='line_1_8' title="bbox 102 985 1315 1064; baseline 0 -20"><span class='ocrx_word' id='word_1_69' title='bbox 102 985 181 1044; x_wconf 88' lang='lat' dir='ltr'>timis</span> <span class='ocrx_word' id='word_1_70' title='bbox 201 985 326 1044; x_wconf 88' lang='lat' dir='ltr'>mediis:</span> <span class='ocrx_word' id='word_1_71' title='bbox 369 985 414 1046; x_wconf 90' lang='lat' dir='ltr'>Ut</span> <span class='ocrx_word' id='word_1_72' title='bbox 433 1005 502 1064; x_wconf 82' lang='lat' dir='ltr'>ergo</span> <span class='ocrx_word' id='word_1_73' title='bbox 524 986 666 1046; x_wconf 75' lang='lat' dir='ltr'>liberandi</span> <span class='ocrx_word' id='word_1_74' title='bbox 688 997 756 1048; x_wconf 90' lang='lat' dir='ltr'>sunt</span> <span class='ocrx_word' id='word_1_75' title='bbox 777 1007 880 1048; x_wconf 88' lang='lat' dir='ltr'>sensus</span> <span class='ocrx_word' id='word_1_76' title='bbox 903 987 940 1046; x_wconf 89' lang='lat' dir='ltr'>ab</span> <span class='ocrx_word' id='word_1_77' title='bbox 964 985 1186 1064; x_wconf 85' lang='lat' dir='ltr'>impedimentis,</span> <span class='ocrx_word' id='word_1_78' title='bbox 1207 985 1315 1063; x_wconf 88' lang='lat' dir='ltr'>quibus</span> 
     </span>
     <span class='ocr_line' id='line_1_9' title="bbox 102 1064 1315 1146; baseline 0 -22"><span class='ocrx_word' id='word_1_79' title='bbox 102 1085 203 1125; x_wconf 88' lang='lat' dir='ltr'>eorum</span> <span class='ocrx_word' id='word_1_80' title='bbox 217 1064 363 1125; x_wconf 78' lang='lat' dir='ltr'>certitudo</span> <span class='ocrx_word' id='word_1_81' title='bbox 376 1064 531 1140; x_wconf 87' lang='lat' dir='ltr'>inhibetur,</span> <span class='ocrx_word' id='word_1_82' title='bbox 546 1086 611 1145; x_wconf 76' lang='lat' dir='ltr'>que</span> <span class='ocrx_word' id='word_1_83' title='bbox 624 1067 673 1126; x_wconf 83' lang='lat' dir='ltr'>vel</span> <span class='ocrx_word' id='word_1_84' title='bbox 687 1068 717 1126; x_wconf 90' lang='lat' dir='ltr'>in</span> <span class='ocrx_word' id='word_1_85' title='bbox 730 1067 854 1146; x_wconf 89' lang='lat' dir='ltr'>objecto,</span> <span class='ocrx_word' id='word_1_86' title='bbox 874 1067 922 1126; x_wconf 89' lang='lat' dir='ltr'>vel</span> <span class='ocrx_word' id='word_1_87' title='bbox 935 1067 967 1125; x_wconf 93' lang='lat' dir='ltr'>in</span> <span class='ocrx_word' id='word_1_88' title='bbox 979 1065 1084 1142; x_wconf 91' lang='lat' dir='ltr'>medio,</span> <span class='ocrx_word' id='word_1_89' title='bbox 1099 1066 1148 1124; x_wconf 81' lang='lat' dir='ltr'>vel</span> <span class='ocrx_word' id='word_1_90' title='bbox 1161 1066 1192 1123; x_wconf 92' lang='lat' dir='ltr'>in</span> <span class='ocrx_word' id='word_1_91' title='bbox 1205 1084 1315 1144; x_wconf 77' lang='lat' dir='ltr'>orgerio</span> 
     </span>
     <span class='ocr_line' id='line_1_10' title="bbox 101 1145 1313 1225; baseline 0.001 -22"><span class='ocrx_word' id='word_1_92' title='bbox 101 1145 380 1224; x_wconf 77' lang='lat' dir='ltr'>deprehenduntur5</span> <span class='ocrx_word' id='word_1_93' title='bbox 402 1145 444 1203; x_wconf 80' lang='lat' dir='ltr'>itu</span> <span class='ocrx_word' id='word_1_94' title='bbox 457 1145 623 1206; x_wconf 76' lang='lat' dir='ltr'>liberandus</span> <span class='ocrx_word' id='word_1_95' title='bbox 636 1154 683 1209; x_wconf 88' lang='lat' dir='ltr'>est</span> <span class='ocrx_word' id='word_1_96' title='bbox 701 1147 866 1208; x_wconf 87' lang='lat' dir='ltr'>intellectus</span> <span class='ocrx_word' id='word_1_97' title='bbox 879 1167 898 1206; x_wconf 86' lang='lat' dir='ltr'>a</span> <span class='ocrx_word' id='word_1_98' title='bbox 909 1145 1086 1225; x_wconf 75' lang='lat' dir='ltr'>prejudiciis</span> <span class='ocrx_word' id='word_1_99' title='bbox 1099 1145 1239 1205; x_wconf 78' lang='lat' dir='ltr'>rationem</span> <span class='ocrx_word' id='word_1_100' title='bbox 1252 1165 1313 1204; x_wconf 91' lang='lat' dir='ltr'>rec-</span> 
     </span>
     <span class='ocr_line' id='line_1_11' title="bbox 99 1224 1315 1304; baseline 0.003 -21"><span class='ocrx_word' id='word_1_101' title='bbox 99 1234 167 1283; x_wconf 84' lang='lat' dir='ltr'>tam</span> <span class='ocrx_word' id='word_1_102' title='bbox 180 1224 413 1302; x_wconf 86' lang='lat' dir='ltr'>impedientibus,</span> <span class='ocrx_word' id='word_1_103' title='bbox 429 1233 459 1284; x_wconf 92' lang='lat' dir='ltr'>et</span> <span class='ocrx_word' id='word_1_104' title='bbox 473 1234 541 1286; x_wconf 94' lang='lat' dir='ltr'>tunc</span> <span class='ocrx_word' id='word_1_105' title='bbox 555 1246 614 1286; x_wconf 88' lang='lat' dir='ltr'>non</span> <span class='ocrx_word' id='word_1_106' title='bbox 627 1227 751 1288; x_wconf 81' lang='lat' dir='ltr'>errabit:</span> <span class='ocrx_word' id='word_1_107' title='bbox 772 1227 821 1287; x_wconf 91' lang='lat' dir='ltr'>hic</span> <span class='ocrx_word' id='word_1_108' title='bbox 840 1235 937 1287; x_wconf 81' lang='lat' dir='ltr'>autem</span> <span class='ocrx_word' id='word_1_109' title='bbox 954 1227 1103 1304; x_wconf 88' lang='lat' dir='ltr'>loquimur</span> <span class='ocrx_word' id='word_1_110' title='bbox 1115 1225 1152 1284; x_wconf 93' lang='lat' dir='ltr'>de</span> <span class='ocrx_word' id='word_1_111' title='bbox 1165 1225 1315 1287; x_wconf 87' lang='lat' dir='ltr'>intellectu</span> 
     </span>
    </p>

    <p class='ocr_par' dir='ltr' id='par_1_3' title="bbox 101 1304 1356 1364">
     <span class='ocr_line' id='line_1_12' title="bbox 101 1304 1356 1364; baseline 0 0"><span class='ocrx_word' id='word_1_112' title='bbox 101 1304 306 1364; x_wconf 77' lang='lat' dir='ltr'>senoetbene</span> <span class='ocrx_word' id='word_1_113' title='bbox 321 1305 488 1364; x_wconf 88' lang='lat' dir='ltr'>constituto.</span> <span class='ocrx_word' id='word_1_114' title='bbox 1348 1313 1356 1328; x_wconf 87' lang='lat'>&#39;</span> 
     </span>
    </p>

    <p class='ocr_par' dir='ltr' id='par_1_4' title="bbox 100 1384 1316 2101">
     <span class='ocr_line' id='line_1_13' title="bbox 144 1384 1315 1466; baseline 0.003 -24"><span class='ocrx_word' id='word_1_115' title='bbox 144 1384 238 1443; x_wconf 86' lang='lat' dir='ltr'><strong>XIV.</strong></span> <span class='ocrx_word' id='word_1_116' title='bbox 257 1384 353 1444; x_wconf 81' lang='lat' dir='ltr'>Aliud</span> <span class='ocrx_word' id='word_1_117' title='bbox 367 1393 413 1444; x_wconf 88' lang='lat' dir='ltr'>est</span> <span class='ocrx_word' id='word_1_118' title='bbox 426 1385 645 1463; x_wconf 78' lang='lat' dir='ltr'>Consequentire</span> <span class='ocrx_word' id='word_1_119' title='bbox 652 1387 792 1448; x_wconf 82' lang='lat' dir='ltr'>notionem</span> <span class='ocrx_word' id='word_1_120' title='bbox 802 1387 1024 1466; x_wconf 88' lang='lat' dir='ltr'>deprehendere,</span> <span class='ocrx_word' id='word_1_121' title='bbox 1036 1385 1127 1446; x_wconf 85' lang='lat' dir='ltr'>Aliud</span> <span class='ocrx_word' id='word_1_122' title='bbox 1138 1405 1207 1446; x_wconf 86' lang='lat' dir='ltr'>vero</span> <span class='ocrx_word' id='word_1_123' title='bbox 1220 1385 1315 1464; x_wconf 89' lang='lat' dir='ltr'>ipsum</span> 
     </span>
     <span class='ocr_line' id='line_1_14' title="bbox 103 1465 1316 1546; baseline 0.001 -22"><span class='ocrx_word' id='word_1_124' title='bbox 103 1465 302 1542; x_wconf 87' lang='lat' dir='ltr'>Consequens.</span> <span class='ocrx_word' id='word_1_125' title='bbox 346 1465 533 1542; x_wconf 77' lang='lat' dir='ltr'>Consequens</span> <span class='ocrx_word' id='word_1_126' title='bbox 554 1466 742 1544; x_wconf 84' lang='lat' dir='ltr'>deprehendit</span> <span class='ocrx_word' id='word_1_127' title='bbox 760 1468 842 1545; x_wconf 91' lang='lat' dir='ltr'>fides,</span> <span class='ocrx_word' id='word_1_128' title='bbox 865 1467 1106 1546; x_wconf 70' lang='lat' dir='ltr'>consequentiam</span> <span class='ocrx_word' id='word_1_129' title='bbox 1127 1465 1231 1542; x_wconf 79' lang='lat' dir='ltr'>Retio;</span> <span class='ocrx_word' id='word_1_130' title='bbox 1253 1466 1316 1526; x_wconf 86' lang='lat' dir='ltr'>Nec</span> 
     </span>
     <span class='ocr_line' id='line_1_15' title="bbox 101 1543 1315 1626; baseline 0.001 -22"><span class='ocrx_word' id='word_1_131' title='bbox 101 1554 203 1604; x_wconf 80' lang='lat' dir='ltr'>temen</span> <span class='ocrx_word' id='word_1_132' title='bbox 217 1543 284 1604; x_wconf 90' lang='lat' dir='ltr'>inde</span> <span class='ocrx_word' id='word_1_133' title='bbox 299 1544 431 1622; x_wconf 89' lang='lat' dir='ltr'>sequitur</span> <span class='ocrx_word' id='word_1_134' title='bbox 449 1545 537 1605; x_wconf 90' lang='lat' dir='ltr'>fidem</span> <span class='ocrx_word' id='word_1_135' title='bbox 550 1565 609 1624; x_wconf 83' lang='lat' dir='ltr'>que</span> <span class='ocrx_word' id='word_1_136' title='bbox 628 1567 807 1626; x_wconf 89' lang='lat' dir='ltr'>consequens</span> <span class='ocrx_word' id='word_1_137' title='bbox 827 1548 961 1623; x_wconf 82' lang='lat' dir='ltr'>creditm,</span> <span class='ocrx_word' id='word_1_138' title='bbox 977 1546 1031 1607; x_wconf 91' lang='lat' dir='ltr'>niti</span> <span class='ocrx_word' id='word_1_139' title='bbox 1044 1547 1163 1622; x_wconf 90' lang='lat' dir='ltr'>ratione,</span> <span class='ocrx_word' id='word_1_140' title='bbox 1184 1546 1255 1624; x_wconf 86' lang='lat' dir='ltr'>quia</span> <span class='ocrx_word' id='word_1_141' title='bbox 1267 1547 1315 1605; x_wconf 90' lang='lat' dir='ltr'>hic</span> 
     </span>
     <span class='ocr_line' id='line_1_16' title="bbox 101 1625 1315 1706; baseline 0.002 -22"><span class='ocrx_word' id='word_1_142' title='bbox 101 1625 180 1684; x_wconf 84' lang='lat' dir='ltr'>ratio</span> <span class='ocrx_word' id='word_1_143' title='bbox 205 1643 266 1683; x_wconf 89' lang='lat' dir='ltr'>non</span> <span class='ocrx_word' id='word_1_144' title='bbox 288 1633 333 1682; x_wconf 88' lang='lat' dir='ltr'>est</span> <span class='ocrx_word' id='word_1_145' title='bbox 353 1633 555 1702; x_wconf 76' lang='lat' dir='ltr'>argumentum</span> <span class='ocrx_word' id='word_1_146' title='bbox 575 1636 692 1705; x_wconf 89' lang='lat' dir='ltr'>propter</span> <span class='ocrx_word' id='word_1_147' title='bbox 713 1628 792 1706; x_wconf 89' lang='lat' dir='ltr'>quod</span> <span class='ocrx_word' id='word_1_148' title='bbox 812 1628 907 1704; x_wconf 91' lang='lat' dir='ltr'>credo,</span> <span class='ocrx_word' id='word_1_149' title='bbox 935 1627 988 1688; x_wconf 89' lang='lat' dir='ltr'>sed</span> <span class='ocrx_word' id='word_1_150' title='bbox 1011 1627 1233 1687; x_wconf 85' lang='lat' dir='ltr'>instrumentum</span> <span class='ocrx_word' id='word_1_151' title='bbox 1257 1646 1315 1704; x_wconf 90' lang='lat' dir='ltr'>quo</span> 
     </span>
     <span class='ocr_line' id='line_1_17' title="bbox 102 1703 1313 1784; baseline 0.001 -21"><span class='ocrx_word' id='word_1_152' title='bbox 102 1703 208 1778; x_wconf 71' lang='lat' dir='ltr'>credo,</span> <span class='ocrx_word' id='word_1_153' title='bbox 230 1704 453 1764; x_wconf 87' lang='lat' dir='ltr'>instrumentum</span> <span class='ocrx_word' id='word_1_154' title='bbox 474 1713 570 1766; x_wconf 88' lang='lat' dir='ltr'>eutem</span> <span class='ocrx_word' id='word_1_155' title='bbox 583 1726 642 1766; x_wconf 91' lang='lat' dir='ltr'>non</span> <span class='ocrx_word' id='word_1_156' title='bbox 655 1707 812 1768; x_wconf 81' lang='lat' dir='ltr'>introducit</span> <span class='ocrx_word' id='word_1_157' title='bbox 825 1708 856 1767; x_wconf 91' lang='lat' dir='ltr'>in</span> <span class='ocrx_word' id='word_1_158' title='bbox 870 1708 996 1768; x_wconf 77' lang='lat' dir='ltr'>Tantum</span> <span class='ocrx_word' id='word_1_159' title='bbox 1017 1705 1095 1784; x_wconf 91' lang='lat' dir='ltr'>quod</span> <span class='ocrx_word' id='word_1_160' title='bbox 1115 1706 1157 1766; x_wconf 92' lang='lat' dir='ltr'>ibi</span> <span class='ocrx_word' id='word_1_161' title='bbox 1170 1725 1229 1765; x_wconf 91' lang='lat' dir='ltr'>non</span> <span class='ocrx_word' id='word_1_162' title='bbox 1243 1715 1313 1782; x_wconf 86' lang='lat' dir='ltr'>eret,</span> 
     </span>
     <span class='ocr_line' id='line_1_18' title="bbox 103 1783 1315 1866; baseline 0.003 -24"><span class='ocrx_word' id='word_1_163' title='bbox 103 1784 158 1842; x_wconf 90' lang='lat' dir='ltr'>sed</span> <span class='ocrx_word' id='word_1_164' title='bbox 172 1783 271 1844; x_wconf 82' lang='lat' dir='ltr'>educit</span> <span class='ocrx_word' id='word_1_165' title='bbox 283 1804 336 1862; x_wconf 89' lang='lat' dir='ltr'>per</span> <span class='ocrx_word' id='word_1_166' title='bbox 348 1783 507 1862; x_wconf 80' lang='lat' dir='ltr'>legitimum</span> <span class='ocrx_word' id='word_1_167' title='bbox 522 1789 755 1864; x_wconf 76' lang='lat' dir='ltr'>consequentiam</span> <span class='ocrx_word' id='word_1_168' title='bbox 768 1787 848 1866; x_wconf 88' lang='lat' dir='ltr'>qued</span> <span class='ocrx_word' id='word_1_169' title='bbox 861 1797 946 1847; x_wconf 86' lang='lat' dir='ltr'>sntce</span> <span class='ocrx_word' id='word_1_170' title='bbox 959 1787 1000 1846; x_wconf 93' lang='lat' dir='ltr'>ibi</span> <span class='ocrx_word' id='word_1_171' title='bbox 1008 1785 1130 1863; x_wconf 79' lang='lat' dir='ltr'>lutebet3</span> <span class='ocrx_word' id='word_1_172' title='bbox 1146 1785 1234 1847; x_wconf 90' lang='lat' dir='ltr'>Unde</span> <span class='ocrx_word' id='word_1_173' title='bbox 1248 1805 1315 1846; x_wconf 87' lang='lat' dir='ltr'>con·</span> 
     </span>
     <span class='ocr_line' id='line_1_19' title="bbox 102 1863 1316 1944; baseline 0.002 -22"><span class='ocrx_word' id='word_1_174' title='bbox 102 1864 200 1924; x_wconf 88' lang='lat' dir='ltr'>clusio</span> <span class='ocrx_word' id='word_1_175' title='bbox 220 1863 343 1942; x_wconf 82' lang='lat' dir='ltr'>emergit</span> <span class='ocrx_word' id='word_1_176' title='bbox 357 1863 533 1942; x_wconf 79' lang='lat' dir='ltr'>Theologica</span> <span class='ocrx_word' id='word_1_177' title='bbox 553 1867 679 1926; x_wconf 84' lang='lat' dir='ltr'>emedio</span> <span class='ocrx_word' id='word_1_178' title='bbox 700 1866 848 1942; x_wconf 81' lang='lat' dir='ltr'>inferente,</span> <span class='ocrx_word' id='word_1_179' title='bbox 875 1868 986 1944; x_wconf 81' lang='lat' dir='ltr'>Logice</span> <span class='ocrx_word' id='word_1_180' title='bbox 1007 1885 1079 1928; x_wconf 86' lang='lat' dir='ltr'>vero</span> <span class='ocrx_word' id='word_1_181' title='bbox 1092 1886 1110 1925; x_wconf 88' lang='lat' dir='ltr'>a</span> <span class='ocrx_word' id='word_1_182' title='bbox 1122 1867 1234 1925; x_wconf 77' lang='lat' dir='ltr'>ratione</span> <span class='ocrx_word' id='word_1_183' title='bbox 1253 1865 1316 1925; x_wconf 86' lang='lat' dir='ltr'>sive</span> 
     </span>
     <span class='ocr_line' id='line_1_20' title="bbox 100 1943 1316 2024; baseline 0.002 -22"><span class='ocrx_word' id='word_1_184' title='bbox 100 1943 300 2004; x_wconf 82' lang='lat' dir='ltr'>instrumento</span> <span class='ocrx_word' id='word_1_185' title='bbox 321 1943 454 2003; x_wconf 87' lang='lat' dir='ltr'>eliciente</span> <span class='ocrx_word' id='word_1_186' title='bbox 468 1947 706 2023; x_wconf 55' lang='lat' dir='ltr'>consequentiam</span> <span class='ocrx_word' id='word_1_187' title='bbox 728 1955 758 2006; x_wconf 91' lang='lat' dir='ltr'>et</span> <span class='ocrx_word' id='word_1_188' title='bbox 782 1947 996 2024; x_wconf 73' lang='lat' dir='ltr'>Consequentia</span> <span class='ocrx_word' id='word_1_189' title='bbox 1019 1945 1115 2024; x_wconf 89' lang='lat' dir='ltr'>quoad</span> <span class='ocrx_word' id='word_1_190' title='bbox 1127 1949 1157 2003; x_wconf 72' lang='lat' dir='ltr'>el</span> <span class='ocrx_word' id='word_1_191' title='bbox 1169 1945 1316 2004; x_wconf 75' lang='lat' dir='ltr'>mcteiale</span> 
     </span>
     <span class='ocr_line' id='line_1_21' title="bbox 100 2023 1295 2101; baseline 0.007 -20"><span class='ocrx_word' id='word_1_192' title='bbox 100 2023 246 2084; x_wconf 75' lang='lat' dir='ltr'>fundatur</span> <span class='ocrx_word' id='word_1_193' title='bbox 259 2023 289 2081; x_wconf 92' lang='lat' dir='ltr'>in</span> <span class='ocrx_word' id='word_1_194' title='bbox 303 2023 412 2099; x_wconf 89' lang='lat' dir='ltr'>Verbo,</span> <span class='ocrx_word' id='word_1_195' title='bbox 427 2024 522 2101; x_wconf 90' lang='lat' dir='ltr'>quoad</span> <span class='ocrx_word' id='word_1_196' title='bbox 527 2028 656 2100; x_wconf 76' lang='lat' dir='ltr'>formale</span> <span class='ocrx_word' id='word_1_197' title='bbox 669 2026 700 2084; x_wconf 90' lang='lat' dir='ltr'>in</span> <span class='ocrx_word' id='word_1_198' title='bbox 715 2025 849 2086; x_wconf 76' lang='lat' dir='ltr'>Ratione.</span> <span class='ocrx_word' id='word_1_199' title='bbox 1293 2043 1295 2048; x_wconf 82' lang='grc'>’</span> 
     </span>
    </p>

    <p class='ocr_par' dir='ltr' id='par_1_5' title="bbox 103 2102 1317 2500">
     <span class='ocr_line' id='line_1_22' title="bbox 146 2102 1317 2182; baseline 0.002 -20"><span class='ocrx_word' id='word_1_200' title='bbox 146 2103 223 2162; x_wconf 90' lang='lat' dir='ltr'>XV.</span> <span class='ocrx_word' id='word_1_201' title='bbox 246 2102 329 2163; x_wconf 85' lang='lat' dir='ltr'>Licet</span> <span class='ocrx_word' id='word_1_202' title='bbox 343 2103 430 2162; x_wconf 85' lang='lat' dir='ltr'>Retio</span> <span class='ocrx_word' id='word_1_203' title='bbox 450 2113 601 2164; x_wconf 84' lang='lat' dir='ltr'>concurret</span> <span class='ocrx_word' id='word_1_204' title='bbox 621 2105 659 2163; x_wconf 88' lang='lat' dir='ltr'>ad</span> <span class='ocrx_word' id='word_1_205' title='bbox 680 2105 836 2166; x_wconf 89' lang='lat' dir='ltr'>eliciendas</span> <span class='ocrx_word' id='word_1_206' title='bbox 856 2103 1086 2182; x_wconf 79' lang='lat' dir='ltr'>consequentius,</span> <span class='ocrx_word' id='word_1_207' title='bbox 1110 2102 1317 2182; x_wconf 78' lang='lat' dir='ltr'>consequitur</span> 
     </span>
     <span class='ocr_line' id='line_1_23' title="bbox 103 2183 1317 2263; baseline 0 -21"><span class='ocrx_word' id='word_1_208' title='bbox 103 2183 196 2242; x_wconf 89' lang='lat' dir='ltr'>fidem</span> <span class='ocrx_word' id='word_1_209' title='bbox 209 2183 321 2242; x_wconf 76' lang='lat' dir='ltr'>ratione</span> <span class='ocrx_word' id='word_1_210' title='bbox 335 2183 476 2261; x_wconf 87' lang='lat' dir='ltr'>stebili1i;</span> <span class='ocrx_word' id='word_1_211' title='bbox 491 2193 524 2244; x_wconf 94' lang='lat' dir='ltr'>ut</span> <span class='ocrx_word' id='word_1_212' title='bbox 532 2204 595 2261; x_wconf 88' lang='lat' dir='ltr'>nec,</span> <span class='ocrx_word' id='word_1_213' title='bbox 611 2185 745 2263; x_wconf 85' lang='lat' dir='ltr'>quemvis</span> <span class='ocrx_word' id='word_1_214' title='bbox 755 2185 828 2246; x_wconf 88' lang='lat' dir='ltr'>fides</span> <span class='ocrx_word' id='word_1_215' title='bbox 842 2185 880 2246; x_wconf 91' lang='lat' dir='ltr'>sit</span> <span class='ocrx_word' id='word_1_216' title='bbox 893 2205 930 2248; x_wconf 84' lang='lat' dir='ltr'>cx</span> <span class='ocrx_word' id='word_1_217' title='bbox 939 2184 1049 2260; x_wconf 76' lang='lat' dir='ltr'>auditu,</span> <span class='ocrx_word' id='word_1_218' title='bbox 1061 2184 1191 2261; x_wconf 88' lang='lat' dir='ltr'>seqnitur</span> <span class='ocrx_word' id='word_1_219' title='bbox 1201 2203 1317 2243; x_wconf 89' lang='lat' dir='ltr'>sensum</span> 
     </span>
     <span class='ocr_line' id='line_1_24' title="bbox 104 2261 1317 2342; baseline 0 -19"><span class='ocrx_word' id='word_1_220' title='bbox 104 2283 171 2323; x_wconf 85' lang='lat' dir='ltr'>esse</span> <span class='ocrx_word' id='word_1_221' title='bbox 185 2262 255 2321; x_wconf 89' lang='lat' dir='ltr'>fidei</span> <span class='ocrx_word' id='word_1_222' title='bbox 268 2261 500 2340; x_wconf 82' lang='lat' dir='ltr'>fimdementum3</span> <span class='ocrx_word' id='word_1_223' title='bbox 521 2264 595 2324; x_wconf 88' lang='lat' dir='ltr'>fides</span> <span class='ocrx_word' id='word_1_224' title='bbox 609 2266 700 2326; x_wconf 86' lang='lat' dir='ltr'>utitur</span> <span class='ocrx_word' id='word_1_225' title='bbox 708 2266 826 2342; x_wconf 78' lang='lat' dir='ltr'>ratione,</span> <span class='ocrx_word' id='word_1_226' title='bbox 835 2285 894 2328; x_wconf 89' lang='lat' dir='ltr'>nou</span> <span class='ocrx_word' id='word_1_227' title='bbox 905 2285 940 2326; x_wconf 89' lang='lat' dir='ltr'>ee</span> <span class='ocrx_word' id='word_1_228' title='bbox 949 2265 1063 2340; x_wconf 87' lang='lat' dir='ltr'>nititur;</span> <span class='ocrx_word' id='word_1_229' title='bbox 1079 2264 1170 2324; x_wconf 88' lang='lat' dir='ltr'>utitur</span> <span class='ocrx_word' id='word_1_230' title='bbox 1179 2271 1317 2342; x_wconf 76' lang='lat' dir='ltr'>tunquam</span> 
     </span>
     <span class='ocr_line' id='line_1_25' title="bbox 104 2343 1316 2424; baseline 0.001 -22"><span class='ocrx_word' id='word_1_231' title='bbox 104 2345 301 2404; x_wconf 70' lang='lat' dir='ltr'>instrumento</span> <span class='ocrx_word' id='word_1_232' title='bbox 320 2343 520 2422; x_wconf 76' lang='lat' dir='ltr'>applicationis</span> <span class='ocrx_word' id='word_1_233' title='bbox 544 2353 574 2404; x_wconf 90' lang='lat' dir='ltr'>et</span> <span class='ocrx_word' id='word_1_234' title='bbox 597 2345 684 2406; x_wconf 88' lang='lat' dir='ltr'>modo</span> <span class='ocrx_word' id='word_1_235' title='bbox 697 2345 899 2424; x_wconf 83' lang='lat' dir='ltr'>cognoscendi,</span> <span class='ocrx_word' id='word_1_236' title='bbox 916 2365 975 2406; x_wconf 87' lang='lat' dir='ltr'>non</span> <span class='ocrx_word' id='word_1_237' title='bbox 995 2365 1031 2404; x_wconf 84' lang='lat' dir='ltr'>es</span> <span class='ocrx_word' id='word_1_238' title='bbox 1053 2344 1155 2406; x_wconf 86' lang='lat' dir='ltr'>nititur</span> <span class='ocrx_word' id='word_1_239' title='bbox 1168 2353 1201 2404; x_wconf 90' lang='lat' dir='ltr'>ut</span> <span class='ocrx_word' id='word_1_240' title='bbox 1214 2343 1316 2404; x_wconf 82' lang='lat' dir='ltr'>funde·</span> 
     </span>
     <span class='ocr_line' id='line_1_26' title="bbox 103 2423 593 2500; baseline 0.006 -18"><span class='ocrx_word' id='word_1_241' title='bbox 103 2433 206 2482; x_wconf 88' lang='lat' dir='ltr'>mento</span> <span class='ocrx_word' id='word_1_242' title='bbox 219 2433 250 2482; x_wconf 90' lang='lat' dir='ltr'>et</span> <span class='ocrx_word' id='word_1_243' title='bbox 263 2425 364 2500; x_wconf 84' lang='lat' dir='ltr'>regule</span> <span class='ocrx_word' id='word_1_244' title='bbox 377 2423 593 2485; x_wconf 87' lang='lat' dir='ltr'>credendorum.</span> 
     </span>
    </p>

    <p class='ocr_par' dir='ltr' id='par_1_6' title="bbox 59 2503 1321 3522">
     <span class='ocr_line' id='line_1_27' title="bbox 147 2503 1315 2586; baseline 0.003 -25"><span class='ocrx_word' id='word_1_245' title='bbox 147 2503 242 2562; x_wconf 97' lang='lat' dir='ltr'>XVI.</span> <span class='ocrx_word' id='word_1_246' title='bbox 266 2503 435 2580; x_wconf 86' lang='lat' dir='ltr'>Syllogismi</span> <span class='ocrx_word' id='word_1_247' title='bbox 448 2503 541 2580; x_wconf 83' lang='lat' dir='ltr'>mixti,</span> <span class='ocrx_word' id='word_1_248' title='bbox 556 2505 587 2564; x_wconf 91' lang='lat' dir='ltr'>in</span> <span class='ocrx_word' id='word_1_249' title='bbox 600 2504 706 2583; x_wconf 88' lang='lat' dir='ltr'>quibus</span> <span class='ocrx_word' id='word_1_250' title='bbox 719 2506 810 2567; x_wconf 82' lang='lat' dir='ltr'>sltem</span> <span class='ocrx_word' id='word_1_251' title='bbox 820 2507 1031 2586; x_wconf 75' lang='lat' dir='ltr'>praemissorum</span> <span class='ocrx_word' id='word_1_252' title='bbox 1045 2513 1090 2566; x_wconf 91' lang='lat' dir='ltr'>est</span> <span class='ocrx_word' id='word_1_253' title='bbox 1103 2505 1220 2566; x_wconf 88' lang='lat' dir='ltr'>luminis</span> <span class='ocrx_word' id='word_1_254' title='bbox 1233 2511 1315 2565; x_wconf 90' lang='lat' dir='ltr'>natu·</span> 
     </span>
     <span class='ocr_line' id='line_1_28' title="bbox 104 2581 1318 2666; baseline 0.002 -24"><span class='ocrx_word' id='word_1_255' title='bbox 104 2583 186 2659; x_wconf 81' lang='lat' dir='ltr'>nelis,</span> <span class='ocrx_word' id='word_1_256' title='bbox 202 2583 294 2642; x_wconf 84' lang='lat' dir='ltr'>nitere</span> <span class='ocrx_word' id='word_1_257' title='bbox 307 2583 436 2659; x_wconf 75' lang='lat' dir='ltr'>revelati,</span> <span class='ocrx_word' id='word_1_258' title='bbox 451 2603 509 2642; x_wconf 94' lang='lat' dir='ltr'>non</span> <span class='ocrx_word' id='word_1_259' title='bbox 523 2583 659 2646; x_wconf 90' lang='lat' dir='ltr'>desinunt</span> <span class='ocrx_word' id='word_1_260' title='bbox 672 2606 736 2646; x_wconf 83' lang='lat' dir='ltr'>esee</span> <span class='ocrx_word' id='word_1_261' title='bbox 744 2587 780 2646; x_wconf 93' lang='lat' dir='ltr'>de</span> <span class='ocrx_word' id='word_1_262' title='bbox 793 2581 871 2648; x_wconf 89' lang='lat' dir='ltr'>fide:</span> <span class='ocrx_word' id='word_1_263' title='bbox 894 2591 920 2647; x_wconf 95' lang='lat'>1.</span> <span class='ocrx_word' id='word_1_264' title='bbox 935 2588 1005 2665; x_wconf 84' lang='lat' dir='ltr'>quie</span> <span class='ocrx_word' id='word_1_265' title='bbox 1014 2586 1172 2666; x_wconf 87' lang='lat' dir='ltr'>propositio</span> <span class='ocrx_word' id='word_1_266' title='bbox 1181 2584 1318 2663; x_wconf 78' lang='lat' dir='ltr'>quaslibet</span> 
     </span>
     <span class='ocr_line' id='line_1_29' title="bbox 104 2663 1319 2745; baseline 0.001 -23"><span class='ocrx_word' id='word_1_267' title='bbox 104 2663 372 2723; x_wconf 73' lang='lat' dir='ltr'>denominationem</span> <span class='ocrx_word' id='word_1_268' title='bbox 386 2663 490 2741; x_wconf 90' lang='lat' dir='ltr'>accipit</span> <span class='ocrx_word' id='word_1_269' title='bbox 502 2684 521 2722; x_wconf 90' lang='lat' dir='ltr'>a</span> <span class='ocrx_word' id='word_1_270' title='bbox 534 2665 668 2744; x_wconf 90' lang='lat' dir='ltr'>subjecto</span> <span class='ocrx_word' id='word_1_271' title='bbox 687 2687 777 2726; x_wconf 89' lang='lat' dir='ltr'>nona</span> <span class='ocrx_word' id='word_1_272' title='bbox 810 2667 954 2727; x_wconf 84' lang='lat' dir='ltr'>reedieeto.</span> <span class='ocrx_word' id='word_1_273' title='bbox 975 2672 1004 2726; x_wconf 72' lang='lat' dir='ltr'>fi.</span> <span class='ocrx_word' id='word_1_274' title='bbox 1018 2666 1176 2745; x_wconf 91' lang='lat' dir='ltr'>propositio</span> <span class='ocrx_word' id='word_1_275' title='bbox 1195 2685 1260 2743; x_wconf 79' lang='lat' dir='ltr'>qun</span> <span class='ocrx_word' id='word_1_276' title='bbox 1274 2672 1319 2724; x_wconf 89' lang='lat' dir='ltr'>est</span> 
     </span>
     <span class='ocr_line' id='line_1_30' title="bbox 104 2743 1318 2825; baseline 0.001 -23"><span class='ocrx_word' id='word_1_277' title='bbox 104 2744 227 2802; x_wconf 89' lang='lat' dir='ltr'>luminis</span> <span class='ocrx_word' id='word_1_278' title='bbox 241 2743 362 2802; x_wconf 75' lang='lat' dir='ltr'>revelati</span> <span class='ocrx_word' id='word_1_279' title='bbox 372 2743 534 2803; x_wconf 74' lang='lat' dir='ltr'>virtualiter</span> <span class='ocrx_word' id='word_1_280' title='bbox 546 2745 675 2805; x_wconf 90' lang='lat' dir='ltr'>continet</span> <span class='ocrx_word' id='word_1_281' title='bbox 687 2745 719 2804; x_wconf 91' lang='lat' dir='ltr'>id</span> <span class='ocrx_word' id='word_1_282' title='bbox 728 2767 769 2825; x_wconf 91' lang='lat' dir='ltr'>qu</span> <span class='ocrx_word' id='word_1_283' title='bbox 820 2747 928 2825; x_wconf 88' lang='lat' dir='ltr'>petitur</span> <span class='ocrx_word' id='word_1_284' title='bbox 937 2767 956 2806; x_wconf 85' lang='lat' dir='ltr'>e</span> <span class='ocrx_word' id='word_1_285' title='bbox 967 2747 1077 2808; x_wconf 89' lang='lat' dir='ltr'>lumine</span> <span class='ocrx_word' id='word_1_286' title='bbox 1087 2745 1211 2806; x_wconf 81' lang='lat' dir='ltr'>netrneli</span> <span class='ocrx_word' id='word_1_287' title='bbox 1222 2744 1262 2803; x_wconf 86' lang='lat' dir='ltr'>ad</span> <span class='ocrx_word' id='word_1_288' title='bbox 1273 2743 1318 2803; x_wconf 88' lang='lat' dir='ltr'>sui</span> 
     </span>
     <span class='ocr_line' id='line_1_31' title="bbox 104 2819 1318 2906; baseline 0 -24"><span class='ocrx_word' id='word_1_289' title='bbox 104 2819 317 2902; x_wconf 75' lang='lat' dir='ltr'>probitionem,</span> <span class='ocrx_word' id='word_1_290' title='bbox 333 2833 419 2901; x_wconf 79' lang='lat' dir='ltr'>etque</span> <span class='ocrx_word' id='word_1_291' title='bbox 433 2822 505 2884; x_wconf 87' lang='lat' dir='ltr'>adeo</span> <span class='ocrx_word' id='word_1_292' title='bbox 519 2824 579 2883; x_wconf 86' lang='lat' dir='ltr'>virn</span> <span class='ocrx_word' id='word_1_293' title='bbox 594 2845 675 2884; x_wconf 81' lang='lat' dir='ltr'>suem</span> <span class='ocrx_word' id='word_1_294' title='bbox 688 2826 732 2884; x_wconf 92' lang='lat' dir='ltr'>illi</span> <span class='ocrx_word' id='word_1_295' title='bbox 742 2827 943 2887; x_wconf 86' lang='lat' dir='ltr'>communicat.</span> <span class='ocrx_word' id='word_1_296' title='bbox 965 2830 993 2887; x_wconf 83' lang='lat'>3.</span> <span class='ocrx_word' id='word_1_297' title='bbox 1007 2825 1045 2886; x_wconf 89' lang='lat' dir='ltr'>ad</span> <span class='ocrx_word' id='word_1_298' title='bbox 1059 2825 1236 2906; x_wconf 75' lang='lat' dir='ltr'>prebendam</span> <span class='ocrx_word' id='word_1_299' title='bbox 1249 2823 1318 2883; x_wconf 91' lang='lat' dir='ltr'>fidei</span> 
     </span>
     <span class='ocr_line' id='line_1_32' title="bbox 105 2902 1319 2984; baseline 0 -22"><span class='ocrx_word' id='word_1_300' title='bbox 105 2903 324 2962; x_wconf 88' lang='lat' dir='ltr'>conclusionem</span> <span class='ocrx_word' id='word_1_301' title='bbox 334 2902 448 2964; x_wconf 89' lang='lat' dir='ltr'>medius</span> <span class='ocrx_word' id='word_1_302' title='bbox 461 2905 599 2965; x_wconf 87' lang='lat' dir='ltr'>terminus</span> <span class='ocrx_word' id='word_1_303' title='bbox 608 2905 768 2966; x_wconf 85' lang='lat' dir='ltr'>desumitur</span> <span class='ocrx_word' id='word_1_304' title='bbox 775 2926 833 2966; x_wconf 91' lang='lat' dir='ltr'>non</span> <span class='ocrx_word' id='word_1_305' title='bbox 847 2927 865 2966; x_wconf 87' lang='lat' dir='ltr'>a</span> <span class='ocrx_word' id='word_1_306' title='bbox 877 2906 1041 2966; x_wconf 76' lang='lat' dir='ltr'>natumsed</span> <span class='ocrx_word' id='word_1_307' title='bbox 1054 2927 1072 2965; x_wconf 86' lang='lat' dir='ltr'>e</span> <span class='ocrx_word' id='word_1_308' title='bbox 1088 2905 1251 2984; x_wconf 54' lang='lat' dir='ltr'>Scriptum</span> <span class='ocrx_word' id='word_1_309' title='bbox 1267 2903 1319 2962; x_wconf 91' lang='lat' dir='ltr'>sed</span> 
     </span>
     <span class='ocr_line' id='line_1_33' title="bbox 105 2983 1320 3064; baseline -0.001 -22"><span class='ocrx_word' id='word_1_310' title='bbox 105 2983 159 3042; x_wconf 92' lang='lat' dir='ltr'>ubi</span> <span class='ocrx_word' id='word_1_311' title='bbox 173 3003 269 3042; x_wconf 84' lang='lat' dir='ltr'>nexus</span> <span class='ocrx_word' id='word_1_312' title='bbox 279 2983 369 3042; x_wconf 89' lang='lat' dir='ltr'>madii</span> <span class='ocrx_word' id='word_1_313' title='bbox 390 3003 456 3042; x_wconf 88' lang='lat' dir='ltr'>eum</span> <span class='ocrx_word' id='word_1_314' title='bbox 475 2984 585 3062; x_wconf 87' lang='lat' dir='ltr'>mejore</span> <span class='ocrx_word' id='word_1_315' title='bbox 598 2993 728 3044; x_wconf 86' lang='lat' dir='ltr'>extremo</span> <span class='ocrx_word' id='word_1_316' title='bbox 748 2994 871 3064; x_wconf 81' lang='lat' dir='ltr'>negetur</span> <span class='ocrx_word' id='word_1_317' title='bbox 884 2985 921 3046; x_wconf 87' lang='lat' dir='ltr'>ab</span> <span class='ocrx_word' id='word_1_318' title='bbox 936 2985 1123 3062; x_wconf 74' lang='lat' dir='ltr'>Adversario,</span> <span class='ocrx_word' id='word_1_319' title='bbox 1144 2983 1320 3044; x_wconf 87' lang='lat' dir='ltr'>succurritur</span> 
     </span>
     <span class='ocr_line' id='line_1_34' title="bbox 104 3063 1319 3154; baseline -0.002 -32"><span class='ocrx_word' id='word_1_320' title='bbox 104 3083 161 3140; x_wconf 90' lang='lat' dir='ltr'>per</span> <span class='ocrx_word' id='word_1_321' title='bbox 174 3063 296 3122; x_wconf 88' lang='lat' dir='ltr'>rationis</span> <span class='ocrx_word' id='word_1_322' title='bbox 314 3063 464 3142; x_wconf 84' lang='lat' dir='ltr'>principie,</span> <span class='ocrx_word' id='word_1_323' title='bbox 485 3083 545 3123; x_wconf 90' lang='lat' dir='ltr'>non</span> <span class='ocrx_word' id='word_1_324' title='bbox 556 3063 596 3124; x_wconf 80' lang='lat' dir='ltr'>nd</span> <span class='ocrx_word' id='word_1_325' title='bbox 615 3065 793 3144; x_wconf 73' lang='lat' dir='ltr'>probandum</span> <span class='ocrx_word' id='word_1_326' title='bbox 807 3065 895 3124; x_wconf 89' lang='lat' dir='ltr'>medii</span> <span class='ocrx_word' id='word_1_327' title='bbox 915 3065 1076 3138; x_wconf 81' lang='lat' dir='ltr'>veritatem,</span> <span class='ocrx_word' id='word_1_328' title='bbox 1092 3063 1144 3123; x_wconf 89' lang='lat' dir='ltr'>sed</span> <span class='ocrx_word' id='word_1_329' title='bbox 1156 3082 1268 3154; x_wconf 62' lang='lat' dir='ltr'>uenus:</span> <span class='ocrx_word' id='word_1_330' title='bbox 1289 3082 1319 3154; x_wconf 67' lang='lat' dir='ltr'>y.</span> 
     </span>
     <span class='ocr_line' id='line_1_35' title="bbox 59 3141 1321 3302; baseline -0.005 -16"><span class='ocrx_word' id='word_1_331' title='bbox 59 3273 63 3286; x_wconf 93' lang='lat'>.</span> <span class='ocrx_word' id='word_1_332' title='bbox 104 3141 1321 3302; x_wconf 58' lang='lat' dir='ltr'>tutnfittfitfflt,thutfihtttttrhltttttqtff</span> 
     </span>
     <span class='ocr_line' id='line_1_36' title="bbox 106 3302 1319 3382; baseline -0.002 -20"><span class='ocrx_word' id='word_1_333' title='bbox 106 3313 224 3378; x_wconf 88' lang='lat' dir='ltr'>tremo;</span> <span class='ocrx_word' id='word_1_334' title='bbox 246 3302 358 3362; x_wconf 88' lang='lat' dir='ltr'>scilicet</span> <span class='ocrx_word' id='word_1_335' title='bbox 376 3302 409 3362; x_wconf 92' lang='lat' dir='ltr'>id</span> <span class='ocrx_word' id='word_1_336' title='bbox 428 3303 507 3381; x_wconf 89' lang='lat' dir='ltr'>quod</span> <span class='ocrx_word' id='word_1_337' title='bbox 519 3303 608 3363; x_wconf 86' lang='lat' dir='ltr'>hebet</span> <span class='ocrx_word' id='word_1_338' title='bbox 621 3303 783 3364; x_wconf 75' lang='lat' dir='ltr'>accidentia</span> <span class='ocrx_word' id='word_1_339' title='bbox 795 3303 887 3382; x_wconf 80' lang='lat' dir='ltr'>punis,</span> <span class='ocrx_word' id='word_1_340' title='bbox 902 3323 967 3363; x_wconf 86' lang='lat' dir='ltr'>esse</span> <span class='ocrx_word' id='word_1_341' title='bbox 986 3322 1088 3362; x_wconf 85' lang='lat' dir='ltr'>verum</span> <span class='ocrx_word' id='word_1_342' title='bbox 1108 3322 1229 3382; x_wconf 73' lang='lat' dir='ltr'>penem,</span> <span class='ocrx_word' id='word_1_343' title='bbox 1254 3320 1319 3381; x_wconf 88' lang='lat' dir='ltr'>pro·</span> 
     </span>
     <span class='ocr_line' id='line_1_37' title="bbox 104 3382 1321 3522; baseline 0 -80"><span class='ocrx_word' id='word_1_344' title='bbox 104 3383 268 3522; x_wconf 52' lang='lat' dir='ltr'>mest</span> <span class='ocrx_word' id='word_1_345' title='bbox 280 3401 319 3442; x_wconf 82' lang='lat' dir='ltr'>ex</span> <span class='ocrx_word' id='word_1_346' title='bbox 331 3383 451 3458; x_wconf 88' lang='lat' dir='ltr'>retione,</span> <span class='ocrx_word' id='word_1_347' title='bbox 472 3383 540 3460; x_wconf 86' lang='lat' dir='ltr'>quie</span> <span class='ocrx_word' id='word_1_348' title='bbox 558 3383 719 3444; x_wconf 72' lang='lat' dir='ltr'>formaliter</span> <span class='ocrx_word' id='word_1_349' title='bbox 737 3402 797 3443; x_wconf 91' lang='lat' dir='ltr'>non</span> <span class='ocrx_word' id='word_1_350' title='bbox 816 3391 899 3444; x_wconf 84' lang='lat' dir='ltr'>extet</span> <span class='ocrx_word' id='word_1_351' title='bbox 918 3383 949 3442; x_wconf 93' lang='lat' dir='ltr'>in</span> <span class='ocrx_word' id='word_1_352' title='bbox 971 3383 1127 3463; x_wconf 89' lang='lat' dir='ltr'>Scriptura,</span> <span class='ocrx_word' id='word_1_353' title='bbox 1143 3382 1194 3443; x_wconf 88' lang='lat' dir='ltr'>sed</span> <span class='ocrx_word' id='word_1_354' title='bbox 1208 3391 1321 3444; x_wconf 86' lang='lat' dir='ltr'>tentum</span> 
     </span>
     <span class='ocr_line' id='line_1_38' title="bbox 129 3463 284 3522; baseline 0.013 -2"><span class='ocrx_word' id='word_1_355' title='bbox 129 3464 137 3476; x_wconf 90' lang='lat'>&#39;</span> <span class='ocrx_word' id='word_1_356' title='bbox 220 3463 284 3522; x_wconf 91' lang='lat' dir='ltr'>iter.</span> 
     </span>
    </p>

    <p class='ocr_par' dir='ltr' id='par_1_7' title="bbox 103 3541 1323 3944">
     <span class='ocr_line' id='line_1_39' title="bbox 149 3541 1322 3618; baseline 0 -16"><span class='ocrx_word' id='word_1_357' title='bbox 149 3543 265 3602; x_wconf 78' lang='lat' dir='ltr'>xvll.</span> <span class='ocrx_word' id='word_1_358' title='bbox 286 3542 411 3602; x_wconf 81' lang='lat' dir='ltr'>&#39;lantum</span> <span class='ocrx_word' id='word_1_359' title='bbox 434 3541 517 3604; x_wconf 86' lang='lat' dir='ltr'>ebest</span> <span class='ocrx_word' id='word_1_360' title='bbox 537 3551 571 3604; x_wconf 90' lang='lat' dir='ltr'>nt</span> <span class='ocrx_word' id='word_1_361' title='bbox 591 3543 783 3604; x_wconf 87' lang='lat' dir='ltr'>ministerium</span> <span class='ocrx_word' id='word_1_362' title='bbox 804 3544 924 3605; x_wconf 79' lang='lat' dir='ltr'>rationis</span> <span class='ocrx_word' id='word_1_363' title='bbox 945 3543 1032 3604; x_wconf 90' lang='lat' dir='ltr'>fidem</span> <span class='ocrx_word' id='word_1_364' title='bbox 1046 3543 1165 3605; x_wconf 86' lang='lat' dir='ltr'>dubiem</span> <span class='ocrx_word' id='word_1_365' title='bbox 1178 3543 1273 3618; x_wconf 79' lang='lat' dir='ltr'>faciet,</span> <span class='ocrx_word' id='word_1_366' title='bbox 1289 3550 1322 3602; x_wconf 93' lang='lat' dir='ltr'>ut</span> 
     </span>
     <span class='ocr_line' id='line_1_40' title="bbox 104 3623 1321 3703; baseline -0.002 -19"><span class='ocrx_word' id='word_1_367' title='bbox 104 3625 210 3702; x_wconf 83' lang='lat' dir='ltr'>potius</span> <span class='ocrx_word' id='word_1_368' title='bbox 223 3623 419 3700; x_wconf 82' lang='lat' dir='ltr'>cognitionem</span> <span class='ocrx_word' id='word_1_369' title='bbox 441 3630 472 3683; x_wconf 88' lang='lat' dir='ltr'>et</span> <span class='ocrx_word' id='word_1_370' title='bbox 492 3623 694 3684; x_wconf 84' lang='lat' dir='ltr'>certitudinem</span> <span class='ocrx_word' id='word_1_371' title='bbox 714 3625 780 3702; x_wconf 86' lang='lat' dir='ltr'>ejus</span> <span class='ocrx_word' id='word_1_372' title='bbox 801 3625 957 3702; x_wconf 91' lang='lat' dir='ltr'>plurimum</span> <span class='ocrx_word' id='word_1_373' title='bbox 973 3625 1103 3703; x_wconf 83' lang='lat' dir='ltr'>adjuvet,</span> <span class='ocrx_word' id='word_1_374' title='bbox 1118 3633 1148 3684; x_wconf 90' lang='lat' dir='ltr'>et</span> <span class='ocrx_word' id='word_1_375' title='bbox 1170 3623 1321 3683; x_wconf 75' lang='lat' dir='ltr'>stabiliet:</span> 
     </span>
     <span class='ocr_line' id='line_1_41' title="bbox 106 3701 1320 3782; baseline -0.002 -20"><span class='ocrx_word' id='word_1_376' title='bbox 106 3703 271 3782; x_wconf 84' lang='lat' dir='ltr'>Distingue</span> <span class='ocrx_word' id='word_1_377' title='bbox 298 3702 385 3762; x_wconf 89' lang='lat' dir='ltr'>modo</span> <span class='ocrx_word' id='word_1_378' title='bbox 411 3703 553 3762; x_wconf 71' lang='lat' dir='ltr'>rationem</span> <span class='ocrx_word' id='word_1_379' title='bbox 574 3705 605 3762; x_wconf 92' lang='lat' dir='ltr'>in</span> <span class='ocrx_word' id='word_1_380' title='bbox 623 3704 777 3780; x_wconf 88' lang='lat' dir='ltr'>abstracto,</span> <span class='ocrx_word' id='word_1_381' title='bbox 806 3713 836 3763; x_wconf 88' lang='lat' dir='ltr'>et</span> <span class='ocrx_word' id='word_1_382' title='bbox 856 3704 887 3763; x_wconf 92' lang='lat' dir='ltr'>in</span> <span class='ocrx_word' id='word_1_383' title='bbox 914 3713 1057 3780; x_wconf 90' lang='lat' dir='ltr'>concreto,</span> <span class='ocrx_word' id='word_1_384' title='bbox 1086 3705 1226 3765; x_wconf 76' lang='lat' dir='ltr'>rationem</span> <span class='ocrx_word' id='word_1_385' title='bbox 1254 3701 1320 3760; x_wconf 91' lang='lat' dir='ltr'>illu·</span> 
     </span>
     <span class='ocr_line' id='line_1_42' title="bbox 103 3781 1321 3862; baseline -0.004 -20"><span class='ocrx_word' id='word_1_386' title='bbox 103 3785 251 3844; x_wconf 79' lang='lat' dir='ltr'>minatum</span> <span class='ocrx_word' id='word_1_387' title='bbox 272 3783 303 3842; x_wconf 92' lang='lat' dir='ltr'>in</span> <span class='ocrx_word' id='word_1_388' title='bbox 323 3783 439 3842; x_wconf 90' lang='lat' dir='ltr'>homine</span> <span class='ocrx_word' id='word_1_389' title='bbox 459 3783 547 3860; x_wconf 82' lang='lat' dir='ltr'>fideli,</span> <span class='ocrx_word' id='word_1_390' title='bbox 567 3783 616 3842; x_wconf 86' lang='lat' dir='ltr'>vel</span> <span class='ocrx_word' id='word_1_391' title='bbox 636 3803 742 3842; x_wconf 80' lang='lat' dir='ltr'>coeeem</span> <span class='ocrx_word' id='word_1_392' title='bbox 755 3785 786 3842; x_wconf 93' lang='lat' dir='ltr'>in</span> <span class='ocrx_word' id='word_1_393' title='bbox 799 3782 973 3862; x_wconf 86' lang='lat' dir='ltr'>irregenito:</span> <span class='ocrx_word' id='word_1_394' title='bbox 994 3785 1105 3845; x_wconf 92' lang='lat' dir='ltr'>Verum</span> <span class='ocrx_word' id='word_1_395' title='bbox 1119 3792 1164 3844; x_wconf 91' lang='lat' dir='ltr'>est</span> <span class='ocrx_word' id='word_1_396' title='bbox 1180 3781 1321 3842; x_wconf 77' lang='lat' dir='ltr'>rationem</span> 
     </span>
     <span class='ocr_line' id='line_1_43' title="bbox 105 3862 1323 3944; baseline -0.004 -20"><span class='ocrx_word' id='word_1_397' title='bbox 105 3883 218 3924; x_wconf 69' lang='lat' dir='ltr'>cecam</span> <span class='ocrx_word' id='word_1_398' title='bbox 232 3871 263 3922; x_wconf 91' lang='lat' dir='ltr'>et</span> <span class='ocrx_word' id='word_1_399' title='bbox 285 3863 388 3923; x_wconf 80' lang='lat' dir='ltr'>fulsum</span> <span class='ocrx_word' id='word_1_400' title='bbox 409 3862 527 3922; x_wconf 82' lang='lat' dir='ltr'>dubiem</span> <span class='ocrx_word' id='word_1_401' title='bbox 548 3863 637 3922; x_wconf 87' lang='lat' dir='ltr'>fidem</span> <span class='ocrx_word' id='word_1_402' title='bbox 658 3862 768 3942; x_wconf 87' lang='lat' dir='ltr'>facerc;</span> <span class='ocrx_word' id='word_1_403' title='bbox 799 3864 852 3924; x_wconf 83' lang='lat' dir='ltr'>sed</span> <span class='ocrx_word' id='word_1_404' title='bbox 873 3875 996 3944; x_wconf 82' lang='lat' dir='ltr'>negetur</span> <span class='ocrx_word' id='word_1_405' title='bbox 1012 3863 1049 3924; x_wconf 92' lang='lat' dir='ltr'>de</span> <span class='ocrx_word' id='word_1_406' title='bbox 1070 3864 1182 3922; x_wconf 79' lang='lat' dir='ltr'>ratione</span> <span class='ocrx_word' id='word_1_407' title='bbox 1202 3880 1273 3920; x_wconf 82' lang='lat' dir='ltr'>sene</span> <span class='ocrx_word' id='word_1_408' title='bbox 1293 3868 1323 3919; x_wconf 90' lang='lat' dir='ltr'>et</span> 
     </span>
    </p>

    <p class='ocr_par' dir='ltr' id='par_1_8' title="bbox 106 4020 1325 4344">
     <span class='ocr_line' id='line_1_44' title="bbox 151 4020 1320 4100; baseline -0.003 -17"><span class='ocrx_word' id='word_1_409' title='bbox 151 4024 281 4084; x_wconf 83' lang='lat' dir='ltr'>XVIII.</span> <span class='ocrx_word' id='word_1_410' title='bbox 297 4023 382 4082; x_wconf 89' lang='lat' dir='ltr'>Licet</span> <span class='ocrx_word' id='word_1_411' title='bbox 389 4021 556 4100; x_wconf 75' lang='lat' dir='ltr'>Theologus</span> <span class='ocrx_word' id='word_1_412' title='bbox 570 4022 769 4100; x_wconf 87' lang='lat' dir='ltr'>perfectiorem</span> <span class='ocrx_word' id='word_1_413' title='bbox 779 4023 911 4084; x_wconf 88' lang='lat' dir='ltr'>notitiem</span> <span class='ocrx_word' id='word_1_414' title='bbox 921 4023 1028 4083; x_wconf 80' lang='lat' dir='ltr'>hebent</span> <span class='ocrx_word' id='word_1_415' title='bbox 1040 4020 1320 4098; x_wconf 76' lang='lat' dir='ltr'>consequentiarum,</span> 
     </span>
     <span class='ocr_line' id='line_1_45' title="bbox 106 4100 1325 4182; baseline -0.004 -19"><span class='ocrx_word' id='word_1_416' title='bbox 106 4104 178 4164; x_wconf 84' lang='lat' dir='ltr'>Non</span> <span class='ocrx_word' id='word_1_417' title='bbox 191 4105 291 4165; x_wconf 76' lang='lat' dir='ltr'>obstet</span> <span class='ocrx_word' id='word_1_418' title='bbox 305 4111 404 4163; x_wconf 67' lang='lat' dir='ltr'>minen</span> <span class='ocrx_word' id='word_1_419' title='bbox 414 4104 568 4180; x_wconf 80' lang='lat' dir='ltr'>quommue</span> <span class='ocrx_word' id='word_1_420' title='bbox 578 4102 669 4162; x_wconf 87' lang='lat' dir='ltr'>idiote</span> <span class='ocrx_word' id='word_1_421' title='bbox 682 4103 807 4181; x_wconf 86' lang='lat' dir='ltr'>idipsum</span> <span class='ocrx_word' id='word_1_422' title='bbox 821 4103 914 4180; x_wconf 89' lang='lat' dir='ltr'>possit</span> <span class='ocrx_word' id='word_1_423' title='bbox 928 4100 1108 4182; x_wconf 90' lang='lat' dir='ltr'>promodulo</span> <span class='ocrx_word' id='word_1_424' title='bbox 1119 4101 1325 4176; x_wconf 79' lang='lat' dir='ltr'>suo,qucmvie</span> 
     </span>
     <span class='ocr_line' id='line_1_46' title="bbox 106 4179 1325 4262; baseline 0.001 -20"><span class='ocrx_word' id='word_1_425' title='bbox 106 4185 225 4262; x_wconf 84' lang='lat' dir='ltr'>ignoret</span> <span class='ocrx_word' id='word_1_426' title='bbox 249 4183 393 4262; x_wconf 85' lang='lat' dir='ltr'>Logicam</span> <span class='ocrx_word' id='word_1_427' title='bbox 414 4191 444 4240; x_wconf 89' lang='lat' dir='ltr'>et</span> <span class='ocrx_word' id='word_1_428' title='bbox 466 4181 706 4260; x_wconf 76' lang='lat' dir='ltr'>Memphysieem,</span> <span class='ocrx_word' id='word_1_429' title='bbox 730 4183 800 4261; x_wconf 82' lang='lat' dir='ltr'>quie</span> <span class='ocrx_word' id='word_1_430' title='bbox 823 4182 929 4244; x_wconf 85' lang='lat' dir='ltr'>sufficit</span> <span class='ocrx_word' id='word_1_431' title='bbox 956 4181 999 4238; x_wconf 90' lang='lat' dir='ltr'>illi</span> <span class='ocrx_word' id='word_1_432' title='bbox 1020 4181 1120 4240; x_wconf 86' lang='lat' dir='ltr'>lumen</span> <span class='ocrx_word' id='word_1_433' title='bbox 1139 4179 1268 4257; x_wconf 78' lang='lat' dir='ltr'>rationis,</span> <span class='ocrx_word' id='word_1_434' title='bbox 1293 4191 1325 4248; x_wconf 89' lang='lat' dir='ltr'>et</span> 
     </span>
     <span class='ocr_line' id='line_1_47' title="bbox 109 4259 1053 4344; baseline -0.004 -20"><span class='ocrx_word' id='word_1_435' title='bbox 109 4265 221 4344; x_wconf 83' lang='lat' dir='ltr'>Logice</span> <span class='ocrx_word' id='word_1_436' title='bbox 233 4262 380 4326; x_wconf 77' lang='lat' dir='ltr'>natumlis</span> <span class='ocrx_word' id='word_1_437' title='bbox 395 4260 432 4320; x_wconf 91' lang='lat' dir='ltr'>ad</span> <span class='ocrx_word' id='word_1_438' title='bbox 446 4260 650 4322; x_wconf 89' lang='lat' dir='ltr'>discernendas</span> <span class='ocrx_word' id='word_1_439' title='bbox 664 4261 885 4340; x_wconf 79' lang='lat' dir='ltr'>consequentius</span> <span class='ocrx_word' id='word_1_440' title='bbox 897 4259 1053 4320; x_wconf 77' lang='lat' dir='ltr'>nctumles.</span> 
     </span>
    </p>

    <p class='ocr_par' dir='ltr' id='par_1_9' title="bbox 105 4338 1328 4739">
     <span class='ocr_line' id='line_1_48' title="bbox 151 4338 1322 4419; baseline -0.001 -15"><span class='ocrx_word' id='word_1_441' title='bbox 151 4345 245 4406; x_wconf 85' lang='lat' dir='ltr'>XIX.</span> <span class='ocrx_word' id='word_1_442' title='bbox 269 4345 309 4404; x_wconf 93' lang='lat' dir='ltr'>In</span> <span class='ocrx_word' id='word_1_443' title='bbox 322 4344 381 4402; x_wconf 88' lang='lat' dir='ltr'>hoo</span> <span class='ocrx_word' id='word_1_444' title='bbox 396 4342 653 4418; x_wconf 77' lang='lat' dir='ltr'>crgrmrentationis</span> <span class='ocrx_word' id='word_1_445' title='bbox 676 4361 790 4419; x_wconf 80' lang='lat' dir='ltr'>genere,</span> <span class='ocrx_word' id='word_1_446' title='bbox 814 4340 864 4400; x_wconf 91' lang='lat' dir='ltr'>ubi</span> <span class='ocrx_word' id='word_1_447' title='bbox 887 4338 998 4417; x_wconf 85' lang='lat' dir='ltr'>eliquid</span> <span class='ocrx_word' id='word_1_448' title='bbox 1019 4359 1072 4418; x_wconf 88' lang='lat' dir='ltr'>per</span> <span class='ocrx_word' id='word_1_449' title='bbox 1087 4341 1322 4418; x_wconf 87' lang='lat' dir='ltr'>consequentiam</span> 
     </span>
     <span class='ocr_line' id='line_1_49' title="bbox 109 4419 1325 4504; baseline -0.001 -20"><span class='ocrx_word' id='word_1_450' title='bbox 109 4425 229 4504; x_wconf 90' lang='lat' dir='ltr'>elicitur,</span> <span class='ocrx_word' id='word_1_451' title='bbox 246 4423 419 4502; x_wconf 88' lang='lat' dir='ltr'>requiritur,</span> <span class='ocrx_word' id='word_1_452' title='bbox 443 4425 469 4480; x_wconf 91' lang='lat'>1.</span> <span class='ocrx_word' id='word_1_453' title='bbox 486 4421 528 4484; x_wconf 93' lang='lat' dir='ltr'>Ut</span> <span class='ocrx_word' id='word_1_454' title='bbox 541 4422 632 4482; x_wconf 83' lang='lat' dir='ltr'>altere</span> <span class='ocrx_word' id='word_1_455' title='bbox 651 4422 872 4499; x_wconf 74' lang='lat' dir='ltr'>premissamm,</span> <span class='ocrx_word' id='word_1_456' title='bbox 888 4420 936 4478; x_wconf 88' lang='lat' dir='ltr'>vel</span> <span class='ocrx_word' id='word_1_457' title='bbox 950 4429 1080 4499; x_wconf 69' lang='lat' dir='ltr'>cunque,</span> <span class='ocrx_word' id='word_1_458' title='bbox 1096 4419 1260 4481; x_wconf 88' lang='lat' dir='ltr'>immediate</span> <span class='ocrx_word' id='word_1_459' title='bbox 1274 4424 1325 4483; x_wconf 84' lang='lat' dir='ltr'>vel</span> 
     </span>
     <span class='ocr_line' id='line_1_50' title="bbox 108 4499 1328 4584; baseline -0.003 -18"><span class='ocrx_word' id='word_1_460' title='bbox 108 4507 240 4584; x_wconf 69' lang='lat' dir='ltr'>mediate,</span> <span class='ocrx_word' id='word_1_461' title='bbox 271 4504 378 4564; x_wconf 81' lang='lat' dir='ltr'>verbis</span> <span class='ocrx_word' id='word_1_462' title='bbox 401 4502 525 4578; x_wconf 87' lang='lat' dir='ltr'>propriis</span> <span class='ocrx_word' id='word_1_463' title='bbox 547 4502 595 4561; x_wconf 85' lang='lat' dir='ltr'>vel</span> <span class='ocrx_word' id='word_1_464' title='bbox 617 4501 758 4580; x_wconf 76' lang='lat' dir='ltr'>figuratis,</span> <span class='ocrx_word' id='word_1_465' title='bbox 783 4501 812 4559; x_wconf 90' lang='lat' dir='ltr'>in</span> <span class='ocrx_word' id='word_1_466' title='bbox 843 4499 990 4576; x_wconf 75' lang='lat' dir='ltr'>Scriptura</span> <span class='ocrx_word' id='word_1_467' title='bbox 1011 4501 1201 4562; x_wconf 87' lang='lat' dir='ltr'>contincatur.</span> <span class='ocrx_word' id='word_1_468' title='bbox 1243 4505 1271 4560; x_wconf 81' lang='lat'>2.</span> <span class='ocrx_word' id='word_1_469' title='bbox 1285 4503 1328 4562; x_wconf 91' lang='lat' dir='ltr'>Ut</span> 
     </span>
     <span class='ocr_line' id='line_1_51' title="bbox 106 4579 1328 4668; baseline -0.009 -19"><span class='ocrx_word' id='word_1_470' title='bbox 106 4586 319 4668; x_wconf 75' lang='lat' dir='ltr'>consequentia</span> <span class='ocrx_word' id='word_1_471' title='bbox 343 4601 402 4642; x_wconf 89' lang='lat' dir='ltr'>seu</span> <span class='ocrx_word' id='word_1_472' title='bbox 423 4581 515 4640; x_wconf 72' lang='lat' dir='ltr'>nlntio</span> <span class='ocrx_word' id='word_1_473' title='bbox 537 4581 576 4642; x_wconf 87' lang='lat' dir='ltr'>sit</span> <span class='ocrx_word' id='word_1_474' title='bbox 596 4581 760 4640; x_wconf 77' lang='lat' dir='ltr'>necessarie</span> <span class='ocrx_word' id='word_1_475' title='bbox 781 4589 811 4641; x_wconf 91' lang='lat' dir='ltr'>et</span> <span class='ocrx_word' id='word_1_476' title='bbox 827 4579 964 4656; x_wconf 79' lang='lat' dir='ltr'>evidens3</span> <span class='ocrx_word' id='word_1_477' title='bbox 987 4581 1149 4642; x_wconf 85' lang='lat' dir='ltr'>necessarie</span> <span class='ocrx_word' id='word_1_478' title='bbox 1162 4600 1219 4638; x_wconf 92' lang='lat' dir='ltr'>non</span> <span class='ocrx_word' id='word_1_479' title='bbox 1234 4581 1328 4640; x_wconf 86' lang='lat' dir='ltr'>solum</span> 
     </span>
     <span class='ocr_line' id='line_1_52' title="bbox 105 4661 1327 4739; baseline -0.008 -9"><span class='ocrx_word' id='word_1_480' title='bbox 105 4671 280 4733; x_wconf 73' lang='lat' dir='ltr'>necessitate</span> <span class='ocrx_word' id='word_1_481' title='bbox 295 4666 416 4734; x_wconf 79' lang='lat' dir='ltr'>forme,</span> <span class='ocrx_word' id='word_1_482' title='bbox 436 4661 586 4722; x_wconf 90' lang='lat' dir='ltr'>sedetiam</span> <span class='ocrx_word' id='word_1_483' title='bbox 600 4662 729 4721; x_wconf 74' lang='lat' dir='ltr'>meterius</span> <span class='ocrx_word' id='word_1_484' title='bbox 744 4661 805 4722; x_wconf 81' lang='lat' dir='ltr'>sive</span> <span class='ocrx_word' id='word_1_485' title='bbox 820 4663 1030 4739; x_wconf 88' lang='lat' dir='ltr'>consequentis,</span> <span class='ocrx_word' id='word_1_486' title='bbox 1045 4670 1078 4722; x_wconf 94' lang='lat' dir='ltr'>ut</span> <span class='ocrx_word' id='word_1_487' title='bbox 1091 4679 1181 4738; x_wconf 87' lang='lat' dir='ltr'>quum</span> <span class='ocrx_word' id='word_1_488' title='bbox 1195 4679 1234 4718; x_wconf 87' lang='lat' dir='ltr'>ex</span> <span class='ocrx_word' id='word_1_489' title='bbox 1247 4667 1327 4720; x_wconf 77' lang='lat' dir='ltr'>ente·</span> 
     </span>
    </p>
   </div>
   <div class='ocr_carea' id='block_1_3' title="bbox 0 0 1592 5188">
    <p class='ocr_par' dir='ltr' id='par_1_10' title="bbox 0 0 1592 5188">
     <span class='ocr_line' id='line_1_53' title="bbox 0 0 1592 5188; baseline 0 0"><span class='ocrx_word' id='word_1_490' title='bbox 0 0 1592 5188; x_wconf 95' lang='lat' dir='ltr'> </span> 
     </span>
    </p>
   </div>
  </div>
 </body>
</html>
