3158 5180
112 327 228 375 suasu.
244 303 322 386 xm]
577 323 616 364 oa
631 323 807 364 cananaeae.
834 369 836 376 ,
867 307 871 318 “
1253 315 1311 371 433
1423 355 1429 360 .

111 465 339 544 independenter
351 485 371 524 a
383 481 502 542 eomore
515 462 636 542 operari,
650 471 740 543 patet,
754 465 803 523 val
816 481 855 524 ex
869 465 931 524 sola
944 467 1124 528 intellectione
1135 467 1200 544 Dei,
1210 467 1312 547 Ange-

109 546 214 621 lorum,
226 554 256 605 et
268 545 386 603 Animae
399 543 500 621 ipsius,
510 562 575 619 quas
589 543 712 620 seipsam
726 544 855 604 intuetur
868 553 935 606 retu
949 545 1075 624 reflexo,
1090 557 1121 608 et
1133 568 1172 607 en
1185 549 1312 610 motibus

107 625 264 686 umtieisr
284 625 372 684 Tales
385 623 463 682 enim
477 632 559 682 aetus
574 623 743 700 'spirituales
763 642 836 699 esse,
858 631 888 683 et
907 624 1134 702 independentes
1155 647 1173 687 a
1192 648 1312 706 corpore

108 725 158 764 res
170 705 233 781 ipsa
246 705 362 779 elamat,
376 712 439 765 tum
452 703 563 762 ratione
577 705 682 780 sojana
707 703 778 779 quia
799 723 881 762 meus
903 711 1036 764 versatur
1059 706 1135 764 eirea
1156 725 1203 766 rea
1228 709 1311 785 spiri·

109 785 202 844 tuales
215 793 245 844 et
258 785 451 862 neerporeae,
467 792 497 841 et
511 791 640 858 aeternas,
656 801 714 860 quo
728 800 879 860 assurgere
892 803 951 842 non
964 792 1070 862 posset,
1086 785 1143 845 nisi
1153 787 1312 864 spiritualis

108 872 140 922 et
153 863 321 941 incorporea
334 863 417 938 ieret,
436 861 555 922 effeetus
569 862 646 920 enim
656 881 715 921 non
728 870 774 921 est
786 870 849 921 toto
862 883 967 940 genere
987 865 1112 923 nobilior
1132 883 1220 926 eausa
1240 885 1309 939 sua;

107 951 170 1002 tum
184 944 295 1002 ratione
308 944 393 1016 modi,
409 943 477 1018 quia
490 950 623 1000 versatur
636 942 713 1000 eirea
726 941 782 1001 ista
795 941 911 1019 objecta
922 943 1010 1002 modo
1024 945 1175 1021 spirituali,
1197 955 1227 1006 et
1247 947 1310 1006 sina

107 1041 162 1080 usu
176 1023 278 1100 organi
292 1023 431 1102 corporei,
446 1021 525 1099 quod
539 1021 648 1080 nullam
668 1021 882 1098 proportionem
895 1022 983 1081 habet
1003 1043 1069 1081 eum
1090 1024 1205 1102 objeeto
1225 1027 1309 1103 spiri·

105 1102 178 1160 tunli
191 1110 221 1161 et
234 1102 422 1180 incorporem
445 1100 531 1160 Unde
545 1119 604 1177 quo
616 1099 711 1177 magis
724 1119 807 1160 mens
821 1101 953 1162 evehitur
966 1111 996 1162 et
1009 1102 1185 1165 abstrahitur
1203 1125 1222 1172 a
1243 1125 1308 1166 seu·

107 1181 195 1256 sibus,
211 1201 247 1241 eo
260 1181 362 1259 purius
376 1190 406 1240 et
419 1181 532 1239 sentim
545 1180 708 1257 intelligere
722 1180 805 1240 solet

147 1261 243 1320 XIII.
266 1260 359 1320 Aliud
373 1267 418 1319 est
428 1260 552 1318 animam
565 1259 692 1337 pendere
711 1278 730 1318 a
750 1279 876 1336 torpore,
892 1267 1030 1338 tanquam
1043 1283 1063 1321 a
1076 1263 1194 1339 trajecto
1208 1273 1238 1324 st
1250 1267 1307 1338 ff·

104 1341 211 1414 niente5
233 1340 326 1399 Aliud
347 1339 473 1418 pendere
494 1339 531 1398 ab
555 1359 598 1414 eo,
622 1348 760 1416 tanquam
781 1339 818 1398 ab
840 1341 943 1416 objecto
966 1348 996 1400 et
1017 1343 1169 1402 occasione.
1210 1344 1307 1419 Quum

105 1421 277 1495 Arritomlea,
292 1419 343 1480 lib.
357 1419 398 1479 iii.
412 1418 580 1494 dedeima
596 1417 644 1494 ait,
660 1420 852 1496 manentem
865 1429 996 1496 oportere
1012 1423 1157 1498 speculari
1167 1425 1306 1501 plantae·

105 1510 191 1574 moto,
207 1508 291 1559 notat
303 1499 490 1577 posteriorem
504 1498 734 1577 dependendam,
748 1519 808 1558 nou
820 1501 961 1576 priorem3
984 1501 1147 1562 Intelleetio
1162 1503 1238 1562 enim
1248 1523 1308 1564 uon

106 1578 139 1638 fit
159 1579 305 1638 ordinarie
329 1579 391 1638 siue
413 1578 566 1655 phantasia
586 1578 739 1654 initialia,
763 1579 995 1656 conditionaliter,
1024 1589 1055 1640 et
1075 1582 1213 1659 senaa,
1238 1585 1308 1660 quia

105 1659 277 1735 phantasma
289 1666 335 1718 est
349 1659 503 1736 objeetum,
518 1657 596 1716 eirea
613 1658 691 1735 quod
705 1677 786 1717 mens
808 1667 981 1736 oeeupatur3
1004 1659 1056 1719 sed
1079 1681 1137 1720 non
1158 1662 1266 1740 pendet
1289 1683 1309 1724 a

104 1738 258 1815 phantasia
271 1739 398 1812 effletr've,
414 1738 462 1796 vel
481 1737 632 1813 ealffecdve,
648 1739 717 1814 quia
729 1757 783 1796 nee
797 1738 834 1796 ab
848 1757 883 1796 ea
896 1739 1017 1814 elicitur,
1033 1759 1086 1798 nee
1100 1741 1131 1798 in
1149 1762 1184 1801 ea
1204 1742 1306 1820 reeipi·

106 1825 161 1893 tur,
176 1817 229 1876 sed
242 1817 365 1877 effieitur
377 1837 396 1876 a
409 1817 471 1876 solo
492 1817 651 1892 intellectu,
674 1825 704 1876 et
726 1817 758 1878 in
779 1836 814 1876 eo
838 1817 901 1876 solo
925 1819 1078 1894 recipitur;
1099 1819 1168 1879 lieet
1189 1830 1308 1899 propter

105 1898 241 1957 unionem
254 1917 320 1958 eum
337 1917 465 1974 torpore,
490 1896 586 1956 anima
607 1916 666 1955 nou
689 1905 824 1973 operetur
845 1915 897 1972 per
921 1895 1107 1973 intellectum,
1133 1899 1203 1975 quin
1226 1901 1307 1978 prius

103 1985 225 2053 operata
237 1977 275 2037 sit
287 1997 341 2054 per
352 1975 542 2054 phantasiam,
558 1977 599 2034 ita
612 1983 645 2034 ut
658 1975 823 2052 operatione
836 1994 889 2052 per
900 1976 1090 2052 phantasiam,
1106 1986 1136 2036 et
1153 1978 1192 2036 ad
1214 1979 1306 2056 phan-

105 2055 463 2135 tasmatumpraeaentiam,
479 2057 622 2115 excitetur
640 2053 867 2132 adoperandum
889 2075 941 2132 per
962 2055 1150 2116 intellectum.
1192 2055 1306 2118 Deinde

104 2134 210 2194 salsum
223 2145 269 2196 est
292 2135 517 2196 intellectiousm
542 2153 655 2212 semper
675 2134 800 2211 pendere
823 2154 841 2192 a
861 2134 1032 2211 phantasia;
1062 2135 1132 2198 lieet
1149 2135 1226 2195 euim
1250 2138 1306 2198 hoe

104 2235 206 2274 verum
220 2216 259 2274 sit
271 2223 403 2292 respectu
424 2235 519 2274 rerum
543 2214 723 2275 sensibilium
746 2221 938 2288 externarum,
964 2223 994 2274 et
1015 2213 1225 2293 singularium
1247 2236 1306 2276 neu

103 2303 201 2372 potest
212 2296 320 2374 pariter
332 2295 429 2354 loeum
442 2294 549 2354 habere
570 2302 703 2372 respectu
721 2309 817 2354 rerum
840 2293 1056 2370 universalium,
1082 2303 1111 2354 et
1132 2295 1305 2356 immateria-

101 2375 192 2451 lium3
215 2375 291 2434 Nam
304 2375 461 2434 inteileetio
477 2375 541 2448 Dei,
555 2393 586 2433 v.
600 2393 639 2451 g,
663 2382 693 2433 et
706 2373 887 2451 Angelorum
902 2393 920 2434 a
938 2374 1018 2433 nullo
1040 2373 1148 2451 pendet
1168 2376 1304 2453 phantas-

101 2464 189 2529 mate,
204 2455 260 2514 sub
275 2454 352 2532 quod
366 2454 437 2512 talia
450 2455 565 2532 objecta
577 2453 680 2512 eadere
694 2473 753 2512 non
765 2461 895 2531 possunt.
939 2453 978 2513 Et
1001 2473 1090 2531 quum
1112 2455 1209 2514 anima
1230 2455 1304 2534 seip-

100 2555 164 2592 sam
178 2534 326 2612 intelligit,
341 2553 407 2594 eum
421 2534 521 2594 intime
535 2533 591 2592 sibi
605 2533 643 2593 sit
655 2552 791 2611 praseae,
806 2532 968 2611 nullo'eget
980 2533 1189 2612 phantasmatis
1213 2535 1305 2594 admi·

14 2651 15 2688 3
100 2615 209 2688 uitulo,
225 2614 277 2673 ssd
291 2613 336 2672 sui
350 2613 544 2691 oognitionem
558 2611 665 2672 undam
679 2620 709 2673 et
722 2612 887 2672 intuitivam
900 2633 952 2690 per
975 2614 1098 2690 seipsam
1122 2615 1229 2674 hahere
1252 2635 1304 2693 po·

99 2703 179 2769 tast3
206 2693 285 2771 quod
298 2693 347 2752 vel
368 2691 646 2752 nnum'suffieieuter
666 2692 777 2771 probat,
803 2692 930 2770 aliquam
943 2712 1008 2752 esse
1029 2693 1133 2753 anima
1154 2694 1305 2756 rationalis

14 2783 16 2818 ι
100 2774 300 2851 operationem
313 2773 457 2851 propriam
472 2779 502 2831 et
514 2771 755 2849 independentem
768 2791 786 2830 a
799 2791 927 2850 eorpora.

141 2853 236 2912 XIV.
252 2852 334 2912 Lieet
344 2861 440 2912 autem
454 2851 550 2910 anima
563 2870 621 2909 non
634 2859 732 2911 utatur
745 2870 854 2928 organo
863 2869 999 2929 torporem
1013 2851 1051 2910 ad
1064 2852 1303 2930 intelligendum

97 2951 159 2992 non
174 2931 305 3010 sequitur
318 2932 442 2990 animam
456 2951 541 3010 posse
554 2931 663 3008 ubique
676 2930 845 3006 intelligere,
862 2929 944 3008 (quia
956 2931 1064 3008 ubique
1072 2951 1130 2990 non
1140 2931 1229 2991 habet
1239 2953 1304 2992 seu·

98 3032 186 3071 suum
200 3011 384 3086 adminicula,
391 3011 496 3088 quibus
509 3011 554 3070 uti
566 3010 653 3070 debet
666 3010 735 3070 dum
746 3019 878 3068 versatur
890 3010 921 3067 in
934 3009 1076 3102 corpora)
1086 3010 1138 3068 sed
1150 3018 1262 3070 tantum
1274 3012 1305 3070 in

98 3092 229 3151 oerebm.
272 3090 334 3150 Nee
348 3091 373 3150 si
386 3091 441 3150 hoe
455 3099 586 3168 negatur,
601 3089 675 3148 ratio
685 3107 744 3147 non
759 3090 865 3165 poterit
885 3088 967 3146 reddi
987 3089 1092 3147 furens
1111 3098 1142 3148 et
1161 3089 1303 3164 amentia,

99 3191 166 3248 qnae
180 3171 358 3230 animae'non
371 3179 493 3247 possunt
507 3169 670 3242 convenire,
694 3167 751 3226 nisi
775 3187 793 3226 a
815 3175 897 3244 parte
919 3168 1021 3244 organi
1044 3167 1125 3226 laesi:
1146 3168 1203 3227 ista
1226 3169 1304 3226 enirn

98 3269 159 3310 non
172 3251 284 3310 eadunt
297 3251 327 3308 iu
341 3250 474 3324 animam,
483 3249 540 3307 uisi
553 3265 606 3326 per
615 3247 757 3323 aeeidens,
772 3255 889 3324 propter
901 3265 1011 3323 organa
1024 3265 1159 3306 sensuum
1171 3255 1201 3306 et
1213 3247 1303 3307 seed-

99 3339 194 3390 tatum
219 3329 452 3388 adminietrarum
474 3329 577 3388 vitiata
598 3335 628 3390 et
654 3335 796 3404 eonopta
839 3325 1018 3386 Ita‘eerebri
1040 3327 1184 3405 eomrptio
1207 3335 1305 3405 potest

98 3429 221 3468 causare
235 3408 360 3468 furorem
375 3416 405 3467 et
418 3407 561 3483 delirium,
576 3427 615 3466 ex
635 3425 726 3483 prava
740 3405 928 3485 dispositione
948 3405 1108 3483 phantasiae
1128 3415 1179 3480 aut
1201 3425 1303 3480 sensus

98 3487 273 3562 eommunis,
289 3507 347 3564 quo
361 3488 394 3547 fit
407 3496 441 3547 ut
454 3487 568 3565 objeete
582 3485 701 3546 eontirsa
714 3495 743 3546 et
756 3487 924 3564 perturbata
941 3485 1115 3564 objiciantur
1134 3487 1303 3564 intellectui,

96 3569 149 3644 qui
164 3568 207 3626 ita
220 3575 446 3644 praeoccupatus,
457 3565 531 3625 nihil
544 3575 641 3645 potest
652 3574 730 3626 reete
740 3565 880 3644 judieare.
910 3565 996 3638 Unde
1010 3565 1036 3625 si
1049 3565 1193 3642 interdum
1213 3567 1303 3627 helle·

96 3649 180 3722 horo,
195 3656 248 3704 aut
261 3646 326 3706 aliis
347 3645 481 3706 remediis
496 3645 648 3724 corporeis,
664 3645 769 3706 mentis
782 3646 895 3705 insania
909 3654 1034 3721 sanatur,
1049 3653 1111 3706 tota
1129 3647 1179 3705 illa
1193 3647 1304 3720 curatio

96 3727 227 3805 pertinet
240 3726 278 3784 ad
291 3726 440 3786 oerebrum
460 3725 570 3800 laesum,
586 3726 665 3802 qued
678 3725 774 3786 sanari
791 3742 910 3794 necesse
924 3734 977 3801 est,
991 3735 1025 3785 ut
1038 3725 1134 3784 anima
1145 3725 1240 3803 possit
1252 3744 1303 3784 ex-

95 3825 196 3876 emere
211 3806 393 3884 operationes
407 3823 484 3864 suas.
527 3804 610 3865 Idem
624 3804 778 3864 dicendum
791 3804 828 3863 de
842 3805 1011 3864 diversitate
1024 3804 1222 3881 operationum
1241 3803 1303 3862 ani-

96 3906 155 3944 mas
169 3904 224 3962 pro
236 3885 348 3946 ratione
367 3885 461 3944 aetatis
480 3885 623 3960 hominia;
646 3884 713 3944 Non
732 3902 851 3952 neeesse
873 3891 919 3942 est
938 3882 1168 3941 immutationem
1190 3881 1254 3940 fieri
1273 3882 1305 3942 in

97 3965 205 4040 anima,
221 3964 319 4024 sedin
338 3964 454 4042 organis
474 3962 610 4040 eorporis,
632 3981 755 4038 quorum
774 3962 935 4020 ministerio
954 3961 1046 4020 utitem
1065 3961 1103 4019 ad
1125 3961 1306 4020 sensationea

99 4043 278 4120 eliciendas3
300 4043 369 4103 inde
383 4052 435 4118 eat,
450 4043 529 4120 quod
542 4043 573 4101 in
586 4041 695 4103 nante
709 4039 746 4099 ab
759 4040 850 4115 initio,
866 4040 914 4098 vel
927 4059 1037 4116 parum,
1052 4039 1101 4097 vel
1115 4059 1173 4098 non
1187 4039 1305 4100 omnino

98 4123 296 4198 ratiocinetur,
312 4123 381 4199 quia
394 4123 443 4182 vel
456 4123 537 4181 uuila
550 4129 618 4182 suut
631 4119 733 4194 adhuc,
749 4119 797 4178 vel
810 4139 903 4196 panea
915 4119 1125 4196 phantasmata,
1140 4139 1178 4178 ex
1198 4119 1305 4196 quibus

99 4203 284 4262 sermionem
306 4202 497 4262 ratiocinandi
518 4201 630 4277 ancipit,
657 4200 694 4259 ob
716 4197 942 4258 imbecillitatem
964 4215 1154 4273 organorum
1176 4197 1305 4275 et·quod

98 4283 248 4360 decrepita
262 4289 348 4340 aetate
362 4301 421 4338 non
435 4281 527 4358 possit
549 4279 673 4358 amplius
696 4277 871 4352 ratiocinam‘
891 4276 941 4336 vel
962 4276 1087 4336 tenuiter
1108 4275 1304 4354 ratiocinetur,

98 4363 185 4421 uthis
194 4361 286 4438 pueri
296 4361 461 4436 aenea‘quia
473 4361 675 4438 phantasmata
687 4359 736 4418 vel
749 4357 873 4435 penitus,
885 4356 933 4415 vel
946 4374 1054 4432 magna
1063 4375 1101 4414 ex
1110 4365 1192 4433 parte
1206 4355 1304 4416 delen·

98 4451 152 4516 tur,
163 4450 194 4501 et
205 4461 272 4518 quae
282 4449 437 4516 supersunt
447 4440 568 4500 obseura
578 4445 819 4516 repraesentantur
832 4434 1009 4510 intelletum
1024 4435 1158 4512 quamvis
1171 4455 1304 4495 nonnun-

97 4542 185 4600 quam
200 4521 290 4580 etiam
302 4520 461 4596 contingat,
474 4528 508 4579 ut
522 4519 667 4579 inclinatis
681 4517 807 4596 corporis
821 4517 941 4593 viribus,
956 4515 1048 4594 major
1070 4515 1108 4590 sit
1123 4514 1168 4576 vis
1191 4515 1304 4594 anima,

991 4653 996 4664 ,
1012 4600 1030 4654 2
1046 4614 1064 4654 s
