3158 5180
231 377 295 446 'sla
710 397 800 441 Locus
814 399 958 449 cusanus.
1230 379 1358 462 [asnar.
1375 401 1436 444 ιιι.

231 544 319 604 libitu
333 559 475 616 exercere,
491 539 539 600 vel
552 559 611 599 non
625 559 759 600 exercere
774 559 843 619 erga
863 551 1024 602 creaturam
1038 541 1235 620 peccatricem,
1251 561 1306 602 nec
1325 553 1441 604 tenetis

232 626 265 683 -in
279 641 378 683 omnes
391 621 471 680 illam
485 619 665 697 diffundere3
688 621 739 679 sed
753 631 786 681 ut
799 621 879 680 illam
889 621 1051 700 patefacere
1060 623 1091 680 in
1101 621 1282 700 quonmdam
1297 623 1441 683 electione

230 703 345 778 voluit3
368 702 415 760 Ita
429 701 529 760 statuit
543 701 629 759 etiam
640 701 785 778 justitiam
796 721 877 760 suem
891 703 922 760 in
933 702 1054 761 aliorum
1064 702 1264 780 reprobatione
1275 703 1440 764 ostendere

274 781 417 842 XXVII.
440 781 506 839 Non
520 781 632 840 laboret
645 781 710 858 ejus
724 783 874 857 Sanctitas,
896 783 980 860 qussi
993 783 1106 860 peccati
1119 783 1275 842 causalitas
1290 781 1335 841 illi
1348 785 1442 861 possit

229 862 366 936 adscribi,
382 862 451 938 quia
464 861 603 938 peccandi
624 862 781 920 necessitas
795 864 950 940 conjuncta
971 872 1015 922 est
1034 883 1099 922 cum
1121 862 1313 942 denegatione
1327 864 1439 942 gratiae,

231 954 261 1004 et
274 941 429 1002 indurandi
444 941 591 1001 decremm
602 940 718 999 videtur
731 942 862 1001 homiues
882 942 1087 1020 pradestinare
1101 942 1139 1001 ad
1158 952 1320 1020 peccatum.
1365 943 1441 1002 Nam

228 1031 420 1102 praeterquam
434 1021 513 1099 quod
528 1022 608 1079 Deus
622 1021 653 1078 in
662 1020 778 1080 homine
791 1023 914 1099 reprobo
924 1031 1074 1099 peccatum
1085 1041 1143 1081 non
1155 1021 1234 1097 facit,
1250 1022 1303 1082 sed
1316 1023 1440 1098 invenit,

229 1105 278 1162 vel
291 1101 433 1182 praevidet
446 1101 573 1160 futurum
588 1121 625 1158 en
639 1101 828 1178 permissione
843 1121 913 1161 sua:
937 1101 1101 1161 Necessitas
1111 1101 1250 1180 peccandi
1260 1122 1327 1180 qua
1342 1123 1439 1180 reprc-

228 1184 373 1244 baticnem
389 1182 527 1258 sequitur,
549 1199 608 1238 non
628 1189 725 1258 potest
745 1182 857 1258 peccati
878 1181 1076 1242 causalitatem
1099 1181 1162 1240 Deo
1182 1182 1354 1260 impingere,
1377 1192 1439 1244 tum

226 1264 296 1342 quia
307 1264 460 1326 ὃτιηωὶς
468 1269 521 1336 est,
537 1268 567 1319 et
579 1260 742 1319 voluntaria
755 1261 786 1318 in
800 1262 916 1321 homine
929 1271 1084 1340 peccante;
1106 1271 1168 1321 tum
1181 1263 1251 1339 quia
1261 1262 1440 1340 sequiturad

226 1343 465 1422 reprobationem,
481 1349 514 1400 ut
527 1359 692 1416 commeans
705 1348 827 1417 tantum,
843 1341 896 1400 sed
909 1362 967 1400 non
981 1351 1014 1403 ut
1028 1345 1162 1418 estimatus.
1205 1341 1352 1402 Effectum
1365 1363 1439 1420 prae·

225 1423 362 1501 supponit
375 1441 500 1496 causam,
516 1420 567 1479 sed
581 1439 760 1498 consequens
773 1427 885 1481 tantam
899 1422 1092 1482 antecedens:
1111 1423 1186 1481 inter
1198 1422 1376 1481 antecedens
1389 1441 1440 1482 au·

226 1515 285 1563 tem
299 1511 329 1562 et
343 1521 523 1579 consequens
536 1519 595 1558 non
609 1500 762 1560 intercedit
775 1502 938 1561 causalitas.
982 1502 1024 1562 Ut
1036 1503 1087 1561 Sol
1105 1522 1163 1560 non
1176 1509 1273 1578 potest
1283 1501 1343 1560 dici
1357 1511 1438 1562 tena-

226 1585 343 1642 brarum
358 1602 452 1656 causa,
469 1581 538 1658 quia
551 1579 588 1637 ad
602 1581 667 1658 ejus
680 1581 840 1640 absentiam
861 1591 1021 1659 sequuntur
1034 1583 1169 1658 tenebrae,
1185 1583 1227 1640 sic
1241 1581 1374 1641 succedit
1392 1601 1439 1641 re·

225 1663 388 1744 probationi
416 1670 574 1740 peccatum,
598 1661 649 1719 aed
669 1680 727 1719 non
748 1669 883 1720 causatur
902 1681 920 1720 a
933 1661 1141 1738 reprobatione.
1182 1663 1246 1720 Nec
1269 1681 1439 1739 consequens

226 1753 274 1820 est,
287 1741 332 1822 (ut
346 1743 420 1801 bene
434 1741 504 1801 clim
515 1739 594 1816 Aug.
607 1740 636 1797 in
651 1741 701 1800 lib.
717 1740 753 1800 de
768 1741 831 1800 arti.
846 1741 919 1800 falso
933 1741 1084 1818 impositis,
1095 1742 1133 1800 ad
1142 1741 1223 1800 artie.
1236 1739 1298 1820 15.)
1340 1744 1437 1802 Deum

227 1823 324 1901 quibam
333 1823 525 1900 penitentium
538 1841 595 1879 non
608 1823 666 1895 dat,
676 1821 894 1898 resipiscentiam
904 1824 1027 1898 anferre,
1038 1830 1065 1880 et
1078 1841 1147 1898 qnos
1159 1842 1216 1881 non
1229 1822 1363 1880 asama
1372 1824 1437 1880 alti·

227 1908 314 1964 derc:
334 1904 403 1962 hinc
417 1911 529 1963 tantum
540 1901 613 1960 bene
623 1901 751 1978 colligas,
764 1902 1179 1977 hominemnecessarioruerc,
1189 1901 1246 1959 nisi
1262 1901 1344 1960 Deus
1353 1902 1434 1962 illum

228 1993 387 2060 sustentet;
412 1983 463 2043 sed
476 2001 657 2060 nequaquam
673 1981 767 2041 Deum
781 2001 907 2060 peccare,
923 1982 992 2059 quia
1015 1981 1125 2040 homini
1138 2001 1196 2040 non
1211 1981 1269 2055 dat,
1285 1981 1366 2058 quod
1378 2001 1438 2041 non

228 2067 325 2126 debet.
369 2064 451 2123 Licet
465 2080 534 2122 vero
544 2062 624 2120 Deus
638 2062 730 2138 possit
738 2062 796 2121 dici
805 2062 1023 2139 praedestinasse
1032 2061 1164 2120 homines
1177 2059 1215 2118 ad
1223 2061 1437 2120 indurationem

229 2155 368 2223 tanquam
389 2163 512 2222 poenam,
528 2162 586 2219 quo
600 2159 686 2200 sensu
700 2142 876 2220 immorigeri
891 2142 1025 2202 dicuntur
1044 2141 1132 2219 positi
1146 2148 1177 2207 εἰς
1191 2142 1321 2216 imitans,
1340 2145 1355 2199 l
1373 2142 1436 2202 Pet

228 2226 259 2284 il.
275 2229 303 2284 8.
315 2234 344 2284 ct
358 2224 439 2301 impii
452 2221 611 2299 praescripti
625 2221 662 2279 ad
672 2221 823 2299 judicium,
840 2222 911 2283 Jud.
926 2225 965 2298 43
995 2221 1061 2280 Non
1075 2222 1205 2298 sequitur
1214 2221 1437 2300 praedestinasse
1457 2291 1460 2298 ,

229 2303 354 2378 adeam,
370 2301 596 2379 quaestinonem,
619 2309 649 2358 et
663 2301 688 2359 si
709 2302 774 2380 quis
795 2301 826 2359 id
847 2301 1001 2375 affirmarit,
1024 2302 1177 2360 anathema
1197 2301 1293 2360 dicere
1314 2301 1358 2360 illi
1378 2321 1438 2360 non

227 2383 392 2442 dubitamus
407 2385 472 2439 cnm
496 2379 614 2456 synodo
629 2379 827 2440 Arausioana:
849 2383 911 2442 Nec
927 2401 1044 2441 necesse
1058 2390 1102 2440 est
1115 2389 1147 2440 ut
1161 2381 1287 2440 destinet
1301 2401 1336 2440 eo
1350 2382 1438 2442 modo

228 2461 267 2522 ad
280 2460 382 2535 medis,
399 2459 544 2536 quomodo
554 2457 593 2516 ad
605 2458 710 2534 finem;
732 2479 799 2518 nam
808 2480 860 2537 pro
870 2461 1031 2521 mediorum
1041 2470 1144 2520 natura
1152 2461 1349 2520 diversimode
1360 2463 1438 2520 circa

228 2561 264 2600 ea
277 2548 410 2599 versatur
423 2539 453 2596 in
468 2538 659 2597 destinatione
673 2557 781 2614 eorum,
796 2540 845 2598 vel
856 2549 889 2600 ut
902 2541 960 2600 alia
974 2541 1086 2615 efficiet,
1108 2541 1156 2600 vel
1171 2551 1203 2600 ut
1217 2541 1275 2600 alia
1288 2543 1438 2619 permittat

228 2629 349 2694 tantum,
365 2627 395 2678 et
408 2615 530 2694 dirigat3
552 2636 611 2694 quo
622 2637 708 2677 sensu
728 2627 825 2696 potest
839 2619 895 2680 dici
911 2619 1114 2698 predestinata
1127 2621 1165 2680 ad
1183 2630 1335 2698 peccatum
1349 2633 1379 2681 et
1393 2623 1436 2680 in·

229 2699 417 2773 durationem,
433 2717 492 2756 non
505 2697 646 2773 effective,
663 2699 715 2757 sed
728 2699 898 2776 permissive
912 2710 942 2760 et
955 2701 1104 2777 directius,
1119 2711 1261 2779 quatenus
1275 2701 1356 2760 illam
1371 2723 1436 2780 pcr-

232 2781 346 2840 mittere
360 2787 389 2838 et
402 2777 535 2837 ordinare
549 2777 687 2837 decrerit.

270 2858 430 2920 XXVIII.
453 2858 510 2933 Qui
523 2857 589 2916 ideo
603 2857 728 2936 aliquem
741 2859 833 2936 punit,
849 2859 897 2918 vel
915 2860 1017 2938 punire
1031 2860 1167 2936 decernit,
1190 2881 1224 2920 eo
1235 2861 1314 2938 quod
1329 2881 1364 2920 ca
1377 2882 1435 2922 noa

228 2941 297 3002 lecit
311 2960 375 3018 quae
390 2939 483 2998 facere
497 2938 577 2997 nullo
591 2937 679 2996 modo
693 2939 797 3016 potuit,
819 2940 866 2998 vel
881 2960 932 3017 per
946 2940 1186 3000 substractionem
1206 2941 1313 3000 virium
1328 2941 1435 3019 injuste

227 3022 341 3097 iactam,
358 3020 405 3080 vel
418 3039 470 3098 per
483 3018 719 3097 impedimentum
730 3020 875 3078 actionum
889 3029 1082 3096 externarum,
1097 3029 1232 3079 manente
1246 3021 1435 3080 nihilominus

228 3103 414 3162 inclinatione
428 3099 466 3158 ad
480 3100 553 3174 illas,
570 3097 602 3156 Is
623 3107 718 3175 potest
732 3096 789 3157 dici
802 3099 899 3176 inique
916 3101 1022 3177 agere:
1046 3100 1105 3160 Sed
1131 3099 1215 3174 absit,
1237 3109 1270 3160 ut
1291 3101 1350 3160 tale
1365 3101 1435 3179 quid

227 3191 388 3242 statuamus
402 3182 432 3240 in
448 3181 528 3255 Deo;
550 3179 673 3238 dicimus
688 3179 782 3238 Deum
793 3179 823 3236 in
834 3183 962 3256 tempore
979 3181 1090 3257 punire,
1111 3188 1140 3240 et
1154 3181 1191 3238 ab
1205 3187 1314 3239 aterno
1327 3181 1434 3241 consti·

226 3263 317 3322 misse
331 3263 432 3339 punire
446 3269 618 3337 peccatores,
631 3258 710 3335 quod
723 3277 782 3317 non
795 3258 923 3318 lecerunt
937 3279 1002 3338 quac
1015 3259 1109 3319 facere
1123 3260 1293 3334 debuerunt,
1309 3281 1344 3319 ac
1352 3261 1435 3321 initio

226 3343 313 3400 etiam
327 3347 490 3416 potuerunt,
507 3339 558 3398 sed
567 3348 667 3415 postea
676 3357 728 3397 sua
741 3339 834 3416 culpa,
846 3359 900 3398 nec
908 3348 1064 3417 potuerunt
1072 3339 1195 3418 amplius
1203 3359 1258 3398 nec
1268 3339 1432 3400 voluerunt.

226 3419 288 3478 Nec
303 3419 327 3475 si
340 3420 420 3477 Deus
429 3417 535 3476 deserit
548 3417 694 3476 hominem
704 3419 735 3475 in
749 3421 838 3494 reatu,
851 3419 1060 3497 quamproprie
1074 3439 1127 3478 ano
1138 3419 1210 3479 vitio
1221 3419 1252 3478 in
1263 3439 1294 3478 ae
1303 3420 1431 3492 attraxit,

226 3507 256 3557 et
267 3496 392 3573 deneget
401 3496 524 3572 gratiam
532 3497 723 3554 necessariam
734 3497 772 3556 ad
783 3498 846 3576 ejus
855 3500 1034 3572 erectionem,
1044 3507 1141 3576 potest
1148 3499 1311 3576 iniquitatis
1318 3499 1431 3558 mensa·

225 3577 258 3652 ri,
274 3577 343 3654 quia
357 3585 389 3634 ut
402 3574 555 3633 liberrime
568 3576 721 3652 potestatis
736 3577 878 3637 Dominus
892 3587 943 3651 est,
953 3579 1034 3638 nullo
1042 3580 1109 3656 jure
1119 3587 1234 3638 tenetur
1246 3579 1325 3638 vires
1339 3578 1377 3637 ad
1391 3577 1431 3636 ia·

225 3655 360 3717 ciendum
374 3652 452 3732 quod
467 3654 553 3713 debet
566 3654 717 3714 restituere
731 3657 766 3731 ei,
777 3658 827 3734 qui
841 3658 991 3716 virasillas
1005 3659 1121 3735 propria
1130 3659 1282 3717 voluntate
1295 3659 1432 3736 perdidit,

224 3746 258 3799 ut
269 3735 429 3815 justissime
442 3743 538 3810 potest
552 3734 589 3792 ab
602 3734 718 3794 homine
733 3737 811 3814 quod
824 3736 910 3796 debet
924 3757 1036 3814 semper
1043 3745 1181 3814 repetere,
1197 3746 1226 3796 et
1237 3747 1357 3814 propter
1369 3739 1435 3815 ejus

226 3817 409 3878 omissionem
424 3815 505 3873 illum
519 3814 629 3892 punire,
652 3815 721 3874 licet
734 3816 811 3875 vires
825 3815 862 3873 ad
882 3817 955 3876 illud
975 3816 1178 3894 exequendum
1196 3817 1344 3892 emiserit;
1367 3837 1433 3876 eum

225 3897 356 3958 debitum
370 3913 428 3954 non
442 3895 535 3972 magis
548 3901 625 3952 asset
639 3903 705 3970 post
718 3896 901 3954 amissionem
915 3897 1029 3970 virium,
1050 3915 1137 3974 quam
1151 3895 1282 3955 debitum
1295 3898 1433 3974 pecunia-

225 3979 300 4037 rium
314 3982 409 4035 cessat
421 3983 487 4052 post
501 3973 736 4050 dilapidationem
750 3977 898 4034 bonorum.
1077 3975 1078 3980 ’

265 4055 395 4116 XXIX.
412 4055 485 4113 Gum
499 4052 699 4134 recursantis
713 4055 827 4132 propria
841 4054 925 4114 cadat
938 4055 969 4113 in
982 4053 1128 4130 Judicem,
1138 4055 1197 4132 qui,
1209 4056 1345 4132 neglecto
1359 4055 1433 4134 legi-

224 4137 295 4194 timo
313 4135 389 4212 juris
402 4133 597 4208 fundamento,
619 4135 737 4211 respicit
750 4135 780 4192 in
798 4135 909 4212 Judicic
931 4135 968 4192 ad
995 4135 1158 4212 qualitates,
1181 4134 1229 4193 vel
1249 4135 1435 4196 conditiones

223 4223 446 4290 externasque
459 4212 533 4272 nihil
543 4213 653 4274 faciunt
662 4212 700 4271 ad
714 4232 849 4274 caueam:
869 4233 1019 4292 perperam
1032 4214 1062 4271 in
1079 4213 1336 4274 Praedestinaticne
1350 4215 1434 4275 iucu-

224 4303 305 4352 satur
320 4293 399 4350 Deus
413 4301 551 4370 tanquam
563 4295 783 4374 egressorium,
795 4293 863 4351 dum
872 4313 961 4352 unum
975 4313 1034 4371 prae
1044 4293 1208 4370 alioelegit,
1219 4293 1359 4370 quianon
1370 4297 1435 4372 agit

223 4380 292 4430 tunc
301 4371 323 4431 J
324 4371 446 4444 udinem,
463 4373 514 4430 sed
529 4374 685 4431 Dominum
706 4381 736 4432 et
751 4373 921 4449 Principem,
944 4374 994 4449 qni
1007 4381 1104 4450 potest
1123 4373 1282 4432 indebitam
1305 4375 1433 4450 gratiam

222 4449 291 4506 huic
305 4449 374 4508 dare
388 4461 417 4508 et
430 4450 475 4508 illi
488 4471 594 4528 negare
616 4451 678 4510 sine
695 4453 864 4528 cujusquam
885 4453 997 4528 injuria,
1013 4453 1082 4529 qnia
1099 4453 1196 4530 potest
1209 4451 1303 4511 lacere
1325 4452 1364 4512 de
1378 4475 1435 4513 suc

223 4527 302 4601 quod
324 4527 405 4590 libet.
420 4546 474 4586 nec
494 4531 584 4588 ullam
598 4531 628 4587 in
642 4531 735 4589 salute
760 4530 932 4589 destinanda
953 4531 1081 4610 respexit
1095 4531 1300 4592 conditionem
1345 4533 1435 4606 Quod

224 4603 351 4676 August.
361 4606 443 4678 epist.
456 4609 521 4680 105,
532 4609 569 4665 ad
585 4609 708 4683 sixtum,
719 4609 792 4668 bene
807 4610 949 4688 explicat3
967 4613 985 4644 “
996 4610 1079 4684 Quod
1097 4612 1287 4670 Personarum
1296 4623 1433 4690 accepto·

223 4698 282 4737 rem
300 4680 393 4736 Deum
408 4699 439 4738 aa
453 4685 568 4743 credere
583 4687 763 4763 existimarim
780 4689 804 4746 si
815 4689 933 4749 credant
942 4689 1018 4767 quod
1030 4689 1093 4748 sina
1107 4688 1175 4749 ullis
1197 4690 1435 4767 precedentibus
