3160 5194
107 367 214 420 cum.
230 348 294 430 ιι]
602 367 641 410 nn
655 365 833 412 rnnonoom.
1289 352 1324 410 15

107 513 152 572 lta
164 529 224 570 non
239 507 449 570 accensendus
462 516 506 568 est
521 509 660 584 Etbnicia,
676 508 729 567 sad
743 507 885 584 Patribus,
901 507 951 585 qui
966 506 1088 568 salutem
1102 525 1120 565 a
1135 507 1327 588 Redemptore

108 589 237 650 nondum
259 588 413 668 patefacto
434 589 640 666 expectabant,
663 589 738 648 unde
760 587 797 648 ab
817 587 945 648 adventu
960 586 1040 646 Petri
1060 606 1118 646 non
1134 587 1246 667 accepit
1259 588 1327 650 lidci

110 669 234 744 initium,
250 668 307 728 sed
321 676 522 746 augmentum.

150 749 230 808 XX.
253 749 388 808 Articuli
402 747 461 808 duo
474 746 511 806 de
524 748 637 825 quibus,
654 747 731 808 Hsb.
745 747 786 807 xi.
802 750 830 824 6,
845 766 903 806 non
917 746 1098 824 intelligendi
1115 755 1183 808 sunt
1196 747 1325 827 physice,

110 838 256 908 quatenus
269 827 396 888 rationis
409 827 517 888 lumine
535 827 643 906 percipi
662 835 792 905 possunt,
808 828 860 887 sed
872 827 1084 906 hyperphysice
1098 835 1128 887 et
1141 826 1325 906 lbeologice,

111 917 258 988 qnatenus
271 927 327 987 per
343 908 507 986 Scripturas
520 907 604 966 nobis
620 907 839 968 manifestantur
852 907 1017 986 cognitione
1037 907 1174 984 salvifica,
1190 927 1248 986 qua
1268 927 1326 968 non

111 997 227 1050 tantum
248 988 396 1066 novimus,
418 988 496 1066 qnod
516 987 555 1048 sit
576 987 664 1064 Deus,
687 995 716 1047 et
736 988 815 1064 quod
835 988 874 1048 sit
893 989 1074 1066 omnipotens
1090 1007 1186 1048 rerum
1200 989 1327 1048 omnium

113 1069 245 1144 Creator,
260 1067 314 1128 md
327 1068 395 1145 quis
408 1069 455 1143 sit,
472 1067 566 1144 Pater,
580 1066 673 1127 Filius
687 1075 716 1128 et
732 1067 856 1146 Spiritus
872 1067 1004 1146 Sanctus,
1019 1077 1049 1128 et
1061 1077 1128 1146 post
1140 1069 1253 1147 lapsum
1268 1069 1325 1129 Re-

113 1149 267 1227 demptum
289 1167 350 1206 non
370 1155 482 1208 tantum
497 1147 707 1207 Remunerator
725 1147 859 1226 legaliter
875 1167 913 1206 cx
925 1149 1028 1208 merito
1042 1168 1108 1207 cnm
1122 1150 1325 1226 quaerentibus,

116 1229 173 1288 sed
195 1248 235 1288 ex
261 1227 357 1305 gratia
378 1247 446 1288 eum
465 1227 660 1305 quarentibus
685 1227 863 1305 Evangelice
886 1246 938 1305 per
961 1227 1047 1288 fidem
1070 1228 1103 1286 in
1126 1229 1325 1291 Mediatorem.

118 1308 209 1402 Hanc
222 1327 285 1368 esse
298 1317 426 1400 mantem
436 1306 571 1385 Apostoli
584 1307 687 1386 probat
703 1310 728 1366 1.
743 1307 917 1402 adjunctum
925 1307 994 1368 fidei
1008 1307 1153 1385 salvificas,
1164 1328 1251 1387 quam
1265 1319 1326 1371 toto

114 1387 396 1544 &diffidis
409 1387 864 1545 idttttitrt‘sstttt
871 1387 1327 1546 ttmtttttdtttff

114 1558 178 1608 tem
192 1566 277 1607 snam
290 1547 397 1624 quovis
409 1547 496 1608 modo
509 1546 714 1624 diffrmdentis3
736 1548 789 1608 sed
808 1548 937 1627 cognitio
950 1549 1013 1608 veri
1027 1549 1084 1608 Dei
1100 1559 1217 1628 propter
1230 1551 1326 1611 Chris-

115 1637 181 1688 rum
196 1627 275 1688 bona
288 1627 417 1686 coelestia
430 1626 589 1704 largientis.
630 1627 772 1690 Accedere
784 1632 827 1689 cd
838 1631 933 1689 Deum
946 1627 1090 1707 Apostolo
1104 1629 1177 1688 nihil
1190 1629 1270 1690 aliud
1284 1641 1328 1691 est

114 1707 612 1864 cursuscursus
791 1709 1329 1868 crus

159 1887 209 1928 em
229 1867 262 1926 in
277 1867 381 1944 Deum,
396 1877 426 1929 et
438 1833 525 1929 tide’m
538 1867 570 1927 in
584 1834 731 1929 Christum
744 1868 907 1947 distinguit,
923 1878 956 1929 ut
969 1870 1021 1928 illa
1034 1869 1072 1929 sit
1085 1870 1216 1930 absolute
1229 1889 1326 1931 neces·

116 1947 197 2008 saria
216 1945 257 2006 ad
279 1948 410 2025 sulutem,
433 1947 495 2009 herc
514 1947 630 2007 nonnisi
651 1967 688 2008 ex
707 1948 883 2008 revelatione
897 1949 1013 2024 divina;
1036 1948 1110 2008 Nam
1124 1949 1205 2008 nulla
1218 1970 1289 2009 vera
1301 1961 1330 2011 ct

115 2026 259 2088 salutaris
281 2036 377 2106 potest
399 2047 463 2088 esse
484 2027 556 2089 fides
578 2028 609 2087 in
633 2027 738 2104 Deum,
763 2047 829 2107 quaa
850 2047 909 2087 non
931 2029 1085 2105 conjuncta
1099 2028 1137 2087 sit
1150 2047 1216 2087 cum
1229 2027 1286 2089 fide
1299 2031 1330 2088 in

116 2108 280 2248 ciffi
303 2107 371 2167 Joa.
386 2108 448 2167 xis.
472 2111 497 2169 1.
539 2109 613 2170 Cum
634 2109 666 2167 in
691 2109 786 2168 Deum
808 2126 867 2168 non
888 2107 1033 2187 possimus
1053 2107 1179 2184 credere,
1202 2109 1258 2168 nisi
1279 2129 1331 2186 per

161 2267 260 2327 xxl.
283 2265 349 2328 Nou
363 2287 503 2346 negamus
516 2267 614 2329 varios
635 2288 673 2329 ex
687 2267 845 2330 Veteribus
865 2267 902 2328 de
916 2267 1077 2328 Gentilium
1096 2275 1126 2327 et
1141 2267 1328 2347 Philosopho-

119 2367 186 2406 rum
205 2347 295 2425 juxta
314 2348 455 2407 rationem
475 2348 566 2408 ritem
589 2367 671 2409 suam
692 2349 903 2410 instituentium
926 2348 1019 2408 seinte
1041 2349 1116 2408 bene
1140 2367 1278 2426 sperasse,
1298 2358 1330 2409 ut

119 2429 212 2488 oues
225 2427 313 2486 Aue.
327 2429 433 2488 Suom.
448 2431 476 2504 t,
491 2429 577 2489 Just.
591 2428 675 2508 Apol.
691 2433 719 2489 2.
743 2429 885 2507 C'trysost
899 2430 992 2488 rust.
1008 2431 1056 2505 3⁷,
1071 2429 1101 2487 r'u
1114 2429 1200 2491 Mau.
1215 2437 1245 2489 et
1258 2429 1330 2488 alios

117 2509 226 2568 citatos
238 2507 408 2568 Gosmtbouo
421 2509 552 2569 Exercit.
566 2511 594 2584 t,
609 2511 639 2570 in
652 2510 812 2570 Barous'um
823 2533 835 2582 ,·
858 2508 916 2569 Sed
929 2509 1025 2568 minus
1038 2510 1143 2569 mirum
1157 2516 1202 2568 est
1215 2509 1287 2568 istos
1300 2510 1331 2570 in

118 2607 218 2648 errore
231 2593 365 2648 versatos
378 2587 476 2663 fnisse
499 2609 565 2648 cum
587 2596 654 2649 ente
667 2598 800 2650 exortum
815 2588 966 2672 Pelagium
987 2589 1116 2650 securius
1135 2589 1329 2668 loquerentur,

118 2685 209 2746 quum
223 2666 333 2726 multos
348 2667 543 2730 Scholasticos
561 2677 629 2749 post
646 2669 746 2748 gratia
760 2668 791 2728 in
806 2669 920 2730 Christo
934 2669 1135 2730 necessitatem
1147 2671 1207 2728 tam
1221 2668 1333 2729 fortiter

119 2747 159 2808 ab
172 2746 344 2824 Augustino
367 2755 397 2806 et
410 2745 559 2827 discipulis
573 2749 638 2827 ejus
651 2757 798 2825 assertam,
821 2749 874 2827 qui
894 2750 932 2809 ad
953 2748 1077 2810 eundem
1097 2749 1223 2828 lapidem
1242 2749 1331 2829 imps-

120 2847 279 2999 gemXXII,
303 2905 336 2999 bi
350 2905 512 2986 Zuinglius,
528 2908 694 3003 Herculem,
710 2909 867 3004 l'bemum,
882 2908 1015 2984 Numam,
1038 2907 1208 3002 Aristidem,
1232 2909 1331 2968 Socra-

120 2985 1161 3069 rr
1170 2987 1334 3125 scus

123 3145 242 3206 Veteris
256 3154 287 3206 et
301 3145 379 3206 Novi
393 3147 571 3209 Testamenti
587 3149 717 3223 Sanctos,
737 3146 827 3207 addit.
869 3148 929 3206 Hic
941 3149 1102 3222 Herculem,
1120 3145 1261 3221 mauu
1281 3147 1332 3205 So·

121 3236 240 3300 crates,
255 3225 419 3303 Aristidem
434 3227 570 3305 Numam,
585 3227 643 3288 dc.
684 3229 743 3287 Hic
756 3227 951 3288 Accessum
965 3235 1026 3286 tuos
1039 3235 1067 3286 ct
1078 3233 1213 3304 quotquot
1231 3225 1260 3284 iu
1271 3227 1333 3305 fids

122 3307 186 3366 tte
198 3306 364 3384 miqrdruut
375 3307 505 3385 Majorer
517 3317 579 3368 tuos
591 3308 703 3368 videtu.
747 3307 942 3386 Prteterquam
956 3305 1035 3384 quod
1049 3306 1189 3366 allostris
1199 3324 1258 3365 non
1267 3325 1331 3383 pro·

122 3385 226 3461 batur,
247 3394 359 3446 certum
372 3395 418 3448 est
430 3405 496 3449 eum
509 3389 606 3466 potius
619 3405 731 3448 enasse
744 3387 776 3445 in
788 3387 864 3448 sacto
878 3405 964 3466 quam
975 3387 1006 3447 in
1016 3387 1091 3467 jura,
1106 3403 1164 3446 non
1175 3387 1258 3465 quasi
1269 3405 1332 3445 sen-

123 3465 193 3526 serit
212 3465 336 3544 januam
356 3467 458 3548 solutis
478 3475 577 3548 patere
598 3475 682 3529 extra
703 3467 849 3528 Christum
873 3476 904 3529 et
928 3467 1023 3545 fidem,
1043 3465 1096 3528 sed
1117 3467 1186 3545 quis
1207 3467 1334 3544 speravit

123 3545 351 3605 misericordiam
364 3546 493 3606 divinam
506 3545 593 3607 modo
615 3545 700 3608 nobis
718 3547 841 3623 occulto,
865 3547 916 3609 sed
936 3547 992 3627 ipsi
1012 3547 1138 3627 cognito,
1161 3545 1248 3606 fidem
1269 3546 1334 3606 aliis

123 3625 364 3702 instsllcsscqttos
371 3625 529 3687 virtutibus
541 3627 614 3688 alias
627 3626 756 3724 heroicis·
764 3636 823 3688 tam
837 3628 954 3722 effingis
967 3629 1148 3703 illustrasset,
1163 3625 1243 3705 quod
1249 3633 1334 3763 patet

122 3703 306 3924 {iffi-¹3¹¹&
316 3707 694 3866 immisi
700 3704 1336 3867 tttlttttttttttttttstl

125 3881 181 3940 pra
275 3865 364 3926 tibus.
406 3865 493 3926 Hmc
506 3877 603 3928 autem
617 3868 661 3928 illi
673 3875 799 3929 mentem
813 3867 901 3928 fuisse
915 3868 999 3928 docet
1012 3868 1077 3946 ejus
1090 3866 1128 3925 de
1141 3871 1259 3944 peccato
1278 3861 1333 3920 ori-

125 3942 215 4020 ginali
235 3942 394 4005 declaratio
414 3945 453 4005 ad
474 3945 626 4008 Urbanum
640 3947 786 4026 Rhegium
799 3949 882 4008 Tom.
896 3949 926 4007 ii.
947 3969 976 4026 p.
993 3950 1059 4022 109,
1083 3945 1134 4005 ubi
1154 3961 1221 4002 cum
1241 3959 1334 4000 errare

124 4041 175 4083 eos
194 4022 328 4100 dixisset,
351 4025 403 4102 qui
424 4023 602 4087 damnationi
623 4028 790 4107 adjudicant
811 4045 912 4088 omnes
933 4045 1007 4104 quos
1026 4025 1158 4085 Gentiles
1178 4039 1333 4080 vocarnus:

126 4101 1335 4242 ffisstfflmxbumuidfiddquisqroeiucmdemodeanutmipmm

165 4259 298 4325 XXIII.
321 4265 406 4325 Licet
421 4265 538 4328 Etbnici
548 4265 629 4326 varia
643 4267 783 4328 sacrificia
793 4264 958 4340 obtulerint,
973 4283 1032 4323 non
1043 4260 1173 4341 sequitur
1185 4281 1235 4323 eos
1249 4263 1333 4322 mise-

127 4339 279 4402 ricordiam
294 4341 352 4404 Dai
366 4343 397 4403 in
411 4346 526 4406 Christo
540 4347 704 4424 agnovisse,
726 4346 795 4425 quie
814 4363 914 4405 esrum
931 4343 1070 4403 sacrificia
1082 4363 1141 4402 non
1154 4351 1213 4403 tem
1227 4343 1335 4404 fiebant

127 4419 163 4478 ad
175 4421 390 4502 impetrandam
405 4425 461 4485 Dei
475 4427 598 4505 gratim
612 4427 775 4502 salutarem,
799 4443 865 4503 qua
886 4424 995 4483 homiui
1016 4425 1077 4484 sine
1097 4425 1273 4484 revelatione
1291 4424 1334 4482 in·

126 4509 274 4563 notescere
287 4519 348 4564 non
362 4513 467 4583 potest,
482 4507 551 4587 quis
563 4507 629 4587 aJus
641 4505 811 4568 exercitium
821 4503 907 4584 plane
920 4512 966 4564 est
978 4505 1109 4581 liberum,
1124 4521 1211 4582 quam
1225 4503 1263 4562 ad
1275 4503 1336 4580 pla·

128 4581 246 4644 endam
266 4583 335 4662 ejus
353 4585 506 4664 justitiam,
529 4603 595 4664 quae
617 4585 788 4649 naturaliter
800 4593 870 4645 uota
883 4592 935 4660 est,
953 4592 983 4646 et
1005 4587 1088 4663 cujus
1102 4583 1271 4644 exercitium
1293 4589 1337 4640 est

128 4663 332 4724 meantium.
