3152 5178
102 387 220 440 enm.
235 369 350 454 mun]
593 393 789 456 nrnsouuo,
804 395 955 440 arnume.
1270 382 1341 442 229*

98 531 131 591 in
142 550 207 591 erse
219 532 375 608 appositi
380 554 392 592 .·
414 532 473 594 llla
486 534 624 614 explioari
637 537 712 597 solet
724 557 776 616 per
794 538 1045 615 Indepoedeutrhm
1064 557 1082 597 e
1102 537 1242 616 subjecto,
1264 559 1330 618 quae

98 612 245 704 pompetit
259 613 406 705 omnibus
427 614 595 676 substantiis
615 625 676 676 tam
695 617 877 696 inoompletis
896 637 984 696 quam
1005 618 1173 696 eompletis3
1196 619 1259 679 Iste
1277 641 1330 698 per

98 701 434 769 munumentum
457 713 510 754 seu
532 695 873 774 inwmmunieubslitatem,
898 707 1041 776 quatenus
1055 698 1216 758 substantia
1229 699 1329 777 singu·

100 771 180 846 laria
206 789 314 848 neque
336 779 479 852 estpars,
500 793 554 834 nee
577 775 747 853 adjunctum
770 776 897 854 alterius,
920 798 985 856 quoe
1007 778 1033 837 si
1056 777 1102 853 sit,
1124 777 1329 839 intellectualis

99 858 227 909 voantur
256 851 407 911 Pmoun.
449 853 507 912 llla
527 861 571 914 est
593 855 658 932 ipsa
679 857 847 916 substantiae
861 858 1023 934 existentia,
1048 857 1110 917 Ista
1131 877 1201 917 vero
1223 858 1329 918 dieitur

98 928 312 1007 superaddere
334 931 454 992 modum
474 933 600 1012 aliquem
613 935 775 996 existentis
789 937 957 997 substantie
975 937 1139 1015 singularis,
1154 937 1205 1015 qui
1224 937 1328 998 modus

97 1008 287 1070 entitativus
308 1009 418 1071 dieitur
441 1013 543 1072 ultimo
565 1015 723 1074 terminans
744 1023 774 1074 et
792 1017 940 1094 complens
952 1025 1085 1077 naturam
1099 1015 1326 1093 substantialem,

98 1096 190 1167 atque
220 1089 277 1146 illi
306 1088 383 1148 dans
409 1091 769 1172 incommutabilitatem,
792 1103 826 1155 ut
849 1096 1006 1156 subsistere
1026 1097 1082 1155 boo
1104 1115 1191 1156 sensu
1212 1097 1250 1156 eit
1276 1115 1327 1156 na·

98 1177 174 1228 tnrae
204 1167 382 1246 singularis
408 1171 511 1231 ultimo
537 1173 696 1250 completae,
725 1183 756 1234 et
780 1174 1068 1236 inoommunioabilis.
1103 1175 1151 1234 Ite
1169 1177 1330 1236 lamonites

99 1247 215 1308 Christi
238 1248 340 1307 habet
355 1249 480 1326 priorem
504 1252 720 1312 subsistentiam
743 1273 801 1331 qua
823 1255 1007 1315 eonstituitur
1028 1254 1135 1315 inesse
1149 1255 1327 1333 substantiae,

98 1328 170 1406 quia
184 1335 336 1420 est-vere
345 1330 506 1391 substantie
518 1331 715 1410 independens
727 1352 747 1392 a
760 1333 909 1412 subjeet03
925 1334 977 1394 sed
990 1353 1049 1394 non
1061 1335 1248 1412 posteriorem
1263 1355 1328 1413 quas

99 1408 271 1468 eonstiturt
285 1409 477 1486 suppositum,
491 1411 561 1488 quia
572 1430 631 1471 non
645 1419 691 1472 est
703 1413 883 1491 suppositum
903 1414 1069 1490 humanum,
1090 1423 1191 1493 utpote
1204 1415 1286 1474 unita
1298 1423 1330 1475 et

99 1488 254 1567 adjuncta
270 1486 374 1548 Verbo
387 1487 426 1548 ad
438 1491 671 1551 constitutionem
684 1493 844 1574 θωιςᾶπιυ.
886 1493 946 1554 Hie
965 1513 1036 1554 vero
1056 1513 1116 1554 vox
1137 1495 1330 1556 subsistentiae

101 1587 162 1628 non
175 1567 286 1647 priori
299 1585 396 1646 sensu,
412 1569 465 1630 sed
476 1571 627 1649 posteriori
642 1575 772 1633 sumitur.
1318 1611 1321 1623 ι

430 1649 486 1709 VI.
507 1654 536 1710 4.
558 1651 638 1710 Huic
658 1651 853 1714 subsistentias
873 1653 1061 1732 designandae
1075 1653 1171 1714 Gnaei
1188 1653 1327 1714 adhibue-

368 1737 437 1789 runt
457 1748 559 1789 vocem
581 1729 747 1808 tricarim,
762 1751 828 1809 quae
847 1753 1018 1810 magnarum
1037 1732 1186 1793 turbarum
1208 1733 1278 1792 olim
1298 1733 1329 1792 in

104 1808 256 1870 Erelesia
269 1807 454 1869 oeensionem
465 1809 597 1887 prebuit,
607 1820 723 1890 propter
736 1813 818 1872 voeis
829 1812 1064 1891 homonymiam
1078 1813 1136 1872 Vel
1149 1813 1227 1872 enim
1240 1832 1329 1891 gene·

104 1891 165 1950 ries
182 1899 221 1949 et
235 1890 301 1948 late
312 1887 435 1948 sumitur
448 1887 526 1967 apud
540 1890 641 1950 Patres
654 1910 707 1968 pro
720 1891 785 1969 ipsa
797 1891 840 1950 rei
854 1892 1023 1968 substantia,
1041 1900 1071 1952 et
1084 1892 1126 1952 ita
1138 1901 1252 1952 veteres
1269 1893 1328 1952 Ro·

104 1970 192 2030 mani
210 1977 244 2029 et
258 1967 395 2027 Afrioani
408 1967 520 2027 nullum
530 1969 685 2030 discrimen
706 1969 852 2048 ponebant
872 1971 948 2030 inter
967 1971 1121 2030 essentiam
1142 1972 1213 2030 eth
1253 1980 1330 2031 osta·

105 2047 477 2190 ff3hmdffimodo
493 2049 662 2189 Saffienpi
677 2069 724 2110 an.
739 2053 796 2110 347
812 2049 920 2126 babitu,
929 1993 1332 2190 ffifflwffffiqififf

152 2150 170 2189 s
209 2149 275 2208 ypo
382 2146 519 2204 asserere,
555 2149 573 2187 a
605 2148 921 2190 ooorumverounam
1042 2149 1078 2205 ‚e
1217 2174 1224 2188 .
1263 2149 1331 2208 p1.

107 2210 147 2269 ad
162 2209 290 2268 Affloe.
304 2206 481 2267 etAniioeh.
492 2207 627 2275 triam
641 2210 711 2269 oiseis
724 2211 793 2283 bers,
803 2213 849 2268 ul
863 2206 926 2268 stlta
940 2207 1009 2268 &aaa
1022 2211 1140 2279 meist,
1155 2205 1245 2278 laist
1258 2213 1285 2267 sl
1299 2206 1332 2286 i'r,

109 2287 1332 2368 typounahudmffiaestrtaihilaliudnotatquumidqaodesbtinqustuitetiam

110 2367 272 2430 sententia
282 2367 458 2444 Hieronymi
470 2368 501 2426 in
513 2369 597 2446 epist.
612 2368 650 2428 ed
665 2369 831 2446 Damasum,
841 2369 892 2448 qui
905 2390 964 2430 non
976 2370 1139 2448 petiebatur
1152 2379 1211 2430 tres
1224 2369 1332 2448 hypos-

111 2459 197 2509 tases
212 2446 286 2523 diei,
300 2467 339 2506 ne
352 2453 411 2506 tres
424 2448 556 2508 essentie
570 2447 687 2524 diviua,
702 2457 732 2509 et
745 2449 788 2509 sio
797 2457 857 2510 tres
871 2449 922 2508 Dii
935 2457 1137 2510 statuerentur.
1171 2449 1231 2509 Vel
1244 2449 1332 2508 sumi-

113 2537 165 2588 tur
178 2528 283 2588 stn'ete
295 2545 349 2604 pro
362 2525 406 2585 rei
424 2527 617 2604 subsistentia,
633 2537 663 2588 et
682 2529 840 2608 supposito,
860 2530 1005 2607 quomodo
1025 2530 1114 2590 Alex.
1136 2529 1272 2608 Synodus
1285 2549 1332 2590 ιι.

114 2610 189 2683 319,
207 2613 315 2666 eontra
329 2605 509 2667 Sabellianos
529 2606 631 2668 definit
647 2627 734 2667 uuam
754 2627 819 2669 esse
838 2609 1058 2687 praedicandam-
1072 2609 1161 2684 οὐσίαι,
1183 2617 1243 2668 tres
1262 2627 1333 2667 vero

116 2687 287 2760 ὑπατείαις,
302 2685 372 2744 vide
386 2685 487 2746 Basili.
502 2687 585 2764 epist.
600 2686 638 2747 ad
652 2687 774 2765 Gregor.
788 2687 900 2748 fratres.
921 2690 1001 2749 Hine
1014 2689 1098 2749 facile
1112 2688 1275 2749 conciliatio
1289 2687 1333 2746 in·

116 2769 259 2828 stituitnr
271 2766 349 2825 iuter
361 2765 427 2825 loen
440 2765 560 2826 Petrum
572 2767 648 2827 inter
668 2787 699 2826 se
719 2769 888 2846 pugnantia,
910 2777 944 2829 ut
963 2769 1090 2829 ostendit
1104 2767 1283 2828 Athanasius
1303 2766 1335 2826 in

119 2844 261 2907 Consilio
284 2844 432 2922 Alexand.
454 2845 538 2923 eujus
558 2855 621 2906 erat
641 2866 757 2924 praeses,
780 2848 831 2925 qui
850 2849 932 2908 litem
954 2867 1049 2907 aorem
1067 2856 1160 2908 ortam
1180 2847 1256 2906 inter
1269 2846 1333 2906 Ori·

119 2925 239 2986 entales
253 2932 285 2984 et
299 2923 508 3000 Oooidentalea
521 2925 640 2986 Grssoos
651 2934 680 2986 et
694 2926 823 3002 Latinos,
838 2947 873 2987 ea
887 2927 923 2986 de
932 2946 1019 2986 musa
1031 2926 1188 3004 prudenter
1200 2933 1231 2984 et
1243 2925 1334 2984 felioi·

122 3013 171 3066 ter
190 3005 321 3079 diremit,
342 3003 422 3081 qnod
442 3003 551 3082 Grego.
572 3005 654 3065 Neai.
674 3006 811 3066 observet
830 3005 862 3064 in
882 3005 962 3065 Orat.
982 3005 1020 3064 de
1039 3005 1148 3064 laudib.
1170 3003 1335 3065 Athanasii.

127 3084 216 3146 Unde
238 3093 315 3144 teste
329 3083 410 3161 Aug.
424 3083 455 3142 li.
469 3104 499 3144 v.
514 3083 550 3144 de
564 3085 654 3144 'Irini
669 3105 733 3163 oap.
747 3084 808 3143 viii.
823 3084 919 3144 dioere
933 3091 1143 3144 eonsueverent
1162 3082 1222 3158 μίαν
1242 3083 1331 3158 οὐσίαι,

124 3163 188 3247 ‘egris
201 3164 362 3239 ὑπατείας,
377 3184 465 3223 unam
478 3164 588 3224 scilieet
601 3164 771 3240 Errantem,
787 3173 843 3223 tres
856 3163 1060 3223 sumansu.
1095 3163 1202 3222 Postea
1214 3181 1284 3220 veno
1297 3181 1334 3222 ne

129 3248 212 3304 souis
226 3245 405 3322 ambiguitas
425 3253 502 3304 esset
521 3245 626 3304 erroris
640 3243 763 3319 oeoesio,
777 3252 811 3303 ut
823 3243 926 3302 Thom.
941 3250 1024 3302 notat
1042 3263 1071 3320 p.
1089 3245 1115 3302 l.
1130 3261 1158 3320 q.
1174 3243 1222 3317 29,
1238 3249 1291 3301 art.
1306 3245 1336 3302 2.

130 3325 259 3384 obtinuit
273 3324 443 3384 Graecorum
461 3324 611 3399 sententie,
626 3323 677 3402 qui
697 3323 832 3383 'vtinam
851 3343 905 3401 pro
925 3321 1111 3384 subsistentia
1130 3329 1250 3400 ponunt,
1272 3340 1338 3398 quse

130 3403 296 3464 eommunis
309 3411 355 3462 est
367 3402 454 3461 hodie
467 3411 497 3462 et
509 3411 626 3481 reoepts
645 3404 722 3482 apud
743 3423 852 3470 omnes,
872 3421 963 3480 eoque
976 3403 1079 3480 magis,
1095 3401 1175 3481 quod
1189 3401 1338 3478 Scriptura

131 3483 179 3543 bio
199 3483 306 3561 preire
325 3481 411 3542 nohis
430 3481 554 3558 videtur,
576 3483 646 3542 dum
666 3481 840 3542 conferendo
862 3482 1019 3541 Personam
1033 3483 1103 3542 Filii
1123 3501 1190 3542 eum
1209 3482 1338 3541 Persona

134 3563 238 3702 ἓιῗίι,
255 3563 341 3702 aaarjus
354 3559 441 3622 refert
458 3561 623 3640 imaginem,
637 3570 725 3622 voest
743 3581 809 3622 eum
825 3561 1026 3623 ΟΙιανασιιιοιιι
1037 3562 1217 3622 wenta
1229 3561 1336 3638 Paret,

166 3663 182 3702 e
203 3662 248 3703 .r.
284 3685 293 3702 .

139 1709 165 1754 4.
177 1707 331 1759 brumis·

438 3719 512 3780 VII.
533 3723 561 3782 5.
577 3721 656 3781 Hine
669 3729 749 3800 petet
762 3722 833 3800 quid
845 3723 960 3782 nomine
971 3724 1105 3782 Persona
1116 3719 1339 3798 intelligendum

398 3799 455 3876 sit3
478 3801 552 3860 Nam
566 3802 646 3879 quod
665 3801 743 3879 apud
756 3802 875 3862 Graues
895 3802 1061 3880 hypostasis
1079 3799 1192 3874 dicitur,
1211 3798 1243 3857 id
1261 3796 1339 3876 apud

137 3877 257 3938 latinos
270 3887 317 3939 est
329 3880 467 3956 Pmoun,
481 3900 541 3939 uon
553 3889 640 3958 prout
652 3901 713 3940 vox
729 3881 822 3942 Sosus
834 3881 926 3959 petita
938 3889 991 3956 est,
1006 3889 1036 3940 et
1049 3879 1213 3940 hebionem
1227 3879 1340 3938 larvam

139 3967 225 4034 notat,
239 3958 320 4096 apud
335 3957 472 4051 Gellium,
487 3959 538 4018 lib.
552 3980 582 4020 v.
597 3980 622 4019 o.
638 3963 665 4036 7,
677 3960 732 4054 ubi
744 3959 908 4052 histriones,
922 3960 1035 4034 larvati,
1042 3958 1192 4050 personati
1203 3954 1339 4016 diceban-

140 4043 198 4112 tur;
218 4057 256 4098 ve
283 4057 374 4114 quum
394 4045 517 4098 sumitur
556 4058 589 4098 ro
603 4042 738 4117 persistata
758 4039 864 4117 aliqua,
886 4047 938 4098 aut
957 4047 1077 4097 externa
1096 4055 1200 4113 speere,
1216 4033 1341 4127 qneead

138 4135 230 4176 ausae
243 4125 424 4176 momentum
438 4117 512 4176 nihil
536 4118 612 4195 eoit3
627 4137 685 4196 quo
698 4125 783 4196 paeto
793 4117 895 4177 Judex
907 4137 966 4175 non
980 4116 1067 4174 debet
1080 4133 1231 4192 personam
1240 4113 1341 4174 drvrtls

137 4194 166 4254 in
175 4196 291 4274 judieie
304 4197 449 4274 respieere
461 4217 521 4274 pree
542 4217 675 4276 paupere,
697 4206 728 4258 et
747 4217 766 4256 a
780 4197 843 4255 Deo
864 4201 1029 4254 removetur
1049 4191 1341 4285 remeandas-uel

136 4276 290 4369 paone
303 4275 626 4416 ἛΜἛΨΨΞᾸΓ
639 4271 1342 4428 qumlllffiiewffiilieimliipiiiiii

137 4355 330 4527 ἔξω
346 4374 505 4511 {elidimus
515 4376 841 4529 sumiuirtognieiorinth.
858 4433 878 4492 i.
890 4372 941 4508 ‚lp'
963 4440 993 4492 et
1013 4371 1342 4508 apudgndurisoonsultos

139 4513 889 4672 papilrplpsp'rpptprbffimpspptppiglrpodpgpptpnpptm
896 4513 1128 4666 ἔιῗιΙιΡιῖὶξὲἲιιῃῖῐιι,
1149 4607 1215 4668 quse
1237 4597 1342 4669 praeter

143 4668 270 4750 iormum,
285 4692 353 4751 quse
366 4680 412 4732 est
425 4673 623 4752 personalitas,
633 4673 796 4752 subjeetum
809 4673 896 4734 etiam
909 4679 992 4732 notat
1005 4669 1177 4733 oumforma
1188 4690 1207 4730 a
1220 4688 1278 4747 qua
1290 4668 1340 4730 de·

176 3779 199 3825 b.
209 3781 327 3832 Persona,
