<?xml version="1.0" encoding="UTF-8"?>
<!DOCTYPE html PUBLIC "-//W3C//DTD XHTML 1.0 Transitional//EN"
    "http://www.w3.org/TR/xhtml1/DTD/xhtml1-transitional.dtd">
<html xmlns="http://www.w3.org/1999/xhtml" xml:lang="en" lang="en">
 <head>
  <title>
</title>
<meta http-equiv="Content-Type" content="text/html;charset=utf-8" />
  <meta name='ocr-system' content='tesseract 3.04.00' />
  <meta name='ocr-capabilities' content='ocr_page ocr_carea ocr_par ocr_line ocrx_word'/>
</head>
<body>
  <div class='ocr_page' id='page_1' title='image "./francisciturret01pictgoog_0600.png"; bbox 0 0 3250 5176; ppageno 0'>
   <div class='ocr_carea' id='block_1_1' title="bbox 172 320 1378 404">
    <p class='ocr_par' dir='ltr' id='par_1_1' title="bbox 172 320 1378 404">
     <span class='ocr_line' id='line_1_1' title="bbox 172 320 1378 404; baseline -0.001 -21"><span class='ocrx_word' id='word_1_1' title='bbox 172 341 285 392; x_wconf 81' lang='lat' dir='ltr'><strong>ounsr.</strong></span> <span class='ocrx_word' id='word_1_2' title='bbox 302 320 346 404; x_wconf 75' lang='lat' dir='ltr'><strong>u]</strong></span> <span class='ocrx_word' id='word_1_3' title='bbox 673 341 713 383; x_wconf 87' lang='lat' dir='ltr'><strong>na</strong></span> <span class='ocrx_word' id='word_1_4' title='bbox 727 342 869 385; x_wconf 73' lang='lat' dir='ltr'><strong>saccaro.</strong></span> <span class='ocrx_word' id='word_1_5' title='bbox 1319 323 1378 382; x_wconf 72' lang='grc'><strong>545</strong></span> 
     </span>
    </p>
   </div>
   <div class='ocr_carea' id='block_1_2' title="bbox 168 481 1378 4789">
    <p class='ocr_par' dir='ltr' id='par_1_2' title="bbox 170 481 1376 1281">
     <span class='ocr_line' id='line_1_2' title="bbox 171 481 1374 562; baseline -0.001 -19"><span class='ocrx_word' id='word_1_6' title='bbox 171 483 331 544; x_wconf 76' lang='lat' dir='ltr'><strong>sententia.</strong></span> <span class='ocrx_word' id='word_1_7' title='bbox 374 483 449 542; x_wconf 91' lang='lat' dir='ltr'><strong>Nam</strong></span> <span class='ocrx_word' id='word_1_8' title='bbox 463 491 496 542; x_wconf 92' lang='lat' dir='ltr'><strong>ut</strong></span> <span class='ocrx_word' id='word_1_9' title='bbox 509 483 584 542; x_wconf 87' lang='lat' dir='ltr'>nihil</span> <span class='ocrx_word' id='word_1_10' title='bbox 598 482 634 542; x_wconf 89' lang='lat' dir='ltr'><strong>de</strong></span> <span class='ocrx_word' id='word_1_11' title='bbox 648 484 775 560; x_wconf 73' lang='lat' dir='ltr'><strong>luxuria,</strong></span> <span class='ocrx_word' id='word_1_12' title='bbox 791 483 869 562; x_wconf 91' lang='lat' dir='ltr'><strong>quod</strong></span> <span class='ocrx_word' id='word_1_13' title='bbox 883 491 980 544; x_wconf 88' lang='lat' dir='ltr'><strong>tamen</strong></span> <span class='ocrx_word' id='word_1_14' title='bbox 994 503 1093 545; x_wconf 91' lang='lat' dir='ltr'><strong>eorum</strong></span> <span class='ocrx_word' id='word_1_15' title='bbox 1107 489 1257 562; x_wconf 90' lang='lat' dir='ltr'><strong>peccatum</strong></span> <span class='ocrx_word' id='word_1_16' title='bbox 1276 481 1374 558; x_wconf 86' lang='lat' dir='ltr'><strong>fuisse,</strong></span> 
     </span>
     <span class='ocr_line' id='line_1_3' title="bbox 170 562 1374 640; baseline 0 -18"><span class='ocrx_word' id='word_1_17' title='bbox 170 585 228 623; x_wconf 91' lang='lat' dir='ltr'><strong>non</strong></span> <span class='ocrx_word' id='word_1_18' title='bbox 242 564 328 624; x_wconf 91' lang='lat' dir='ltr'><strong>modo</strong></span> <span class='ocrx_word' id='word_1_19' title='bbox 342 565 482 640; x_wconf 81' lang='lat' dir='ltr'><strong>Joseptus</strong></span> <span class='ocrx_word' id='word_1_20' title='bbox 496 571 525 624; x_wconf 89' lang='lat' dir='ltr'><strong>et</strong></span> <span class='ocrx_word' id='word_1_21' title='bbox 538 564 621 623; x_wconf 75' lang='lat' dir='ltr'><strong>Ptin</strong></span> <span class='ocrx_word' id='word_1_22' title='bbox 634 584 700 623; x_wconf 89' lang='lat' dir='ltr'><strong>cum</strong></span> <span class='ocrx_word' id='word_1_23' title='bbox 714 565 736 626; x_wconf 90' lang='lat' dir='ltr'>J</span> <span class='ocrx_word' id='word_1_24' title='bbox 737 563 836 639; x_wconf 80' lang='lat' dir='ltr'><strong>udaie,</strong></span> <span class='ocrx_word' id='word_1_25' title='bbox 852 564 904 623; x_wconf 88' lang='lat' dir='ltr'><strong>sed</strong></span> <span class='ocrx_word' id='word_1_26' title='bbox 917 564 991 622; x_wconf 86' lang='lat' dir='ltr'><strong>varii</strong></span> <span class='ocrx_word' id='word_1_27' title='bbox 1011 585 1049 622; x_wconf 91' lang='lat' dir='ltr'><strong>cx</strong></span> <span class='ocrx_word' id='word_1_28' title='bbox 1069 565 1214 640; x_wconf 86' lang='lat' dir='ltr'><strong>Patribus,</strong></span> <span class='ocrx_word' id='word_1_29' title='bbox 1229 562 1374 639; x_wconf 87' lang='lat' dir='ltr'><strong>Justinus,</strong></span> 
     </span>
     <span class='ocr_line' id='line_1_4' title="bbox 171 643 1374 722; baseline -0.002 -20"><span class='ocrx_word' id='word_1_30' title='bbox 171 644 305 704; x_wconf 83' lang='lat' dir='ltr'><strong>Clemens</strong></span> <span class='ocrx_word' id='word_1_31' title='bbox 319 644 418 718; x_wconf 76' lang='lat' dir='ltr'><strong>Alex,</strong></span> <span class='ocrx_word' id='word_1_32' title='bbox 430 643 561 720; x_wconf 79' lang='lat' dir='ltr'><strong>Tertull,</strong></span> <span class='ocrx_word' id='word_1_33' title='bbox 572 643 749 719; x_wconf 87' lang='lat' dir='ltr'><strong>Lactantius,</strong></span> <span class='ocrx_word' id='word_1_34' title='bbox 760 652 790 702; x_wconf 90' lang='lat' dir='ltr'><strong>et</strong></span> <span class='ocrx_word' id='word_1_35' title='bbox 803 643 862 720; x_wconf 88' lang='lat' dir='ltr'><strong>alii,</strong></span> <span class='ocrx_word' id='word_1_36' title='bbox 872 664 909 704; x_wconf 89' lang='lat' dir='ltr'><strong>ex</strong></span> <span class='ocrx_word' id='word_1_37' title='bbox 923 643 988 704; x_wconf 90' lang='lat' dir='ltr'><strong>loco</strong></span> <span class='ocrx_word' id='word_1_38' title='bbox 998 644 1071 704; x_wconf 83' lang='lat' dir='ltr'><strong>Gen.</strong></span> <span class='ocrx_word' id='word_1_39' title='bbox 1082 645 1123 703; x_wconf 81' lang='lat' dir='ltr'><strong>vi.</strong></span> <span class='ocrx_word' id='word_1_40' title='bbox 1138 649 1156 702; x_wconf 77' lang='lat'>2</span> <span class='ocrx_word' id='word_1_41' title='bbox 1168 663 1317 722; x_wconf 88' lang='lat' dir='ltr'><strong>perperam</strong></span> <span class='ocrx_word' id='word_1_42' title='bbox 1331 643 1374 700; x_wconf 91' lang='lat' dir='ltr'><strong>in-</strong></span> 
     </span>
     <span class='ocr_line' id='line_1_5' title="bbox 170 723 1375 802; baseline -0.002 -18"><span class='ocrx_word' id='word_1_43' title='bbox 170 725 286 784; x_wconf 88' lang='lat' dir='ltr'><strong>tellecto</strong></span> <span class='ocrx_word' id='word_1_44' title='bbox 300 724 424 784; x_wconf 90' lang='lat' dir='ltr'><strong>absurde</strong></span> <span class='ocrx_word' id='word_1_45' title='bbox 445 724 664 800; x_wconf 64' lang='lat' dir='ltr'><strong>existimas-unu</strong></span> <span class='ocrx_word' id='word_1_46' title='bbox 688 725 762 784; x_wconf 84' lang='lat' dir='ltr'><strong>Duae</strong></span> <span class='ocrx_word' id='word_1_47' title='bbox 777 731 851 784; x_wconf 84' lang='lat' dir='ltr'><strong>sunt</strong></span> <span class='ocrx_word' id='word_1_48' title='bbox 870 724 1023 802; x_wconf 73' lang='lat' dir='ltr'><strong>praecipua</strong></span> <span class='ocrx_word' id='word_1_49' title='bbox 1042 724 1201 784; x_wconf 77' lang='lat' dir='ltr'>Doctorum</span> <span class='ocrx_word' id='word_1_50' title='bbox 1215 723 1375 799; x_wconf 72' lang='lat' dir='ltr'><strong>sententia,</strong></span> 
     </span>
     <span class='ocr_line' id='line_1_6' title="bbox 171 803 1375 882; baseline -0.003 -18"><span class='ocrx_word' id='word_1_51' title='bbox 171 805 269 864; x_wconf 86' lang='lat' dir='ltr'><strong>Prima</strong></span> <span class='ocrx_word' id='word_1_52' title='bbox 282 825 381 864; x_wconf 92' lang='lat' dir='ltr'><strong>eorum</strong></span> <span class='ocrx_word' id='word_1_53' title='bbox 395 803 446 882; x_wconf 92' lang='lat' dir='ltr'><strong>qui</strong></span> <span class='ocrx_word' id='word_1_54' title='bbox 460 805 575 864; x_wconf 82' lang='lat' dir='ltr'><em>livorem</em></span> <span class='ocrx_word' id='word_1_55' title='bbox 588 813 615 862; x_wconf 86' lang='lat' dir='ltr'><strong>ct</strong></span> <span class='ocrx_word' id='word_1_56' title='bbox 627 804 762 864; x_wconf 81' lang='lat' dir='ltr'><strong>invidiam</strong></span> <span class='ocrx_word' id='word_1_57' title='bbox 775 804 964 864; x_wconf 91' lang='lat' dir='ltr'><strong>inhominem</strong></span> <span class='ocrx_word' id='word_1_58' title='bbox 979 803 1068 864; x_wconf 82' lang='lat' dir='ltr'><strong>fuisse</strong></span> <span class='ocrx_word' id='word_1_59' title='bbox 1082 811 1209 878; x_wconf 85' lang='lat' dir='ltr'><strong>censent,</strong></span> <span class='ocrx_word' id='word_1_60' title='bbox 1224 811 1317 862; x_wconf 90' lang='lat' dir='ltr'><strong>ortam</strong></span> <span class='ocrx_word' id='word_1_61' title='bbox 1337 821 1375 862; x_wconf 84' lang='lat' dir='ltr'><strong>ex</strong></span> 
     </span>
     <span class='ocr_line' id='line_1_7' title="bbox 171 882 1376 963; baseline -0.002 -19"><span class='ocrx_word' id='word_1_62' title='bbox 171 884 286 944; x_wconf 88' lang='lat' dir='ltr'><strong>decreto</strong></span> <span class='ocrx_word' id='word_1_63' title='bbox 300 884 371 962; x_wconf 88' lang='lat' dir='ltr'><strong>ipsis</strong></span> <span class='ocrx_word' id='word_1_64' title='bbox 384 883 522 959; x_wconf 87' lang='lat' dir='ltr'><strong>revelato,</strong></span> <span class='ocrx_word' id='word_1_65' title='bbox 538 883 575 944; x_wconf 91' lang='lat' dir='ltr'><strong>de</strong></span> <span class='ocrx_word' id='word_1_66' title='bbox 588 891 692 943; x_wconf 86' lang='lat' dir='ltr'><strong>natura</strong></span> <span class='ocrx_word' id='word_1_67' title='bbox 705 884 832 944; x_wconf 88' lang='lat' dir='ltr'><strong>bumana</strong></span> <span class='ocrx_word' id='word_1_68' title='bbox 845 904 933 963; x_wconf 87' lang='lat' dir='ltr'><strong>supra</strong></span> <span class='ocrx_word' id='word_1_69' title='bbox 946 884 1120 962; x_wconf 86' lang='lat' dir='ltr'><strong>Angelicam</strong></span> <span class='ocrx_word' id='word_1_70' title='bbox 1134 883 1165 941; x_wconf 91' lang='lat' dir='ltr'><strong>in</strong></span> <span class='ocrx_word' id='word_1_71' title='bbox 1180 882 1294 942; x_wconf 85' lang='lat' dir='ltr'><strong>Christo</strong></span> <span class='ocrx_word' id='word_1_72' title='bbox 1308 901 1376 941; x_wconf 86' lang='lat' dir='ltr'><strong>ovo·</strong></span> 
     </span>
     <span class='ocr_line' id='line_1_8' title="bbox 170 963 1376 1043; baseline -0.001 -21"><span class='ocrx_word' id='word_1_73' title='bbox 170 965 274 1040; x_wconf 78' lang='lat' dir='ltr'><strong>hands,</strong></span> <span class='ocrx_word' id='word_1_74' title='bbox 289 965 340 1042; x_wconf 90' lang='lat' dir='ltr'><strong>qui</strong></span> <span class='ocrx_word' id='word_1_75' title='bbox 352 984 412 1024; x_wconf 88' lang='lat' dir='ltr'><strong>non</strong></span> <span class='ocrx_word' id='word_1_76' title='bbox 426 963 567 1042; x_wconf 79' lang='lat' dir='ltr'><strong>Angelos,</strong></span> <span class='ocrx_word' id='word_1_77' title='bbox 583 963 635 1023; x_wconf 89' lang='lat' dir='ltr'><strong>sed</strong></span> <span class='ocrx_word' id='word_1_78' title='bbox 656 983 754 1023; x_wconf 88' lang='lat' dir='ltr'><strong>semen</strong></span> <span class='ocrx_word' id='word_1_79' title='bbox 768 963 897 1024; x_wconf 81' lang='lat' dir='ltr'><strong>Abrahae</strong></span> <span class='ocrx_word' id='word_1_80' title='bbox 917 985 970 1043; x_wconf 89' lang='lat' dir='ltr'><strong>per</strong></span> <span class='ocrx_word' id='word_1_81' title='bbox 982 963 1207 1022; x_wconf 74' lang='lat' dir='ltr'><strong>incarnationem</strong></span> <span class='ocrx_word' id='word_1_82' title='bbox 1230 981 1376 1021; x_wconf 89' lang='lat' dir='ltr'><strong>assumere</strong></span> 
     </span>
     <span class='ocr_line' id='line_1_9' title="bbox 171 1041 1376 1123; baseline -0.002 -21"><span class='ocrx_word' id='word_1_83' title='bbox 171 1044 290 1120; x_wconf 90' lang='lat' dir='ltr'><strong>debuit;</strong></span> <span class='ocrx_word' id='word_1_84' title='bbox 323 1045 435 1120; x_wconf 87' lang='lat' dir='ltr'><strong>Altera,</strong></span> <span class='ocrx_word' id='word_1_85' title='bbox 450 1064 515 1121; x_wconf 83' lang='lat' dir='ltr'><strong>quae</strong></span> <span class='ocrx_word' id='word_1_86' title='bbox 539 1043 718 1103; x_wconf 90' lang='lat' dir='ltr'><strong>communior</strong></span> <span class='ocrx_word' id='word_1_87' title='bbox 741 1052 787 1104; x_wconf 89' lang='lat' dir='ltr'><strong>est</strong></span> <span class='ocrx_word' id='word_1_88' title='bbox 806 1045 884 1123; x_wconf 87' lang='lat' dir='ltr'><strong>apud</strong></span> <span class='ocrx_word' id='word_1_89' title='bbox 906 1042 1109 1120; x_wconf 73' lang='lat' dir='ltr'><strong>scholasticos,</strong></span> <span class='ocrx_word' id='word_1_90' title='bbox 1135 1062 1234 1103; x_wconf 90' lang='lat' dir='ltr'><strong>eorum</strong></span> <span class='ocrx_word' id='word_1_91' title='bbox 1257 1041 1376 1119; x_wconf 73' lang='lat' dir='ltr'><strong>estqui</strong></span> 
     </span>
     <span class='ocr_line' id='line_1_10' title="bbox 170 1123 1374 1202; baseline -0.002 -20"><span class='ocrx_word' id='word_1_92' title='bbox 170 1125 331 1200; x_wconf 79' lang='lat' dir='ltr'><strong>superbiam</strong></span> <span class='ocrx_word' id='word_1_93' title='bbox 341 1123 430 1184; x_wconf 87' lang='lat' dir='ltr'><strong>fuisse</strong></span> <span class='ocrx_word' id='word_1_94' title='bbox 444 1123 626 1200; x_wconf 87' lang='lat' dir='ltr'><strong>pertendunt,</strong></span> <span class='ocrx_word' id='word_1_95' title='bbox 635 1131 670 1183; x_wconf 91' lang='lat' dir='ltr'><strong>ut</strong></span> <span class='ocrx_word' id='word_1_96' title='bbox 677 1125 832 1202; x_wconf 80' lang='lat' dir='ltr'><strong>Amelmus,</strong></span> <span class='ocrx_word' id='word_1_97' title='bbox 843 1124 879 1184; x_wconf 90' lang='lat' dir='ltr'><strong>de</strong></span> <span class='ocrx_word' id='word_1_98' title='bbox 891 1125 968 1185; x_wconf 82' lang='lat' dir='ltr'><strong>Casu</strong></span> <span class='ocrx_word' id='word_1_99' title='bbox 979 1125 1065 1184; x_wconf 86' lang='lat' dir='ltr'><strong>Diab.</strong></span> <span class='ocrx_word' id='word_1_100' title='bbox 1077 1144 1103 1184; x_wconf 89' lang='lat' dir='ltr'><strong>e.</strong></span> <span class='ocrx_word' id='word_1_101' title='bbox 1113 1127 1140 1200; x_wconf 85' lang='lat'><strong>4,</strong></span> <span class='ocrx_word' id='word_1_102' title='bbox 1153 1131 1184 1183; x_wconf 90' lang='lat' dir='ltr'><strong>et</strong></span> <span class='ocrx_word' id='word_1_103' title='bbox 1197 1143 1234 1182; x_wconf 88' lang='lat' dir='ltr'><strong>ex</strong></span> <span class='ocrx_word' id='word_1_104' title='bbox 1244 1142 1278 1182; x_wconf 87' lang='lat' dir='ltr'><strong>eo</strong></span> <span class='ocrx_word' id='word_1_105' title='bbox 1289 1125 1374 1180; x_wconf 88' lang='lat' dir='ltr'><strong>Lom-</strong></span> 
     </span>
     <span class='ocr_line' id='line_1_11' title="bbox 170 1203 644 1281; baseline -0.002 -17"><span class='ocrx_word' id='word_1_106' title='bbox 170 1205 285 1280; x_wconf 73' lang='lat' dir='ltr'><strong>burdus,</strong></span> <span class='ocrx_word' id='word_1_107' title='bbox 301 1204 352 1263; x_wconf 93' lang='lat' dir='ltr'><strong>lib.</strong></span> <span class='ocrx_word' id='word_1_108' title='bbox 367 1203 397 1262; x_wconf 90' lang='lat' dir='ltr'><strong>ii.</strong></span> <span class='ocrx_word' id='word_1_109' title='bbox 412 1203 479 1262; x_wconf 89' lang='lat' dir='ltr'><strong>dist.</strong></span> <span class='ocrx_word' id='word_1_110' title='bbox 494 1206 522 1280; x_wconf 81' lang='lat'><strong>5,</strong></span> <span class='ocrx_word' id='word_1_111' title='bbox 538 1223 599 1281; x_wconf 92' lang='lat' dir='ltr'><strong>cap.</strong></span> <span class='ocrx_word' id='word_1_112' title='bbox 617 1207 644 1264; x_wconf 92' lang='grc'><strong>1.</strong></span> 
     </span>
    </p>

    <p class='ocr_par' dir='ltr' id='par_1_3' title="bbox 169 1282 1376 2484">
     <span class='ocr_line' id='line_1_12' title="bbox 212 1282 1374 1364; baseline -0.003 -20"><span class='ocrx_word' id='word_1_113' title='bbox 212 1283 250 1344; x_wconf 90' lang='lat' dir='ltr'><strong>V.</strong></span> <span class='ocrx_word' id='word_1_114' title='bbox 273 1283 345 1343; x_wconf 84' lang='lat' dir='ltr'><strong>Cum</strong></span> <span class='ocrx_word' id='word_1_115' title='bbox 360 1303 430 1343; x_wconf 82' lang='lat' dir='ltr'><strong>vero</strong></span> <span class='ocrx_word' id='word_1_116' title='bbox 441 1283 588 1361; x_wconf 71' lang='lat' dir='ltr'><strong>Scriptura</strong></span> <span class='ocrx_word' id='word_1_117' title='bbox 601 1283 726 1361; x_wconf 88' lang='lat' dir='ltr'><strong>speciem</strong></span> <span class='ocrx_word' id='word_1_118' title='bbox 740 1284 824 1344; x_wconf 87' lang='lat' dir='ltr'><strong>istius</strong></span> <span class='ocrx_word' id='word_1_119' title='bbox 838 1283 949 1362; x_wconf 89' lang='lat' dir='ltr'><strong>peccati</strong></span> <span class='ocrx_word' id='word_1_120' title='bbox 960 1304 1096 1364; x_wconf 90' lang='lat' dir='ltr'><strong>expresse</strong></span> <span class='ocrx_word' id='word_1_121' title='bbox 1110 1283 1230 1344; x_wconf 83' lang='lat' dir='ltr'><strong>definire</strong></span> <span class='ocrx_word' id='word_1_122' title='bbox 1240 1282 1374 1359; x_wconf 88' lang='lat' dir='ltr'><strong>noluerit,</strong></span> 
     </span>
     <span class='ocr_line' id='line_1_13' title="bbox 170 1363 1376 1444; baseline -0.002 -21"><span class='ocrx_word' id='word_1_123' title='bbox 170 1363 223 1423; x_wconf 89' lang='lat' dir='ltr'><strong>sed</strong></span> <span class='ocrx_word' id='word_1_124' title='bbox 246 1383 339 1441; x_wconf 88' lang='lat' dir='ltr'><strong>genus</strong></span> <span class='ocrx_word' id='word_1_125' title='bbox 362 1371 475 1424; x_wconf 88' lang='lat' dir='ltr'><strong>tantum</strong></span> <span class='ocrx_word' id='word_1_126' title='bbox 499 1365 562 1442; x_wconf 89' lang='lat' dir='ltr'><strong>ejus</strong></span> <span class='ocrx_word' id='word_1_127' title='bbox 586 1373 734 1441; x_wconf 87' lang='lat' dir='ltr'><strong>proponat,</strong></span> <span class='ocrx_word' id='word_1_128' title='bbox 750 1385 840 1442; x_wconf 87' lang='lat' dir='ltr'><strong>qaum</strong></span> <span class='ocrx_word' id='word_1_129' title='bbox 860 1384 911 1424; x_wconf 92' lang='lat' dir='ltr'><strong>sos</strong></span> <span class='ocrx_word' id='word_1_130' title='bbox 924 1385 1059 1444; x_wconf 74' lang='lat' dir='ltr'><strong>peccasse</strong></span> <span class='ocrx_word' id='word_1_131' title='bbox 1077 1365 1188 1439; x_wconf 87' lang='lat' dir='ltr'><strong>asserit,</strong></span> <span class='ocrx_word' id='word_1_132' title='bbox 1203 1363 1276 1422; x_wconf 86' lang='lat' dir='ltr'><strong>nihil</strong></span> <span class='ocrx_word' id='word_1_133' title='bbox 1290 1363 1326 1421; x_wconf 86' lang='lat' dir='ltr'><strong>de</strong></span> <span class='ocrx_word' id='word_1_134' title='bbox 1341 1382 1376 1422; x_wconf 89' lang='lat' dir='ltr'><strong>eo</strong></span> 
     </span>
     <span class='ocr_line' id='line_1_14' title="bbox 170 1443 1375 1522; baseline -0.003 -18"><span class='ocrx_word' id='word_1_135' title='bbox 170 1452 281 1504; x_wconf 87' lang='lat' dir='ltr'><strong>certum</strong></span> <span class='ocrx_word' id='word_1_136' title='bbox 295 1451 391 1522; x_wconf 88' lang='lat' dir='ltr'><strong>potest</strong></span> <span class='ocrx_word' id='word_1_137' title='bbox 405 1444 501 1520; x_wconf 87' lang='lat' dir='ltr'><strong>stetui,</strong></span> <span class='ocrx_word' id='word_1_138' title='bbox 517 1463 571 1504; x_wconf 90' lang='lat' dir='ltr'><strong>nec</strong></span> <span class='ocrx_word' id='word_1_139' title='bbox 584 1444 679 1503; x_wconf 74' lang='lat' dir='ltr'><strong>nimiae</strong></span> <span class='ocrx_word' id='word_1_140' title='bbox 694 1444 854 1504; x_wconf 79' lang='lat' dir='ltr'><strong>curiositati</strong></span> <span class='ocrx_word' id='word_1_141' title='bbox 867 1445 1094 1522; x_wconf 69' lang='lat' dir='ltr'><strong>indulgendum</strong></span> <span class='ocrx_word' id='word_1_142' title='bbox 1117 1443 1222 1504; x_wconf 77' lang='lat' dir='ltr'><strong>sufficit</strong></span> <span class='ocrx_word' id='word_1_143' title='bbox 1231 1451 1265 1503; x_wconf 89' lang='lat' dir='ltr'><strong>ut</strong></span> <span class='ocrx_word' id='word_1_144' title='bbox 1278 1451 1375 1502; x_wconf 88' lang='lat' dir='ltr'><strong>tenea·</strong></span> 
     </span>
     <span class='ocr_line' id='line_1_15' title="bbox 170 1523 1374 1602; baseline -0.001 -20"><span class='ocrx_word' id='word_1_145' title='bbox 170 1543 235 1584; x_wconf 92' lang='lat' dir='ltr'><strong>mus</strong></span> <span class='ocrx_word' id='word_1_146' title='bbox 256 1524 417 1584; x_wconf 76' lang='lat' dir='ltr'><strong>ultroneam</strong></span> <span class='ocrx_word' id='word_1_147' title='bbox 437 1523 527 1584; x_wconf 87' lang='lat' dir='ltr'><strong>fuisse</strong></span> <span class='ocrx_word' id='word_1_148' title='bbox 548 1545 647 1583; x_wconf 88' lang='lat' dir='ltr'><strong>eorum</strong></span> <span class='ocrx_word' id='word_1_149' title='bbox 668 1523 869 1601; x_wconf 79' lang='lat' dir='ltr'><strong>desertionem,</strong></span> <span class='ocrx_word' id='word_1_150' title='bbox 883 1544 935 1602; x_wconf 90' lang='lat' dir='ltr'><strong>per</strong></span> <span class='ocrx_word' id='word_1_151' title='bbox 954 1545 1041 1602; x_wconf 87' lang='lat' dir='ltr'><strong>quam</strong></span> <span class='ocrx_word' id='word_1_152' title='bbox 1056 1525 1085 1584; x_wconf 83' lang='lat' dir='ltr'><strong>in</strong></span> <span class='ocrx_word' id='word_1_153' title='bbox 1097 1525 1213 1584; x_wconf 78' lang='lat' dir='ltr'><strong>ueritate</strong></span> <span class='ocrx_word' id='word_1_154' title='bbox 1226 1543 1283 1582; x_wconf 82' lang='lat' dir='ltr'><strong>aon</strong></span> <span class='ocrx_word' id='word_1_155' title='bbox 1295 1532 1374 1581; x_wconf 80' lang='lat' dir='ltr'><strong>stete·</strong></span> 
     </span>
     <span class='ocr_line' id='line_1_16' title="bbox 169 1603 1374 1683; baseline -0.002 -19"><span class='ocrx_word' id='word_1_156' title='bbox 169 1613 245 1680; x_wconf 78' lang='lat' dir='ltr'><strong>runt,</strong></span> <span class='ocrx_word' id='word_1_157' title='bbox 260 1605 282 1664; x_wconf 87' lang='lat' dir='ltr'><strong>J</strong></span> <span class='ocrx_word' id='word_1_158' title='bbox 284 1625 310 1664; x_wconf 93' lang='lat' dir='ltr'><strong>o.</strong></span> <span class='ocrx_word' id='word_1_159' title='bbox 325 1604 386 1664; x_wconf 86' lang='lat' dir='ltr'><strong>viii.</strong></span> <span class='ocrx_word' id='word_1_160' title='bbox 402 1607 450 1680; x_wconf 81' lang='lat'><strong>44,</strong></span> <span class='ocrx_word' id='word_1_161' title='bbox 466 1603 607 1682; x_wconf 75' lang='lat' dir='ltr'><strong>quaesiit,</strong></span> <span class='ocrx_word' id='word_1_162' title='bbox 629 1624 688 1663; x_wconf 86' lang='lat' dir='ltr'><strong>non</strong></span> <span class='ocrx_word' id='word_1_163' title='bbox 700 1605 804 1664; x_wconf 79' lang='lat' dir='ltr'><strong>veritus</strong></span> <span class='ocrx_word' id='word_1_164' title='bbox 817 1605 1000 1682; x_wconf 71' lang='lat' dir='ltr'><strong>Euangeliou,</strong></span> <span class='ocrx_word' id='word_1_165' title='bbox 1016 1605 1099 1683; x_wconf 86' lang='lat' dir='ltr'><strong>quasi</strong></span> <span class='ocrx_word' id='word_1_166' title='bbox 1119 1604 1301 1682; x_wconf 75' lang='lat' dir='ltr'><strong>acquiescere</strong></span> <span class='ocrx_word' id='word_1_167' title='bbox 1323 1621 1374 1662; x_wconf 90' lang='lat' dir='ltr'><strong>no·</strong></span> 
     </span>
     <span class='ocr_line' id='line_1_17' title="bbox 170 1683 1375 1764; baseline -0.001 -22"><span class='ocrx_word' id='word_1_168' title='bbox 170 1683 277 1746; x_wconf 89' lang='lat' dir='ltr'><strong>luerint</strong></span> <span class='ocrx_word' id='word_1_169' title='bbox 290 1684 406 1744; x_wconf 83' lang='lat' dir='ltr'><strong>veritati</strong></span> <span class='ocrx_word' id='word_1_170' title='bbox 421 1684 576 1762; x_wconf 81' lang='lat' dir='ltr'><strong>Evangelii</strong></span> <span class='ocrx_word' id='word_1_171' title='bbox 589 1685 626 1744; x_wconf 88' lang='lat' dir='ltr'><strong>de</strong></span> <span class='ocrx_word' id='word_1_172' title='bbox 640 1685 755 1745; x_wconf 81' lang='lat' dir='ltr'><strong>Christo</strong></span> <span class='ocrx_word' id='word_1_173' title='bbox 768 1685 805 1744; x_wconf 89' lang='lat' dir='ltr'><strong>ab</strong></span> <span class='ocrx_word' id='word_1_174' title='bbox 825 1684 909 1744; x_wconf 85' lang='lat' dir='ltr'><strong>initio</strong></span> <span class='ocrx_word' id='word_1_175' title='bbox 922 1685 993 1763; x_wconf 89' lang='lat' dir='ltr'><strong>ipsis</strong></span> <span class='ocrx_word' id='word_1_176' title='bbox 1013 1685 1161 1764; x_wconf 81' lang='lat' dir='ltr'><strong>propositi,</strong></span> <span class='ocrx_word' id='word_1_177' title='bbox 1177 1684 1256 1762; x_wconf 90' lang='lat' dir='ltr'><strong>quod</strong></span> <span class='ocrx_word' id='word_1_178' title='bbox 1273 1703 1375 1762; x_wconf 87' lang='lat' dir='ltr'><strong>parum</strong></span> 
     </span>
     <span class='ocr_line' id='line_1_18' title="bbox 171 1764 1375 1843; baseline 0 -19"><span class='ocrx_word' id='word_1_179' title='bbox 171 1764 367 1824; x_wconf 86' lang='lat' dir='ltr'><strong>verisimiliter</strong></span> <span class='ocrx_word' id='word_1_180' title='bbox 379 1764 552 1842; x_wconf 80' lang='lat' dir='ltr'><strong>quibusdem</strong></span> <span class='ocrx_word' id='word_1_181' title='bbox 566 1765 670 1841; x_wconf 87' lang='lat' dir='ltr'><strong>visum,</strong></span> <span class='ocrx_word' id='word_1_182' title='bbox 686 1786 752 1825; x_wconf 88' lang='lat' dir='ltr'><strong>cnm</strong></span> <span class='ocrx_word' id='word_1_183' title='bbox 765 1766 820 1824; x_wconf 89' lang='lat' dir='ltr'><strong>hoc</strong></span> <span class='ocrx_word' id='word_1_184' title='bbox 835 1765 982 1825; x_wconf 87' lang='lat' dir='ltr'><strong>decretum</strong></span> <span class='ocrx_word' id='word_1_185' title='bbox 996 1785 1054 1824; x_wconf 87' lang='lat' dir='ltr'><strong>non</strong></span> <span class='ocrx_word' id='word_1_186' title='bbox 1067 1776 1134 1826; x_wconf 90' lang='lat' dir='ltr'><strong>ante</strong></span> <span class='ocrx_word' id='word_1_187' title='bbox 1148 1766 1263 1843; x_wconf 88' lang='lat' dir='ltr'><strong>lapsum</strong></span> <span class='ocrx_word' id='word_1_188' title='bbox 1277 1765 1315 1823; x_wconf 91' lang='lat' dir='ltr'><strong>sit</strong></span> <span class='ocrx_word' id='word_1_189' title='bbox 1331 1783 1375 1824; x_wconf 88' lang='lat' dir='ltr'><strong>re·</strong></span> 
     </span>
     <span class='ocr_line' id='line_1_19' title="bbox 171 1843 1374 1924; baseline -0.001 -21"><span class='ocrx_word' id='word_1_190' title='bbox 171 1843 319 1912; x_wconf 83' lang='lat' dir='ltr'><strong>veletum;</strong></span> <span class='ocrx_word' id='word_1_191' title='bbox 343 1845 402 1904; x_wconf 88' lang='lat' dir='ltr'><strong>Sed</strong></span> <span class='ocrx_word' id='word_1_192' title='bbox 415 1844 683 1924; x_wconf 68' lang='lat' dir='ltr'><strong>veritasfldelitutrls,</strong></span> <span class='ocrx_word' id='word_1_193' title='bbox 698 1865 786 1923; x_wconf 90' lang='lat' dir='ltr'><strong>quam</strong></span> <span class='ocrx_word' id='word_1_194' title='bbox 799 1845 945 1908; x_wconf 82' lang='lat' dir='ltr'><strong>debebant</strong></span> <span class='ocrx_word' id='word_1_195' title='bbox 959 1847 1030 1921; x_wconf 87' lang='lat' dir='ltr'><strong>Deo,</strong></span> <span class='ocrx_word' id='word_1_196' title='bbox 1046 1854 1079 1906; x_wconf 88' lang='lat' dir='ltr'><strong>ut</strong></span> <span class='ocrx_word' id='word_1_197' title='bbox 1093 1845 1203 1905; x_wconf 87' lang='lat' dir='ltr'><strong>subditi</strong></span> <span class='ocrx_word' id='word_1_198' title='bbox 1216 1845 1293 1924; x_wconf 87' lang='lat' dir='ltr'><strong>Regi</strong></span> <span class='ocrx_word' id='word_1_199' title='bbox 1312 1864 1374 1918; x_wconf 90' lang='lat' dir='ltr'><strong>suo,</strong></span> 
     </span>
     <span class='ocr_line' id='line_1_20' title="bbox 171 1925 1376 2004; baseline -0.002 -20"><span class='ocrx_word' id='word_1_200' title='bbox 171 1932 202 1984; x_wconf 88' lang='lat' dir='ltr'><strong>et</strong></span> <span class='ocrx_word' id='word_1_201' title='bbox 216 1925 388 2002; x_wconf 67' lang='lat' dir='ltr'><strong>intrpellatio,</strong></span> <span class='ocrx_word' id='word_1_202' title='bbox 404 1925 505 2002; x_wconf 88' lang='lat' dir='ltr'><strong>inqua</strong></span> <span class='ocrx_word' id='word_1_203' title='bbox 519 1925 629 1986; x_wconf 90' lang='lat' dir='ltr'><strong>conditi</strong></span> <span class='ocrx_word' id='word_1_204' title='bbox 648 1935 738 2000; x_wconf 86' lang='lat' dir='ltr'><strong>erant,</strong></span> <span class='ocrx_word' id='word_1_205' title='bbox 754 1925 883 2004; x_wconf 89' lang='lat' dir='ltr'><strong>adeoque</strong></span> <span class='ocrx_word' id='word_1_206' title='bbox 898 1925 928 1985; x_wconf 91' lang='lat' dir='ltr'><strong>in</strong></span> <span class='ocrx_word' id='word_1_207' title='bbox 949 1926 1005 1985; x_wconf 91' lang='lat' dir='ltr'><strong>Dei</strong></span> <span class='ocrx_word' id='word_1_208' title='bbox 1019 1926 1118 2003; x_wconf 86' lang='lat' dir='ltr'><strong>ipsius,</strong></span> <span class='ocrx_word' id='word_1_209' title='bbox 1133 1926 1184 2003; x_wconf 91' lang='lat' dir='ltr'><strong>qui</strong></span> <span class='ocrx_word' id='word_1_210' title='bbox 1198 1944 1311 1984; x_wconf 88' lang='lat' dir='ltr'><strong>summa</strong></span> <span class='ocrx_word' id='word_1_211' title='bbox 1331 1932 1376 1983; x_wconf 89' lang='lat' dir='ltr'><strong>est</strong></span> 
     </span>
     <span class='ocr_line' id='line_1_21' title="bbox 171 2005 1375 2084; baseline -0.002 -20"><span class='ocrx_word' id='word_1_212' title='bbox 171 2005 288 2081; x_wconf 84' lang='lat' dir='ltr'><strong>veritas,</strong></span> <span class='ocrx_word' id='word_1_213' title='bbox 304 2005 514 2067; x_wconf 88' lang='lat' dir='ltr'><strong>cummunione.</strong></span> <span class='ocrx_word' id='word_1_214' title='bbox 555 2005 600 2064; x_wconf 87' lang='lat' dir='ltr'><strong>Eo</strong></span> <span class='ocrx_word' id='word_1_215' title='bbox 620 2006 745 2082; x_wconf 86' lang='lat' dir='ltr'><strong>pertinet</strong></span> <span class='ocrx_word' id='word_1_216' title='bbox 763 2005 851 2083; x_wconf 90' lang='lat' dir='ltr'><strong>quod,</strong></span> <span class='ocrx_word' id='word_1_217' title='bbox 866 2005 938 2065; x_wconf 88' lang='lat' dir='ltr'><strong>Jud.</strong></span> <span class='ocrx_word' id='word_1_218' title='bbox 954 2007 981 2084; x_wconf 85' lang='lat'><strong>6,</strong></span> <span class='ocrx_word' id='word_1_219' title='bbox 997 2005 1132 2065; x_wconf 89' lang='lat' dir='ltr'><strong>dicuntur</strong></span> <span class='ocrx_word' id='word_1_220' title='bbox 1145 2006 1281 2082; x_wconf 71' lang='lat' dir='ltr'><strong>originem</strong></span> <span class='ocrx_word' id='word_1_221' title='bbox 1293 2025 1375 2062; x_wconf 77' lang='lat' dir='ltr'><strong>mam</strong></span> 
     </span>
     <span class='ocr_line' id='line_1_22' title="bbox 171 2084 1376 2164; baseline -0.001 -21"><span class='ocrx_word' id='word_1_222' title='bbox 171 2086 331 2160; x_wconf 73' lang='lat' dir='ltr'><strong>decentiore,</strong></span> <span class='ocrx_word' id='word_1_223' title='bbox 347 2095 374 2144; x_wconf 83' lang='lat' dir='ltr'><strong>ct</strong></span> <span class='ocrx_word' id='word_1_224' title='bbox 380 2087 534 2162; x_wconf 79' lang='lat' dir='ltr'><strong>proprium</strong></span> <span class='ocrx_word' id='word_1_225' title='bbox 547 2087 689 2162; x_wconf 73' lang='lat' dir='ltr'><strong>reliquisse</strong></span> <span class='ocrx_word' id='word_1_226' title='bbox 703 2087 880 2161; x_wconf 80' lang='lat' dir='ltr'><strong>domicilium,</strong></span> <span class='ocrx_word' id='word_1_227' title='bbox 896 2084 959 2146; x_wconf 80' lang='lat' dir='ltr'><strong>slve</strong></span> <span class='ocrx_word' id='word_1_228' title='bbox 972 2105 1024 2164; x_wconf 92' lang='lat' dir='ltr'><strong>per</strong></span> <span class='ocrx_word' id='word_1_229' title='bbox 1037 2087 1179 2163; x_wconf 85' lang='lat' dir='ltr'><strong>originem</strong></span> <span class='ocrx_word' id='word_1_230' title='bbox 1195 2085 1376 2161; x_wconf 87' lang='lat' dir='ltr'><strong>intelligatur</strong></span> 
     </span>
     <span class='ocr_line' id='line_1_23' title="bbox 173 2163 1376 2243; baseline 0 -21"><span class='ocrx_word' id='word_1_231' title='bbox 173 2165 254 2223; x_wconf 89' lang='lat' dir='ltr'><strong>Deus</strong></span> <span class='ocrx_word' id='word_1_232' title='bbox 269 2165 396 2243; x_wconf 89' lang='lat' dir='ltr'><strong>ipsorum</strong></span> <span class='ocrx_word' id='word_1_233' title='bbox 411 2166 536 2242; x_wconf 85' lang='lat' dir='ltr'><strong>Creator,</strong></span> <span class='ocrx_word' id='word_1_234' title='bbox 553 2165 615 2224; x_wconf 86' lang='lat' dir='ltr'><strong>sive</strong></span> <span class='ocrx_word' id='word_1_235' title='bbox 630 2166 785 2243; x_wconf 90' lang='lat' dir='ltr'><strong>originaria</strong></span> <span class='ocrx_word' id='word_1_236' title='bbox 799 2166 937 2225; x_wconf 85' lang='lat' dir='ltr'><strong>sanctitas</strong></span> <span class='ocrx_word' id='word_1_237' title='bbox 950 2175 980 2226; x_wconf 91' lang='lat' dir='ltr'><strong>et</strong></span> <span class='ocrx_word' id='word_1_238' title='bbox 993 2166 1135 2225; x_wconf 88' lang='lat' dir='ltr'><strong>rectitudo</strong></span> <span class='ocrx_word' id='word_1_239' title='bbox 1145 2166 1177 2224; x_wconf 91' lang='lat' dir='ltr'><strong>in</strong></span> <span class='ocrx_word' id='word_1_240' title='bbox 1190 2185 1248 2243; x_wconf 91' lang='lat' dir='ltr'><strong>qua</strong></span> <span class='ocrx_word' id='word_1_241' title='bbox 1261 2163 1376 2224; x_wconf 85' lang='lat' dir='ltr'><strong>fuerant</strong></span> 
     </span>
     <span class='ocr_line' id='line_1_24' title="bbox 172 2245 1375 2324; baseline 0.001 -22"><span class='ocrx_word' id='word_1_242' title='bbox 172 2245 270 2318; x_wconf 88' lang='lat' dir='ltr'><strong>creati,</strong></span> <span class='ocrx_word' id='word_1_243' title='bbox 286 2264 374 2323; x_wconf 89' lang='lat' dir='ltr'><strong>aqua</strong></span> <span class='ocrx_word' id='word_1_244' title='bbox 387 2247 532 2324; x_wconf 85' lang='lat' dir='ltr'><strong>apostasia</strong></span> <span class='ocrx_word' id='word_1_245' title='bbox 546 2265 599 2304; x_wconf 93' lang='lat' dir='ltr'><strong>sua</strong></span> <span class='ocrx_word' id='word_1_246' title='bbox 611 2246 744 2305; x_wconf 89' lang='lat' dir='ltr'><strong>ultronea</strong></span> <span class='ocrx_word' id='word_1_247' title='bbox 756 2245 925 2322; x_wconf 85' lang='lat' dir='ltr'><strong>deliciando,</strong></span> <span class='ocrx_word' id='word_1_248' title='bbox 942 2245 1040 2306; x_wconf 89' lang='lat' dir='ltr'><strong>sedem</strong></span> <span class='ocrx_word' id='word_1_249' title='bbox 1053 2247 1168 2306; x_wconf 86' lang='lat' dir='ltr'><strong>beatam</strong></span> <span class='ocrx_word' id='word_1_250' title='bbox 1182 2245 1257 2320; x_wconf 79' lang='lat' dir='ltr'><strong>coeli,</strong></span> <span class='ocrx_word' id='word_1_251' title='bbox 1272 2245 1303 2303; x_wconf 91' lang='lat' dir='ltr'><strong>in</strong></span> <span class='ocrx_word' id='word_1_252' title='bbox 1317 2263 1375 2322; x_wconf 87' lang='lat' dir='ltr'><strong>qua</strong></span> 
     </span>
     <span class='ocr_line' id='line_1_25' title="bbox 171 2325 1376 2404; baseline 0.001 -21"><span class='ocrx_word' id='word_1_253' title='bbox 171 2331 309 2401; x_wconf 91' lang='lat' dir='ltr'><strong>tanquam</strong></span> <span class='ocrx_word' id='word_1_254' title='bbox 322 2327 437 2404; x_wconf 89' lang='lat' dir='ltr'><strong>proprio</strong></span> <span class='ocrx_word' id='word_1_255' title='bbox 452 2325 597 2385; x_wconf 88' lang='lat' dir='ltr'><strong>domicilio</strong></span> <span class='ocrx_word' id='word_1_256' title='bbox 612 2345 677 2386; x_wconf 89' lang='lat' dir='ltr'><strong>cum</strong></span> <span class='ocrx_word' id='word_1_257' title='bbox 689 2325 814 2404; x_wconf 84' lang='lat' dir='ltr'><strong>Angelis</strong></span> <span class='ocrx_word' id='word_1_258' title='bbox 827 2326 893 2386; x_wconf 91' lang='lat' dir='ltr'><strong>aliis</strong></span> <span class='ocrx_word' id='word_1_259' title='bbox 907 2326 1041 2386; x_wconf 89' lang='lat' dir='ltr'><strong>collocati</strong></span> <span class='ocrx_word' id='word_1_260' title='bbox 1054 2334 1144 2402; x_wconf 86' lang='lat' dir='ltr'><strong>erant,</strong></span> <span class='ocrx_word' id='word_1_261' title='bbox 1156 2325 1322 2402; x_wconf 84' lang='lat' dir='ltr'><strong>amisenmt,</strong></span> <span class='ocrx_word' id='word_1_262' title='bbox 1334 2325 1376 2384; x_wconf 85' lang='lat' dir='ltr'><strong>ita</strong></span> 
     </span>
     <span class='ocr_line' id='line_1_26' title="bbox 170 2404 1272 2484; baseline 0.003 -22"><span class='ocrx_word' id='word_1_263' title='bbox 170 2404 208 2463; x_wconf 93' lang='lat' dir='ltr'><strong>ab</strong></span> <span class='ocrx_word' id='word_1_264' title='bbox 222 2423 257 2462; x_wconf 88' lang='lat' dir='ltr'><strong>ea</strong></span> <span class='ocrx_word' id='word_1_265' title='bbox 269 2404 382 2482; x_wconf 88' lang='lat' dir='ltr'><strong>dejecti,</strong></span> <span class='ocrx_word' id='word_1_266' title='bbox 398 2415 431 2465; x_wconf 91' lang='lat' dir='ltr'><strong>ut</strong></span> <span class='ocrx_word' id='word_1_267' title='bbox 444 2426 590 2484; x_wconf 91' lang='lat' dir='ltr'><strong>nunquam</strong></span> <span class='ocrx_word' id='word_1_268' title='bbox 604 2405 635 2464; x_wconf 87' lang='lat' dir='ltr'><strong>in</strong></span> <span class='ocrx_word' id='word_1_269' title='bbox 650 2413 787 2466; x_wconf 86' lang='lat' dir='ltr'><strong>aeternum</strong></span> <span class='ocrx_word' id='word_1_270' title='bbox 801 2425 836 2465; x_wconf 91' lang='lat' dir='ltr'><strong>eo</strong></span> <span class='ocrx_word' id='word_1_271' title='bbox 849 2405 943 2465; x_wconf 88' lang='lat' dir='ltr'><strong>redire</strong></span> <span class='ocrx_word' id='word_1_272' title='bbox 957 2407 1076 2484; x_wconf 83' lang='lat' dir='ltr'><strong>possint,</strong></span> <span class='ocrx_word' id='word_1_273' title='bbox 1093 2407 1164 2466; x_wconf 91' lang='lat' dir='ltr'><strong>Luc.</strong></span> <span class='ocrx_word' id='word_1_274' title='bbox 1179 2427 1209 2465; x_wconf 90' lang='lat' dir='ltr'><strong>x.</strong></span> <span class='ocrx_word' id='word_1_275' title='bbox 1226 2407 1272 2465; x_wconf 85' lang='grc'><strong>18.</strong></span> 
     </span>
    </p>

    <p class='ocr_par' dir='ltr' id='par_1_4' title="bbox 168 2484 1377 3365">
     <span class='ocr_line' id='line_1_27' title="bbox 211 2484 1375 2565; baseline 0.001 -23"><span class='ocrx_word' id='word_1_276' title='bbox 211 2484 267 2544; x_wconf 90' lang='lat' dir='ltr'><strong>VI.</strong></span> <span class='ocrx_word' id='word_1_277' title='bbox 290 2484 356 2544; x_wconf 90' lang='lat' dir='ltr'><strong>Non</strong></span> <span class='ocrx_word' id='word_1_278' title='bbox 377 2484 557 2546; x_wconf 88' lang='lat' dir='ltr'><strong>diffitendum</strong></span> <span class='ocrx_word' id='word_1_279' title='bbox 580 2505 648 2546; x_wconf 87' lang='lat' dir='ltr'><strong>sane</strong></span> <span class='ocrx_word' id='word_1_280' title='bbox 670 2485 702 2544; x_wconf 93' lang='lat' dir='ltr'><strong>in</strong></span> <span class='ocrx_word' id='word_1_281' title='bbox 723 2485 779 2546; x_wconf 90' lang='lat' dir='ltr'><strong>isto</strong></span> <span class='ocrx_word' id='word_1_282' title='bbox 792 2493 911 2564; x_wconf 91' lang='lat' dir='ltr'><strong>peccato</strong></span> <span class='ocrx_word' id='word_1_283' title='bbox 931 2487 1091 2564; x_wconf 82' lang='lat' dir='ltr'><strong>superbiam</strong></span> <span class='ocrx_word' id='word_1_284' title='bbox 1104 2507 1164 2565; x_wconf 78' lang='lat' dir='ltr'><strong>prae</strong></span> <span class='ocrx_word' id='word_1_285' title='bbox 1178 2487 1290 2545; x_wconf 86' lang='lat' dir='ltr'><strong>caeteris</strong></span> <span class='ocrx_word' id='word_1_286' title='bbox 1304 2485 1375 2543; x_wconf 89' lang='lat' dir='ltr'><strong>cmi-</strong></span> 
     </span>
     <span class='ocr_line' id='line_1_28' title="bbox 169 2566 1374 2644; baseline 0.002 -22"><span class='ocrx_word' id='word_1_287' title='bbox 169 2583 246 2640; x_wconf 91' lang='lat' dir='ltr'><strong>nere,</strong></span> <span class='ocrx_word' id='word_1_288' title='bbox 262 2585 314 2643; x_wconf 89' lang='lat' dir='ltr'><strong>per</strong></span> <span class='ocrx_word' id='word_1_289' title='bbox 327 2585 414 2642; x_wconf 87' lang='lat' dir='ltr'><strong>quam</strong></span> <span class='ocrx_word' id='word_1_290' title='bbox 428 2586 487 2626; x_wconf 88' lang='lat' dir='ltr'><strong>non</strong></span> <span class='ocrx_word' id='word_1_291' title='bbox 500 2566 586 2626; x_wconf 92' lang='lat' dir='ltr'><strong>modo</strong></span> <span class='ocrx_word' id='word_1_292' title='bbox 596 2567 702 2644; x_wconf 88' lang='lat' dir='ltr'><strong>jugum</strong></span> <span class='ocrx_word' id='word_1_293' title='bbox 716 2566 772 2625; x_wconf 89' lang='lat' dir='ltr'><strong>Dei</strong></span> <span class='ocrx_word' id='word_1_294' title='bbox 787 2573 923 2625; x_wconf 86' lang='lat' dir='ltr'><strong>excutere</strong></span> <span class='ocrx_word' id='word_1_295' title='bbox 933 2567 1096 2642; x_wconf 83' lang='lat' dir='ltr'><strong>voluerunt,</strong></span> <span class='ocrx_word' id='word_1_296' title='bbox 1107 2567 1313 2627; x_wconf 87' lang='lat' dir='ltr'><strong>contumaciter</strong></span> <span class='ocrx_word' id='word_1_297' title='bbox 1324 2566 1374 2625; x_wconf 89' lang='lat' dir='ltr'><strong>ad-</strong></span> 
     </span>
     <span class='ocr_line' id='line_1_29' title="bbox 168 2645 1375 2724; baseline 0.004 -22"><span class='ocrx_word' id='word_1_298' title='bbox 168 2663 272 2704; x_wconf 83' lang='lat' dir='ltr'><strong>versus</strong></span> <span class='ocrx_word' id='word_1_299' title='bbox 286 2645 382 2706; x_wconf 88' lang='lat' dir='ltr'><strong>Deum</strong></span> <span class='ocrx_word' id='word_1_300' title='bbox 396 2653 425 2704; x_wconf 90' lang='lat' dir='ltr'><strong>et</strong></span> <span class='ocrx_word' id='word_1_301' title='bbox 440 2646 549 2723; x_wconf 86' lang='lat' dir='ltr'><strong>Legem</strong></span> <span class='ocrx_word' id='word_1_302' title='bbox 563 2647 634 2723; x_wconf 89' lang='lat' dir='ltr'><strong>ipsis</strong></span> <span class='ocrx_word' id='word_1_303' title='bbox 654 2645 823 2724; x_wconf 88' lang='lat' dir='ltr'><strong>impressam</strong></span> <span class='ocrx_word' id='word_1_304' title='bbox 842 2646 1028 2724; x_wconf 86' lang='lat' dir='ltr'><strong>insurgendo,</strong></span> <span class='ocrx_word' id='word_1_305' title='bbox 1044 2647 1196 2708; x_wconf 90' lang='lat' dir='ltr'><strong>sedetiam</strong></span> <span class='ocrx_word' id='word_1_306' title='bbox 1214 2647 1246 2706; x_wconf 90' lang='lat' dir='ltr'><strong>in</strong></span> <span class='ocrx_word' id='word_1_307' title='bbox 1259 2646 1375 2707; x_wconf 83' lang='lat' dir='ltr'><strong>affecta-</strong></span> 
     </span>
     <span class='ocr_line' id='line_1_30' title="bbox 170 2724 1373 2804; baseline 0.001 -20"><span class='ocrx_word' id='word_1_308' title='bbox 170 2724 248 2784; x_wconf 87' lang='lat' dir='ltr'><strong>tione</strong></span> <span class='ocrx_word' id='word_1_309' title='bbox 273 2725 446 2802; x_wconf 70' lang='lat' dir='ltr'><strong>equalitatis</strong></span> <span class='ocrx_word' id='word_1_310' title='bbox 468 2745 533 2784; x_wconf 91' lang='lat' dir='ltr'><strong>cum</strong></span> <span class='ocrx_word' id='word_1_311' title='bbox 549 2726 621 2803; x_wconf 88' lang='lat' dir='ltr'><strong>Deo,</strong></span> <span class='ocrx_word' id='word_1_312' title='bbox 637 2725 715 2804; x_wconf 92' lang='lat' dir='ltr'><strong>quod</strong></span> <span class='ocrx_word' id='word_1_313' title='bbox 735 2747 794 2786; x_wconf 91' lang='lat' dir='ltr'><strong>non</strong></span> <span class='ocrx_word' id='word_1_314' title='bbox 815 2726 936 2786; x_wconf 90' lang='lat' dir='ltr'><strong>obscure</strong></span> <span class='ocrx_word' id='word_1_315' title='bbox 957 2726 1073 2786; x_wconf 86' lang='lat' dir='ltr'><strong>videtur</strong></span> <span class='ocrx_word' id='word_1_316' title='bbox 1093 2727 1239 2786; x_wconf 89' lang='lat' dir='ltr'><strong>insinuare</strong></span> <span class='ocrx_word' id='word_1_317' title='bbox 1255 2727 1373 2804; x_wconf 89' lang='lat' dir='ltr'><strong>Paulus,</strong></span> 
     </span>
     <span class='ocr_line' id='line_1_31' title="bbox 172 2803 1377 2901; baseline 0.002 -37"><span class='ocrx_word' id='word_1_318' title='bbox 172 2807 188 2864; x_wconf 97' lang='lat'>1</span> <span class='ocrx_word' id='word_1_319' title='bbox 200 2804 276 2863; x_wconf 80' lang='lat' dir='ltr'><strong>Tim.</strong></span> <span class='ocrx_word' id='word_1_320' title='bbox 291 2805 332 2863; x_wconf 91' lang='lat' dir='ltr'><strong>iii.</strong></span> <span class='ocrx_word' id='word_1_321' title='bbox 343 2806 370 2900; x_wconf 79' lang='lat'><strong>6,</strong></span> <span class='ocrx_word' id='word_1_322' title='bbox 383 2803 453 2897; x_wconf 82' lang='lat' dir='ltr'><strong>dum</strong></span> <span class='ocrx_word' id='word_1_323' title='bbox 466 2823 525 2864; x_wconf 90' lang='lat' dir='ltr'><strong>non</strong></span> <span class='ocrx_word' id='word_1_324' title='bbox 535 2806 599 2866; x_wconf 86' lang='lat' dir='ltr'><strong>vult</strong></span> <span class='ocrx_word' id='word_1_325' title='bbox 612 2807 775 2899; x_wconf 70' lang='lat' dir='ltr'><strong>promoyeri</strong></span> <span class='ocrx_word' id='word_1_326' title='bbox 789 2806 905 2882; x_wconf 69' lang='grc' dir='ltr'>ιιᾶφποι,</span> <span class='ocrx_word' id='word_1_327' title='bbox 919 2809 954 2884; x_wconf 67' lang='grc' dir='ltr'><strong>μὲ</strong></span> <span class='ocrx_word' id='word_1_328' title='bbox 963 2811 1083 2901; x_wconf 38' lang='grc' dir='ltr'><strong>,τυφωθεὶς</strong></span> <span class='ocrx_word' id='word_1_329' title='bbox 1097 2828 1132 2866; x_wconf 79' lang='lat' dir='ltr'><strong>aa</strong></span> <span class='ocrx_word' id='word_1_330' title='bbox 1145 2807 1256 2885; x_wconf 76' lang='lat' dir='ltr'><strong>influus</strong></span> <span class='ocrx_word' id='word_1_331' title='bbox 1269 2808 1377 2867; x_wconf 79' lang='lat' dir='ltr'><strong>incidat</strong></span> 
     </span>
     <span class='ocr_line' id='line_1_32' title="bbox 170 2887 1376 3047; baseline 0.002 -23"><span class='ocrx_word' id='word_1_332' title='bbox 170 2887 534 3042; x_wconf 63' lang='lat' dir='ltr'><strong>&#39;esttl‘ttt‘ltt</strong></span> <span class='ocrx_word' id='word_1_333' title='bbox 547 2889 808 3044; x_wconf 54' lang='lat' dir='ltr'><strong>{iiim</strong></span> <span class='ocrx_word' id='word_1_334' title='bbox 820 2888 997 3047; x_wconf 49' lang='lat' dir='ltr'><strong>ituit</strong></span> <span class='ocrx_word' id='word_1_335' title='bbox 1010 2896 1376 3044; x_wconf 63' lang='lat' dir='ltr'><strong>ttltttttttttt</strong></span> 
     </span>
     <span class='ocr_line' id='line_1_33' title="bbox 171 3045 1375 3124; baseline 0.002 -20"><span class='ocrx_word' id='word_1_336' title='bbox 171 3045 222 3123; x_wconf 93' lang='lat' dir='ltr'><strong>qui</strong></span> <span class='ocrx_word' id='word_1_337' title='bbox 235 3055 267 3106; x_wconf 91' lang='lat' dir='ltr'><strong>ut</strong></span> <span class='ocrx_word' id='word_1_338' title='bbox 282 3047 378 3106; x_wconf 90' lang='lat' dir='ltr'><strong>Deum</strong></span> <span class='ocrx_word' id='word_1_339' title='bbox 392 3054 421 3106; x_wconf 89' lang='lat' dir='ltr'><strong>et</strong></span> <span class='ocrx_word' id='word_1_340' title='bbox 434 3045 592 3124; x_wconf 88' lang='lat' dir='ltr'><strong>principem</strong></span> <span class='ocrx_word' id='word_1_341' title='bbox 607 3065 638 3104; x_wconf 91' lang='lat' dir='ltr'><strong>se</strong></span> <span class='ocrx_word' id='word_1_342' title='bbox 652 3046 744 3123; x_wconf 86' lang='lat' dir='ltr'><strong>gessit</strong></span> <span class='ocrx_word' id='word_1_343' title='bbox 756 3047 787 3105; x_wconf 89' lang='lat' dir='ltr'><strong>in</strong></span> <span class='ocrx_word' id='word_1_344' title='bbox 800 3048 917 3124; x_wconf 88' lang='lat' dir='ltr'><strong>mundo,</strong></span> <span class='ocrx_word' id='word_1_345' title='bbox 933 3056 962 3108; x_wconf 87' lang='lat' dir='ltr'><strong>et</strong></span> <span class='ocrx_word' id='word_1_346' title='bbox 976 3048 1042 3108; x_wconf 88' lang='lat' dir='ltr'><strong>talis</strong></span> <span class='ocrx_word' id='word_1_347' title='bbox 1055 3047 1156 3106; x_wconf 88' lang='lat' dir='ltr'><strong>haberi</strong></span> <span class='ocrx_word' id='word_1_348' title='bbox 1170 3067 1204 3106; x_wconf 89' lang='lat' dir='ltr'><strong>ac</strong></span> <span class='ocrx_word' id='word_1_349' title='bbox 1215 3047 1270 3106; x_wconf 91' lang='lat' dir='ltr'><strong>coli</strong></span> <span class='ocrx_word' id='word_1_350' title='bbox 1282 3046 1375 3106; x_wconf 87' lang='lat' dir='ltr'><strong>voluit</strong></span> 
     </span>
     <span class='ocr_line' id='line_1_34' title="bbox 170 3125 1376 3204; baseline 0.001 -19"><span class='ocrx_word' id='word_1_351' title='bbox 170 3127 350 3204; x_wconf 88' lang='lat' dir='ltr'><strong>aprincipio‚</strong></span> <span class='ocrx_word' id='word_1_352' title='bbox 367 3130 385 3185; x_wconf 78' lang='lat'><strong><em>2</em></strong></span> <span class='ocrx_word' id='word_1_353' title='bbox 401 3127 466 3186; x_wconf 88' lang='lat' dir='ltr'><strong>Cor.</strong></span> <span class='ocrx_word' id='word_1_354' title='bbox 481 3125 520 3186; x_wconf 87' lang='lat' dir='ltr'><strong>iv.</strong></span> <span class='ocrx_word' id='word_1_355' title='bbox 536 3130 564 3200; x_wconf 84' lang='lat'><strong>4,</strong></span> <span class='ocrx_word' id='word_1_356' title='bbox 580 3126 650 3187; x_wconf 86' lang='lat' dir='ltr'><strong>Joh.</strong></span> <span class='ocrx_word' id='word_1_357' title='bbox 672 3125 723 3184; x_wconf 89' lang='lat' dir='ltr'><strong>xii.</strong></span> <span class='ocrx_word' id='word_1_358' title='bbox 739 3129 786 3203; x_wconf 85' lang='lat'><strong>31,</strong></span> <span class='ocrx_word' id='word_1_359' title='bbox 808 3147 867 3186; x_wconf 91' lang='lat' dir='ltr'><strong>non</strong></span> <span class='ocrx_word' id='word_1_360' title='bbox 891 3128 953 3188; x_wconf 88' lang='lat' dir='ltr'><strong>sine</strong></span> <span class='ocrx_word' id='word_1_361' title='bbox 968 3148 1055 3188; x_wconf 86' lang='lat' dir='ltr'><strong>causa</strong></span> <span class='ocrx_word' id='word_1_362' title='bbox 1078 3136 1131 3204; x_wconf 85' lang='lat' dir='ltr'><strong>est,</strong></span> <span class='ocrx_word' id='word_1_363' title='bbox 1147 3127 1225 3204; x_wconf 91' lang='lat' dir='ltr'><strong>qnod</strong></span> <span class='ocrx_word' id='word_1_364' title='bbox 1249 3127 1279 3186; x_wconf 91' lang='lat' dir='ltr'><strong>in</strong></span> <span class='ocrx_word' id='word_1_365' title='bbox 1301 3126 1376 3186; x_wconf 90' lang='lat' dir='ltr'><strong>illud</strong></span> 
     </span>
     <span class='ocr_line' id='line_1_35' title="bbox 169 3204 1375 3288; baseline 0.002 -24"><span class='ocrx_word' id='word_1_366' title='bbox 169 3215 320 3284; x_wconf 89' lang='lat' dir='ltr'><strong>peccatum</strong></span> <span class='ocrx_word' id='word_1_367' title='bbox 333 3205 446 3266; x_wconf 90' lang='lat' dir='ltr'><strong>dicatur</strong></span> <span class='ocrx_word' id='word_1_368' title='bbox 467 3205 612 3266; x_wconf 88' lang='lat' dir='ltr'><strong>incidisse.</strong></span> <span class='ocrx_word' id='word_1_369' title='bbox 654 3204 761 3280; x_wconf 85' lang='lat' dir='ltr'><strong>Tertio,</strong></span> <span class='ocrx_word' id='word_1_370' title='bbox 776 3207 845 3284; x_wconf 85' lang='lat' dir='ltr'><strong>quia</strong></span> <span class='ocrx_word' id='word_1_371' title='bbox 858 3207 896 3265; x_wconf 87' lang='lat' dir='ltr'><strong>ad</strong></span> <span class='ocrx_word' id='word_1_372' title='bbox 915 3209 971 3269; x_wconf 88' lang='lat' dir='ltr'><strong>hoc</strong></span> <span class='ocrx_word' id='word_1_373' title='bbox 988 3207 1099 3288; x_wconf 89' lang='lat' dir='ltr'><strong>peccati</strong></span> <span class='ocrx_word' id='word_1_374' title='bbox 1120 3227 1213 3286; x_wconf 89' lang='lat' dir='ltr'><strong>genus</strong></span> <span class='ocrx_word' id='word_1_375' title='bbox 1227 3207 1375 3267; x_wconf 86' lang='lat' dir='ltr'><strong>Adamum</strong></span> 
     </span>
     <span class='ocr_line' id='line_1_36' title="bbox 170 3286 966 3365; baseline 0.003 -20"><span class='ocrx_word' id='word_1_376' title='bbox 170 3287 295 3348; x_wconf 86' lang='lat' dir='ltr'><strong>tentavit</strong></span> <span class='ocrx_word' id='word_1_377' title='bbox 308 3307 325 3346; x_wconf 93' lang='lat' dir='ltr'><strong>a</strong></span> <span class='ocrx_word' id='word_1_378' title='bbox 338 3286 488 3365; x_wconf 88' lang='lat' dir='ltr'><strong>principio,</strong></span> <span class='ocrx_word' id='word_1_379' title='bbox 503 3295 533 3347; x_wconf 92' lang='lat' dir='ltr'><strong>et</strong></span> <span class='ocrx_word' id='word_1_380' title='bbox 547 3286 676 3364; x_wconf 87' lang='lat' dir='ltr'><strong>quotidie</strong></span> <span class='ocrx_word' id='word_1_381' title='bbox 689 3286 820 3346; x_wconf 90' lang='lat' dir='ltr'><strong>homines</strong></span> <span class='ocrx_word' id='word_1_382' title='bbox 834 3287 966 3365; x_wconf 87' lang='lat' dir='ltr'><strong>impellit</strong></span> 
     </span>
    </p>

    <p class='ocr_par' dir='ltr' id='par_1_5' title="bbox 169 3366 1377 4246">
     <span class='ocr_line' id='line_1_37' title="bbox 212 3366 1374 3448; baseline 0.003 -22"><span class='ocrx_word' id='word_1_383' title='bbox 212 3367 285 3426; x_wconf 90' lang='lat' dir='ltr'><strong>VII.</strong></span> <span class='ocrx_word' id='word_1_384' title='bbox 307 3367 355 3428; x_wconf 86' lang='lat' dir='ltr'><strong>Its</strong></span> <span class='ocrx_word' id='word_1_385' title='bbox 368 3377 465 3430; x_wconf 87' lang='lat' dir='ltr'><strong>tamen</strong></span> <span class='ocrx_word' id='word_1_386' title='bbox 479 3367 644 3445; x_wconf 89' lang='lat' dir='ltr'><strong>superbiam</strong></span> <span class='ocrx_word' id='word_1_387' title='bbox 657 3366 706 3426; x_wconf 93' lang='lat' dir='ltr'><strong>hic</strong></span> <span class='ocrx_word' id='word_1_388' title='bbox 720 3387 783 3426; x_wconf 89' lang='lat' dir='ltr'><strong>sese</strong></span> <span class='ocrx_word' id='word_1_389' title='bbox 797 3367 945 3428; x_wconf 83' lang='lat' dir='ltr'><strong>exemisse</strong></span> <span class='ocrx_word' id='word_1_390' title='bbox 965 3376 1108 3448; x_wconf 88' lang='lat' dir='ltr'><strong>putamus,</strong></span> <span class='ocrx_word' id='word_1_391' title='bbox 1123 3377 1157 3430; x_wconf 90' lang='lat' dir='ltr'><strong>ut</strong></span> <span class='ocrx_word' id='word_1_392' title='bbox 1170 3369 1250 3430; x_wconf 92' lang='lat' dir='ltr'><strong>illam</strong></span> <span class='ocrx_word' id='word_1_393' title='bbox 1264 3367 1374 3447; x_wconf 88' lang='lat' dir='ltr'><strong>incogi·</strong></span> 
     </span>
     <span class='ocr_line' id='line_1_38' title="bbox 171 3445 1374 3528; baseline 0.004 -25"><span class='ocrx_word' id='word_1_394' title='bbox 171 3445 271 3521; x_wconf 90' lang='lat' dir='ltr'><strong>tantia,</strong></span> <span class='ocrx_word' id='word_1_395' title='bbox 287 3455 316 3505; x_wconf 89' lang='lat' dir='ltr'><strong>ct</strong></span> <span class='ocrx_word' id='word_1_396' title='bbox 337 3448 430 3506; x_wconf 86' lang='lat' dir='ltr'><strong>minor</strong></span> <span class='ocrx_word' id='word_1_397' title='bbox 452 3448 573 3508; x_wconf 91' lang='lat' dir='ltr'><strong>attentio</strong></span> <span class='ocrx_word' id='word_1_398' title='bbox 596 3448 673 3507; x_wconf 87' lang='lat' dir='ltr'><strong>circa</strong></span> <span class='ocrx_word' id='word_1_399' title='bbox 694 3448 965 3526; x_wconf 86' lang='lat' dir='ltr'><strong>contemplatIonem</strong></span> <span class='ocrx_word' id='word_1_400' title='bbox 980 3449 1037 3508; x_wconf 90' lang='lat' dir='ltr'><strong>Dei</strong></span> <span class='ocrx_word' id='word_1_401' title='bbox 1057 3451 1220 3528; x_wconf 84' lang='lat' dir='ltr'><strong>praecedere</strong></span> <span class='ocrx_word' id='word_1_402' title='bbox 1234 3451 1374 3526; x_wconf 86' lang='lat' dir='ltr'><strong>debuerit,</strong></span> 
     </span>
     <span class='ocr_line' id='line_1_39' title="bbox 170 3527 1375 3609; baseline 0.003 -25"><span class='ocrx_word' id='word_1_403' title='bbox 170 3545 322 3604; x_wconf 88' lang='lat' dir='ltr'><strong>perquam</strong></span> <span class='ocrx_word' id='word_1_404' title='bbox 336 3527 470 3606; x_wconf 87' lang='lat' dir='ltr'><strong>Angelus</strong></span> <span class='ocrx_word' id='word_1_405' title='bbox 484 3527 578 3589; x_wconf 86' lang='lat' dir='ltr'><strong>factus</strong></span> <span class='ocrx_word' id='word_1_406' title='bbox 591 3528 629 3587; x_wconf 89' lang='lat' dir='ltr'><strong>ad</strong></span> <span class='ocrx_word' id='word_1_407' title='bbox 643 3528 896 3607; x_wconf 84' lang='lat' dir='ltr'><strong>contemplandum</strong></span> <span class='ocrx_word' id='word_1_408' title='bbox 908 3530 1003 3590; x_wconf 89' lang='lat' dir='ltr'><strong>Deum</strong></span> <span class='ocrx_word' id='word_1_409' title='bbox 1017 3531 1171 3606; x_wconf 89' lang='lat' dir='ltr'><strong>remissior,</strong></span> <span class='ocrx_word' id='word_1_410' title='bbox 1184 3531 1270 3609; x_wconf 87' lang='lat' dir='ltr'><strong>coepit</strong></span> <span class='ocrx_word' id='word_1_411' title='bbox 1284 3531 1375 3590; x_wconf 87' lang='lat' dir='ltr'><strong>aciem</strong></span> 
     </span>
     <span class='ocr_line' id='line_1_40' title="bbox 170 3605 1375 3688; baseline 0.002 -23"><span class='ocrx_word' id='word_1_412' title='bbox 170 3605 334 3668; x_wconf 86' lang='lat' dir='ltr'><strong>intellectus</strong></span> <span class='ocrx_word' id='word_1_413' title='bbox 348 3628 366 3667; x_wconf 89' lang='lat' dir='ltr'><strong>a</strong></span> <span class='ocrx_word' id='word_1_414' title='bbox 380 3608 444 3668; x_wconf 91' lang='lat' dir='ltr'><strong>Deo</strong></span> <span class='ocrx_word' id='word_1_415' title='bbox 458 3607 496 3668; x_wconf 88' lang='lat' dir='ltr'><strong>ad</strong></span> <span class='ocrx_word' id='word_1_416' title='bbox 509 3609 636 3688; x_wconf 89' lang='lat' dir='ltr'><strong>seipsum</strong></span> <span class='ocrx_word' id='word_1_417' title='bbox 657 3617 834 3686; x_wconf 83' lang='lat' dir='ltr'><strong>convertere,</strong></span> <span class='ocrx_word' id='word_1_418' title='bbox 849 3619 879 3670; x_wconf 89' lang='lat' dir='ltr'><strong>et</strong></span> <span class='ocrx_word' id='word_1_419' title='bbox 899 3610 1027 3688; x_wconf 90' lang='lat' dir='ltr'><strong>seipsum</strong></span> <span class='ocrx_word' id='word_1_420' title='bbox 1040 3610 1184 3685; x_wconf 88' lang='lat' dir='ltr'><strong>admirari,</strong></span> <span class='ocrx_word' id='word_1_421' title='bbox 1200 3630 1238 3669; x_wconf 92' lang='lat' dir='ltr'><strong>ex</strong></span> <span class='ocrx_word' id='word_1_422' title='bbox 1252 3611 1375 3668; x_wconf 87' lang='lat' dir='ltr'><strong>admira-</strong></span> 
     </span>
     <span class='ocr_line' id='line_1_41' title="bbox 170 3686 1375 3768; baseline 0.002 -23"><span class='ocrx_word' id='word_1_423' title='bbox 170 3686 249 3746; x_wconf 88' lang='lat' dir='ltr'><strong>tione</strong></span> <span class='ocrx_word' id='word_1_424' title='bbox 263 3707 332 3746; x_wconf 89' lang='lat' dir='ltr'><strong>vero</strong></span> <span class='ocrx_word' id='word_1_425' title='bbox 355 3695 384 3748; x_wconf 89' lang='lat' dir='ltr'><strong>ct</strong></span> <span class='ocrx_word' id='word_1_426' title='bbox 397 3689 486 3748; x_wconf 92' lang='lat' dir='ltr'><strong>nimio</strong></span> <span class='ocrx_word' id='word_1_427' title='bbox 500 3690 546 3750; x_wconf 92' lang='lat' dir='ltr'><strong>sui</strong></span> <span class='ocrx_word' id='word_1_428' title='bbox 566 3710 662 3750; x_wconf 88' lang='lat' dir='ltr'><strong>amore</strong></span> <span class='ocrx_word' id='word_1_429' title='bbox 678 3689 708 3747; x_wconf 89' lang='lat' dir='ltr'><strong>in</strong></span> <span class='ocrx_word' id='word_1_430' title='bbox 729 3690 892 3768; x_wconf 85' lang='lat' dir='ltr'><strong>superbiam</strong></span> <span class='ocrx_word' id='word_1_431' title='bbox 911 3690 1115 3767; x_wconf 64' lang='lat' dir='ltr'><strong>alicuiquam</strong></span> <span class='ocrx_word' id='word_1_432' title='bbox 1137 3689 1256 3748; x_wconf 91' lang='lat' dir='ltr'><strong>rebellio</strong></span> <span class='ocrx_word' id='word_1_433' title='bbox 1278 3689 1375 3748; x_wconf 89' lang='lat' dir='ltr'><strong>statim</strong></span> 
     </span>
     <span class='ocr_line' id='line_1_42' title="bbox 171 3767 1374 3848; baseline 0.002 -25"><span class='ocrx_word' id='word_1_434' title='bbox 171 3775 326 3826; x_wconf 88' lang='lat' dir='ltr'><strong>consecuta</strong></span> <span class='ocrx_word' id='word_1_435' title='bbox 339 3775 400 3844; x_wconf 89' lang='lat' dir='ltr'><strong>est;</strong></span> <span class='ocrx_word' id='word_1_436' title='bbox 424 3769 466 3829; x_wconf 89' lang='lat' dir='ltr'><strong>Ut</strong></span> <span class='ocrx_word' id='word_1_437' title='bbox 480 3770 527 3829; x_wconf 90' lang='lat' dir='ltr'><strong>hic</strong></span> <span class='ocrx_word' id='word_1_438' title='bbox 541 3791 625 3831; x_wconf 78' lang='lat' dir='ltr'><strong>error</strong></span> <span class='ocrx_word' id='word_1_439' title='bbox 638 3769 756 3848; x_wconf 86' lang='lat' dir='ltr'><strong>quidam</strong></span> <span class='ocrx_word' id='word_1_440' title='bbox 770 3771 933 3830; x_wconf 90' lang='lat' dir='ltr'><strong>necessario</strong></span> <span class='ocrx_word' id='word_1_441' title='bbox 952 3768 1148 3828; x_wconf 88' lang='lat' dir='ltr'><strong>admittendus</strong></span> <span class='ocrx_word' id='word_1_442' title='bbox 1170 3767 1216 3843; x_wconf 91' lang='lat' dir='ltr'><strong>sit,</strong></span> <span class='ocrx_word' id='word_1_443' title='bbox 1232 3787 1290 3826; x_wconf 89' lang='lat' dir='ltr'><strong>non</strong></span> <span class='ocrx_word' id='word_1_444' title='bbox 1311 3768 1374 3845; x_wconf 91' lang='lat' dir='ltr'><strong>qui·</strong></span> 
     </span>
     <span class='ocr_line' id='line_1_43' title="bbox 171 3843 1375 3928; baseline 0.003 -26"><span class='ocrx_word' id='word_1_445' title='bbox 171 3843 239 3902; x_wconf 89' lang='lat' dir='ltr'><strong>dem</strong></span> <span class='ocrx_word' id='word_1_446' title='bbox 263 3846 465 3924; x_wconf 86' lang='lat' dir='ltr'><strong>speculativas,</strong></span> <span class='ocrx_word' id='word_1_447' title='bbox 489 3850 573 3927; x_wconf 89' lang='lat' dir='ltr'><strong>quasi</strong></span> <span class='ocrx_word' id='word_1_448' title='bbox 594 3850 772 3928; x_wconf 87' lang='lat' dir='ltr'><strong>ignoraverit</strong></span> <span class='ocrx_word' id='word_1_449' title='bbox 793 3849 966 3927; x_wconf 83' lang='lat' dir='ltr'><strong>quodecim</strong></span> <span class='ocrx_word' id='word_1_450' title='bbox 985 3848 1144 3923; x_wconf 88' lang='lat' dir='ltr'><strong>tenebatur,</strong></span> <span class='ocrx_word' id='word_1_451' title='bbox 1160 3847 1212 3906; x_wconf 88' lang='lat' dir='ltr'><strong>sed</strong></span> <span class='ocrx_word' id='word_1_452' title='bbox 1223 3850 1375 3925; x_wconf 81' lang='lat' dir='ltr'><strong>practicus,</strong></span> 
     </span>
     <span class='ocr_line' id='line_1_44' title="bbox 171 3927 1375 4006; baseline 0.005 -24"><span class='ocrx_word' id='word_1_453' title='bbox 171 3943 230 4001; x_wconf 91' lang='lat' dir='ltr'><strong>quo</strong></span> <span class='ocrx_word' id='word_1_454' title='bbox 245 3943 340 3984; x_wconf 87' lang='lat' dir='ltr'><strong>amore</strong></span> <span class='ocrx_word' id='word_1_455' title='bbox 355 3927 401 3984; x_wconf 91' lang='lat' dir='ltr'><strong>sui</strong></span> <span class='ocrx_word' id='word_1_456' title='bbox 414 3938 577 3988; x_wconf 81' lang='lat' dir='ltr'><strong>excoecatus</strong></span> <span class='ocrx_word' id='word_1_457' title='bbox 591 3931 700 3994; x_wconf 89' lang='lat' dir='ltr'><strong>bonum</strong></span> <span class='ocrx_word' id='word_1_458' title='bbox 714 3929 884 3990; x_wconf 88' lang='lat' dir='ltr'><strong>delectabile</strong></span> <span class='ocrx_word' id='word_1_459' title='bbox 899 3927 1063 4006; x_wconf 90' lang='lat' dir='ltr'><strong>anteposuit</strong></span> <span class='ocrx_word' id='word_1_460' title='bbox 1075 3929 1208 3986; x_wconf 89' lang='lat' dir='ltr'><strong>honesto.</strong></span> <span class='ocrx_word' id='word_1_461' title='bbox 1249 3927 1311 3987; x_wconf 91' lang='lat' dir='ltr'><strong>Nec</strong></span> <span class='ocrx_word' id='word_1_462' title='bbox 1322 3930 1375 3988; x_wconf 91' lang='lat' dir='ltr'><strong>mi-</strong></span> 
     </span>
     <span class='ocr_line' id='line_1_45' title="bbox 170 4003 1377 4088; baseline 0.005 -25"><span class='ocrx_word' id='word_1_463' title='bbox 170 4023 236 4063; x_wconf 88' lang='lat' dir='ltr'><strong>mm</strong></span> <span class='ocrx_word' id='word_1_464' title='bbox 250 4003 343 4064; x_wconf 90' lang='lat' dir='ltr'><strong>videri</strong></span> <span class='ocrx_word' id='word_1_465' title='bbox 357 4004 451 4082; x_wconf 87' lang='lat' dir='ltr'><strong>debet,</strong></span> <span class='ocrx_word' id='word_1_466' title='bbox 468 4007 493 4066; x_wconf 92' lang='lat' dir='ltr'><strong>si</strong></span> <span class='ocrx_word' id='word_1_467' title='bbox 506 4007 537 4065; x_wconf 90' lang='lat' dir='ltr'><strong>in</strong></span> <span class='ocrx_word' id='word_1_468' title='bbox 550 4009 727 4072; x_wconf 84' lang='lat' dir='ltr'><strong>intellectum</strong></span> <span class='ocrx_word' id='word_1_469' title='bbox 742 4010 927 4088; x_wconf 72' lang='lat' dir='ltr'><strong>Angelicum</strong></span> <span class='ocrx_word' id='word_1_470' title='bbox 943 4009 993 4086; x_wconf 92' lang='lat' dir='ltr'><strong>qui</strong></span> <span class='ocrx_word' id='word_1_471' title='bbox 1006 4027 1065 4068; x_wconf 88' lang='lat' dir='ltr'><strong>non</strong></span> <span class='ocrx_word' id='word_1_472' title='bbox 1078 4007 1133 4067; x_wconf 88' lang='lat' dir='ltr'><strong>fuit</strong></span> <span class='ocrx_word' id='word_1_473' title='bbox 1146 4015 1229 4068; x_wconf 75' lang='lat' dir='ltr'><strong>actim</strong></span> <span class='ocrx_word' id='word_1_474' title='bbox 1239 4028 1337 4086; x_wconf 88' lang='lat' dir='ltr'><strong>purus,</strong></span> <span class='ocrx_word' id='word_1_475' title='bbox 1347 4017 1377 4069; x_wconf 90' lang='lat' dir='ltr'><strong>et</strong></span> 
     </span>
     <span class='ocr_line' id='line_1_46' title="bbox 169 4085 1377 4169; baseline 0.005 -25"><span class='ocrx_word' id='word_1_476' title='bbox 169 4085 369 4161; x_wconf 61' lang='lat' dir='ltr'><strong>immutabilia,</strong></span> <span class='ocrx_word' id='word_1_477' title='bbox 383 4087 451 4148; x_wconf 88' lang='lat' dir='ltr'><strong>talis</strong></span> <span class='ocrx_word' id='word_1_478' title='bbox 472 4087 608 4166; x_wconf 89' lang='lat' dir='ltr'><strong>obrepere</strong></span> <span class='ocrx_word' id='word_1_479' title='bbox 621 4090 747 4167; x_wconf 87' lang='lat' dir='ltr'><strong>potuerit</strong></span> <span class='ocrx_word' id='word_1_480' title='bbox 766 4090 957 4169; x_wconf 88' lang='lat' dir='ltr'><strong>incogitantia</strong></span> <span class='ocrx_word' id='word_1_481' title='bbox 970 4097 1000 4150; x_wconf 90' lang='lat' dir='ltr'><strong>et</strong></span> <span class='ocrx_word' id='word_1_482' title='bbox 1016 4107 1103 4166; x_wconf 89' lang='lat' dir='ltr'><strong>error,</strong></span> <span class='ocrx_word' id='word_1_483' title='bbox 1119 4087 1170 4166; x_wconf 92' lang='lat' dir='ltr'><strong>qui</strong></span> <span class='ocrx_word' id='word_1_484' title='bbox 1189 4088 1377 4150; x_wconf 88' lang='lat' dir='ltr'><strong>rebellionem</strong></span> 
     </span>
     <span class='ocr_line' id='line_1_47' title="bbox 169 4165 511 4246; baseline 0.012 -22"><span class='ocrx_word' id='word_1_485' title='bbox 169 4174 200 4224; x_wconf 88' lang='lat' dir='ltr'><strong>et</strong></span> <span class='ocrx_word' id='word_1_486' title='bbox 214 4165 378 4243; x_wconf 87' lang='lat' dir='ltr'><strong>superbiam</strong></span> <span class='ocrx_word' id='word_1_487' title='bbox 391 4168 511 4246; x_wconf 87' lang='lat' dir='ltr'><strong>peperit.</strong></span> 
     </span>
    </p>

    <p class='ocr_par' dir='ltr' id='par_1_6' title="bbox 169 4245 1378 4731">
     <span class='ocr_line' id='line_1_48' title="bbox 210 4245 1376 4330; baseline 0.003 -24"><span class='ocrx_word' id='word_1_488' title='bbox 210 4245 302 4306; x_wconf 89' lang='lat' dir='ltr'><strong>VIII.</strong></span> <span class='ocrx_word' id='word_1_489' title='bbox 325 4247 481 4308; x_wconf 85' lang='lat' dir='ltr'><strong>Peccatum</strong></span> <span class='ocrx_word' id='word_1_490' title='bbox 495 4249 551 4310; x_wconf 91' lang='lat' dir='ltr'><strong>hoc</strong></span> <span class='ocrx_word' id='word_1_491' title='bbox 571 4249 775 4328; x_wconf 86' lang='lat' dir='ltr'><strong>gravissimum</strong></span> <span class='ocrx_word' id='word_1_492' title='bbox 796 4251 894 4327; x_wconf 84' lang='lat' dir='ltr'><strong>fuisse,</strong></span> <span class='ocrx_word' id='word_1_493' title='bbox 910 4249 1094 4312; x_wconf 85' lang='lat' dir='ltr'><strong>severissima</strong></span> <span class='ocrx_word' id='word_1_494' title='bbox 1112 4269 1199 4330; x_wconf 84' lang='lat' dir='ltr'><strong>poena</strong></span> <span class='ocrx_word' id='word_1_495' title='bbox 1217 4269 1282 4327; x_wconf 88' lang='lat' dir='ltr'><strong>quae</strong></span> <span class='ocrx_word' id='word_1_496' title='bbox 1302 4248 1376 4309; x_wconf 91' lang='lat' dir='ltr'><strong>illud</strong></span> 
     </span>
     <span class='ocr_line' id='line_1_49' title="bbox 169 4326 1377 4410; baseline 0.002 -23"><span class='ocrx_word' id='word_1_497' title='bbox 169 4326 306 4388; x_wconf 84' lang='lat' dir='ltr'><strong>comitata</strong></span> <span class='ocrx_word' id='word_1_498' title='bbox 319 4337 364 4390; x_wconf 88' lang='lat' dir='ltr'><strong>est</strong></span> <span class='ocrx_word' id='word_1_499' title='bbox 378 4329 450 4390; x_wconf 88' lang='lat' dir='ltr'><strong>satis</strong></span> <span class='ocrx_word' id='word_1_500' title='bbox 462 4330 578 4408; x_wconf 86' lang='lat' dir='ltr'><strong>arguit;</strong></span> <span class='ocrx_word' id='word_1_501' title='bbox 607 4351 659 4410; x_wconf 86' lang='lat' dir='ltr'><strong>per</strong></span> <span class='ocrx_word' id='word_1_502' title='bbox 681 4351 768 4410; x_wconf 88' lang='lat' dir='ltr'><strong>quam</strong></span> <span class='ocrx_word' id='word_1_503' title='bbox 781 4331 895 4392; x_wconf 85' lang='lat' dir='ltr'><strong>exclusi</strong></span> <span class='ocrx_word' id='word_1_504' title='bbox 917 4339 985 4392; x_wconf 89' lang='lat' dir='ltr'><strong>sunt</strong></span> <span class='ocrx_word' id='word_1_505' title='bbox 1005 4353 1023 4391; x_wconf 92' lang='lat' dir='ltr'><strong>a</strong></span> <span class='ocrx_word' id='word_1_506' title='bbox 1043 4330 1099 4391; x_wconf 90' lang='lat' dir='ltr'><strong>Dei</strong></span> <span class='ocrx_word' id='word_1_507' title='bbox 1113 4330 1321 4406; x_wconf 89' lang='lat' dir='ltr'><strong>communione,</strong></span> <span class='ocrx_word' id='word_1_508' title='bbox 1344 4337 1377 4390; x_wconf 91' lang='lat' dir='ltr'><strong>ut</strong></span> 
     </span>
     <span class='ocr_line' id='line_1_50' title="bbox 169 4407 1378 4490; baseline 0.004 -25"><span class='ocrx_word' id='word_1_509' title='bbox 169 4407 250 4466; x_wconf 90' lang='lat' dir='ltr'><strong>nulla</strong></span> <span class='ocrx_word' id='word_1_510' title='bbox 263 4408 294 4466; x_wconf 89' lang='lat' dir='ltr'><strong>in</strong></span> <span class='ocrx_word' id='word_1_511' title='bbox 308 4415 447 4468; x_wconf 77' lang='lat' dir='ltr'><strong>atomum</strong></span> <span class='ocrx_word' id='word_1_512' title='bbox 461 4411 509 4470; x_wconf 86' lang='lat' dir='ltr'><strong>vel</strong></span> <span class='ocrx_word' id='word_1_513' title='bbox 520 4411 613 4472; x_wconf 77' lang='lat' dir='ltr'><strong>veniae</strong></span> <span class='ocrx_word' id='word_1_514' title='bbox 626 4409 676 4472; x_wconf 82' lang='lat' dir='ltr'><strong>vel</strong></span> <span class='ocrx_word' id='word_1_515' title='bbox 689 4411 880 4471; x_wconf 87' lang='lat' dir='ltr'><strong>restitutionis</strong></span> <span class='ocrx_word' id='word_1_516' title='bbox 893 4411 924 4471; x_wconf 91' lang='lat' dir='ltr'><strong>in</strong></span> <span class='ocrx_word' id='word_1_517' title='bbox 938 4412 1082 4490; x_wconf 85' lang='lat' dir='ltr'><strong>iutegrum</strong></span> <span class='ocrx_word' id='word_1_518' title='bbox 1097 4431 1162 4490; x_wconf 88' lang='lat' dir='ltr'><strong>spes</strong></span> <span class='ocrx_word' id='word_1_519' title='bbox 1177 4410 1309 4488; x_wconf 87' lang='lat' dir='ltr'><strong>supersit,</strong></span> <span class='ocrx_word' id='word_1_520' title='bbox 1325 4409 1378 4470; x_wconf 88' lang='lat' dir='ltr'><strong>sed</strong></span> 
     </span>
     <span class='ocr_line' id='line_1_51' title="bbox 170 4484 1377 4569; baseline 0.003 -23"><span class='ocrx_word' id='word_1_521' title='bbox 170 4484 200 4546; x_wconf 88' lang='lat' dir='ltr'><strong>in</strong></span> <span class='ocrx_word' id='word_1_522' title='bbox 213 4486 360 4546; x_wconf 87' lang='lat' dir='ltr'><strong>horridam</strong></span> <span class='ocrx_word' id='word_1_523' title='bbox 374 4497 404 4548; x_wconf 89' lang='lat' dir='ltr'><strong>et</strong></span> <span class='ocrx_word' id='word_1_524' title='bbox 417 4490 607 4566; x_wconf 87' lang='lat' dir='ltr'><strong>caliginosam</strong></span> <span class='ocrx_word' id='word_1_525' title='bbox 627 4491 727 4550; x_wconf 89' lang='lat' dir='ltr'><strong>tartari</strong></span> <span class='ocrx_word' id='word_1_526' title='bbox 742 4491 902 4551; x_wconf 88' lang='lat' dir='ltr'><strong>custodiam</strong></span> <span class='ocrx_word' id='word_1_527' title='bbox 924 4492 1057 4569; x_wconf 87' lang='lat' dir='ltr'><strong>conjecti,</strong></span> <span class='ocrx_word' id='word_1_528' title='bbox 1073 4499 1102 4551; x_wconf 92' lang='lat' dir='ltr'><strong>et</strong></span> <span class='ocrx_word' id='word_1_529' title='bbox 1122 4491 1231 4551; x_wconf 88' lang='lat' dir='ltr'><strong>catenis</strong></span> <span class='ocrx_word' id='word_1_530' title='bbox 1246 4492 1377 4552; x_wconf 88' lang='lat' dir='ltr'><strong>tenebra·</strong></span> 
     </span>
     <span class='ocr_line' id='line_1_52' title="bbox 170 4566 1376 4649; baseline 0.008 -27"><span class='ocrx_word' id='word_1_531' title='bbox 170 4585 233 4623; x_wconf 88' lang='lat' dir='ltr'><strong>rum</strong></span> <span class='ocrx_word' id='word_1_532' title='bbox 247 4566 340 4643; x_wconf 90' lang='lat' dir='ltr'><strong>ligati,</strong></span> <span class='ocrx_word' id='word_1_533' title='bbox 355 4577 539 4628; x_wconf 86' lang='lat' dir='ltr'><strong>asserventur</strong></span> <span class='ocrx_word' id='word_1_534' title='bbox 560 4569 598 4628; x_wconf 87' lang='lat' dir='ltr'><strong>ad</strong></span> <span class='ocrx_word' id='word_1_535' title='bbox 617 4568 760 4646; x_wconf 90' lang='lat' dir='ltr'><strong>judicium</strong></span> <span class='ocrx_word' id='word_1_536' title='bbox 775 4589 888 4647; x_wconf 82' lang='lat' dir='ltr'><strong>magnae</strong></span> <span class='ocrx_word' id='word_1_537' title='bbox 902 4570 969 4646; x_wconf 88' lang='lat' dir='ltr'><strong>diei,</strong></span> <span class='ocrx_word' id='word_1_538' title='bbox 984 4571 1055 4630; x_wconf 88' lang='lat' dir='ltr'><strong>Jud.</strong></span> <span class='ocrx_word' id='word_1_539' title='bbox 1071 4573 1100 4630; x_wconf 88' lang='grc'><strong>6.</strong></span> <span class='ocrx_word' id='word_1_540' title='bbox 1142 4571 1228 4631; x_wconf 91' lang='lat' dir='ltr'><strong>Unde</strong></span> <span class='ocrx_word' id='word_1_541' title='bbox 1249 4570 1376 4649; x_wconf 85' lang='lat' dir='ltr'><strong>quidam,</strong></span> 
     </span>
     <span class='ocr_line' id='line_1_53' title="bbox 170 4645 1376 4731; baseline 0.007 -29"><span class='ocrx_word' id='word_1_542' title='bbox 170 4645 222 4702; x_wconf 91' lang='lat' dir='ltr'><strong>sed</strong></span> <span class='ocrx_word' id='word_1_543' title='bbox 237 4646 332 4706; x_wconf 90' lang='lat' dir='ltr'><strong>minus</strong></span> <span class='ocrx_word' id='word_1_544' title='bbox 343 4647 444 4725; x_wconf 89' lang='lat' dir='ltr'><strong>solide,</strong></span> <span class='ocrx_word' id='word_1_545' title='bbox 456 4647 593 4725; x_wconf 90' lang='lat' dir='ltr'><strong>colligere</strong></span> <span class='ocrx_word' id='word_1_546' title='bbox 603 4649 758 4708; x_wconf 83' lang='lat' dir='ltr'><strong>voluerunt</strong></span> <span class='ocrx_word' id='word_1_547' title='bbox 767 4648 856 4710; x_wconf 83' lang='lat' dir='ltr'><strong>fuisse</strong></span> <span class='ocrx_word' id='word_1_548' title='bbox 866 4659 1017 4729; x_wconf 85' lang='lat' dir='ltr'><strong>peccatum</strong></span> <span class='ocrx_word' id='word_1_549' title='bbox 1030 4651 1060 4709; x_wconf 90' lang='lat' dir='ltr'><strong>in</strong></span> <span class='ocrx_word' id='word_1_550' title='bbox 1073 4648 1213 4731; x_wconf 84' lang='lat' dir='ltr'><strong>Spiritum</strong></span> <span class='ocrx_word' id='word_1_551' title='bbox 1226 4651 1376 4728; x_wconf 64' lang='lat' dir='ltr'><strong>Sanctum</strong></span> 
     </span>
    </p>

    <p class='ocr_par' dir='ltr' id='par_1_7' title="bbox 1160 4735 1216 4789">
     <span class='ocr_line' id='line_1_54' title="bbox 1160 4735 1216 4789; baseline -0.018 0"><span class='ocrx_word' id='word_1_552' title='bbox 1160 4735 1177 4789; x_wconf 76' lang='lat'>2</span> <span class='ocrx_word' id='word_1_553' title='bbox 1193 4750 1216 4788; x_wconf 91' lang='grc' dir='ltr'><strong>ιι</strong></span> 
     </span>
    </p>
   </div>
   <div class='ocr_carea' id='block_1_3' title="bbox 0 0 1630 5172">
    <p class='ocr_par' dir='ltr' id='par_1_8' title="bbox 0 0 1630 5172">
     <span class='ocr_line' id='line_1_55' title="bbox 0 0 1630 5172; baseline 0 0"><span class='ocrx_word' id='word_1_554' title='bbox 0 0 1630 5172; x_wconf 95' lang='lat' dir='ltr'><strong> </strong></span> 
     </span>
    </p>
   </div>
  </div>
 </body>
</html>
