3158 5180
1310 329 1320 341 ,-

282 344 341 399 400
766 353 857 394 iosus
871 353 1006 404 ussurus.
1309 344 1424 411 [consu.
1438 352 1472 392 rr.

284 497 408 558 Materia
422 516 492 556 varo
506 494 636 554 informis
650 492 763 570 dicitur,
779 515 838 553 non
854 497 977 554 molen
991 502 1021 553 et
1040 486 1211 568 sempliciter,
1227 489 1307 566 quod
1320 492 1408 551 omma
1426 493 1475 552 ior·

284 599 338 638 me
353 597 456 656 expers
470 584 554 651 esset,
570 574 713 652 siquidem
727 573 866 652 quioquid
879 575 987 649 existit,
1002 593 1053 652 per
1068 591 1148 632 suam
1163 571 1287 628 tonnam
1301 571 1411 647 existit3
1431 573 1475 632 sed

284 661 433 718 semndum
446 655 517 733 quid
530 663 560 714 et
581 663 753 731 comparate,
769 654 838 731 quia
858 654 950 713 forma
970 652 1098 731 eleganti
1117 659 1146 710 et
1160 657 1276 724 exacta,
1292 670 1376 726 quam
1389 661 1476 728 postea

285 738 388 817 adepta
402 744 454 810 est,
470 735 565 794 adhuc
579 742 708 794 careret:
729 733 781 792 illa
794 753 863 792 varo
878 733 974 811 quoad
986 733 1177 804 mbstantiarm
1192 729 1300 807 partim
1314 739 1410 806 terrea,
1421 752 1474 808 par·

284 819 336 878 tim
350 836 442 894 aquea
465 815 527 892 suit,
543 814 640 891 quoad
664 815 847 890 quantitatem
870 814 982 892 ingena,
1007 824 1037 873 et
1057 832 1110 872 ceu
1127 810 1190 870 sine
1205 808 1297 868 fundo
1311 810 1406 886 moles,
1420 831 1475 887 qua

179 931 187 946 ·
283 897 351 956 indo
365 905 485 955 vocatur
498 897 621 970 elymas,
636 893 733 972 quoad
746 895 909 970 qualitatem
920 893 1067 968 deformis,
1084 900 1113 952 et
1126 889 1319 964 tenebricosa,
1334 889 1425 966 quoad
1442 894 1475 968 es·

275 980 383 1053 fectum
397 976 491 1034 inanis
505 983 535 1034 et
548 973 689 1048 inefficax,
705 993 771 1051 qum
784 973 839 1034 fuit
852 974 973 1034 materia
985 973 1062 1034 uude
1077 970 1174 1032 omnia
1188 987 1312 1046 corpora
1325 969 1477 1028 sublunaria

283 1057 436 1134 desumpta
450 1063 535 1131 sunt3
559 1053 622 1128 Quo
637 1054 761 1131 pertinet
774 1053 853 1130 quod
867 1054 964 1114 statim
978 1053 1094 1113 additur
1107 1050 1144 1110 do
1157 1048 1273 1126 δριήὰι
1290 1050 1478 1125 profametur

282 1157 368 1214 super
380 1135 525 1214 superficie
538 1153 688 1210 aquarum,
704 1153 733 1191 v.
748 1137 776 1207 2,
792 1133 879 1210 quod,
894 1153 948 1192 nec
962 1135 1023 1194 aeri
1036 1141 1086 1192 aut
1099 1138 1189 1191 vento
1209 1139 1372 1206 competere
1385 1137 1475 1208 potest,

282 1219 332 1296 qui
345 1217 475 1276 nondum
488 1221 602 1274 meeum
616 1220 685 1288 crat,
696 1221 725 1273 et
738 1213 789 1290 qui
803 1232 861 1272 non
872 1213 961 1288 fovet,
973 1213 1026 1272 sad
1038 1212 1160 1289 dissipet
1168 1209 1291 1286 potiam3
1313 1229 1366 1268 neo
1375 1209 1476 1286 Angelo

283 1305 388 1371 creato,
404 1296 442 1355 ad
455 1314 542 1372 quem
554 1293 611 1353 boc
625 1312 698 1372 opus
712 1313 771 1352 non
785 1292 927 1370 pertinet;
949 1313 1003 1352 nec
1017 1293 1047 1352 vi
1061 1301 1091 1352 et
1104 1289 1243 1351 efficaciae
1259 1288 1316 1347 Dei
1330 1289 1361 1347 in
1373 1307 1473 1368 gauere,

281 1397 347 1456 quae
360 1375 547 1454 perverbum
571 1373 722 1432 incubandi
732 1373 829 1451 potius
851 1373 1029 1449 exprimitur,
1052 1392 1071 1431 a
1089 1391 1148 1449 qua
1161 1367 1354 1444 distinguitur
1369 1368 1476 1446 Spiritm

284 1457 315 1516 S.
329 1457 381 1533 qui
394 1456 458 1534 ejus
479 1453 652 1532 principium
674 1461 754 1528 erat,
787 1451 846 1511 Sed
866 1453 921 1511 soli
934 1452 1057 1529 Spiritui
1068 1452 1127 1510 Dei
1144 1449 1296 1522 convenit,
1311 1448 1359 1525 qui
1379 1455 1407 1506 et
1424 1448 1475 1524 ipse

285 1536 373 1611 Deus,
389 1536 440 1612 qui
453 1553 577 1594 massam
594 1532 674 1590 illam
695 1531 846 1591 informem
860 1533 967 1592 virtute
989 1552 1049 1608 sua,
1065 1541 1095 1591 et
1108 1531 1206 1590 calore
1221 1527 1306 1586 vitali
1326 1527 1434 1586 fovebat
1451 1535 1474 1583 et

283 1615 476 1691 succendebat,
491 1641 513 1673 π
527 1618 551 1678 ὀς
565 1611 696 1690 ζωογονίαν
710 1613 854 1686 neuin,
869 1612 1037 1690 metaphora
1050 1619 1166 1688 sumpta
1180 1606 1219 1666 ab
1234 1608 1339 1666 avibus
1350 1605 1474 1678 ovissuis,

284 1697 332 1755 rel
346 1695 433 1772 pullis
447 1641 660 1769 incubantibus,
676 1700 708 1751 ut
722 1692 758 1752 de
779 1692 877 1769 aquila
897 1691 1003 1751 dicitur
1017 1691 1104 1751 Dent
1119 1688 1217 1748 xxxii.
1235 1689 1282 1764 11,
1298 1707 1362 1764 qnae
1380 1686 1473 1744 alarum

284 1775 473 1849 motitstione,
488 1782 517 1833 et
541 1773 709 1832 dilatatione
723 1773 772 1831 val
793 1792 850 1831 ova
871 1771 971 1832 fovent
984 1781 1015 1832 et
1028 1771 1203 1830 mlafaeiunt
1217 1768 1256 1826 ad
1269 1768 1364 1845 pullos
1384 1765 1474 1843 produ·

283 1855 454 1934 candos,vel
468 1874 518 1914 eos
528 1853 591 1931 jam
604 1852 759 1929 productos
769 1859 939 1927 sustentant,
949 1849 1216 1929 quevissstverhi
1229 1865 1281 1918 spus
1297 1846 1359 1907 Jer.
1369 1843 1441 1903 xxiii.
1450 1845 1471 1901 9.

356 1987 458 2033 ΗΜ
548 1931 1103 2090 ςπῖῙξᾈιῖἑῗῖῗωῙᾌήεῇτὲὲῗέοὲἓξ
1115 1924 1472 2088 piideliniiiiniieeemtdr:

285 2115 349 2155 rum
363 2033 865 2231 {idlffl‘plimssnmntfflld‘
877 2093 957 2187 Iloua
967 2055 1134 2229 inpboavit3
1155 2110 1218 2184 non
1227 2089 1322 2162 modo,
1332 2086 1472 2221 qniafucffi

519 2180 994 2249 mn,
1028 2180 1408 2322 u
1426 2239 1471 2298 s

284 2332 488 2405 manifestaret,
499 2339 529 2390 et
542 2331 708 2389 essetvelut
722 2331 882 2390 communis
892 2331 1024 2408 quedam
1038 2350 1133 2389 rerurn
1147 2329 1326 2390 naturalium
1339 2320 1469 2390 obstetrix,
1544 2351 1545 2354 ¹

283 2431 348 2490 quae
362 2411 457 2469 calore
471 2429 524 2468 suo
537 2409 636 2468 innato
650 2409 807 2468 educendis
821 2419 850 2468 et
863 2409 996 2469 fovendis
1010 2409 1169 2469 seminibus
1189 2407 1359 2480 inserviret;
1379 2402 1407 2459 in
1424 2417 1471 2475 quo
1544 2415 1545 2420 ’

284 2489 419 2550 secundae
433 2488 585 2548 creationis
599 2496 701 2566 typum
715 2488 802 2547 etiam
817 2488 885 2548 dare
896 2489 998 2564 voluit,
1010 2509 1098 2566 quam
1110 2490 1193 2549 Deus
1209 2511 1226 2548 a
1240 2490 1304 2548 luce
1317 2477 1470 2560 cognitionis

284 2569 376 2629 Verbi
390 2569 476 2627 etiarn
491 2567 610 2642 orditum,
636 2569 654 2600 “
666 2567 746 2626 Deus
760 2567 837 2626 enim
857 2567 909 2645 qui
929 2567 1013 2642 dixit,
1028 2577 1062 2628 ut
1075 2570 1128 2628 lux
1141 2590 1158 2629 e
1171 2568 1303 2629 tenebris
1317 2559 1468 2642 splenderet

283 2649 368 2708 isest
382 2647 432 2726 qui
444 2648 521 2708 luxit
534 2647 565 2705 in
578 2647 713 2706 cordibus
733 2647 841 2706 nostris
854 2648 893 2707 ad
913 2647 1103 2708 radiationam
1123 2647 1301 2728 cognitionis
1318 2640 1410 2722 gloria
1423 2635 1468 2695 Dei

283 2729 314 2788 in
328 2728 401 2787 facie
415 2729 436 2788 J
438 2747 490 2786 esu
504 2727 640 2802 christi,’'
656 2731 674 2786 2
690 2727 755 2786 Gor.
769 2727 809 2786 iv.
826 2731 853 2786 6.

325 2808 416 2868 VIII.
447 2807 514 2866 Lux
537 2815 634 2866 autem
655 2807 720 2882 ista,
737 2807 798 2866 Nec
818 2807 874 2867 fuit
888 2807 1035 2868 Accidens
1056 2807 1119 2868 sine
1141 2809 1284 2887 subjecto,
1299 2803 1468 2886 utnugmtut

285 2887 449 2964 Pontifioii3
472 2888 534 2946 Nec
548 2887 721 2946 elementum
736 2887 828 2965 Ignis,
843 2896 876 2947 ut
890 2888 940 2946 alii
953 2888 1135 2966 pertendunt,
1152 2889 1239 2966 Ignis
1253 2886 1335 2960 enim,
1350 2899 1399 2940 uec
1416 2874 1466 2933 drea

283 2988 411 3046 unquam
426 2977 554 3043 vocatur,
579 2987 633 3026 nec
647 2966 724 3026 diem
748 2966 853 3044 afficit3
884 2967 946 3028 Nec
968 2968 1111 3028 nubecula
1130 2969 1239 3044 lucida,
1254 2985 1318 3045 quaa
1341 2977 1389 3020 suo
1401 2961 1465 3042 mou}

284 3050 417 3108 circulari
430 3048 467 3108 ab
483 3048 599 3108 Oriente
612 3047 644 3105 in
658 3047 854 3123 Occidentem,
870 3046 947 3106 diem
966 3056 1139 3126 noctemque
1160 3045 1324 3118 confecerit,
1338 3035 1408 3118 quod
1425 3031 1464 3089 ὼ

286 3130 422 3204 sentiunt,
438 3148 505 3187 nam
519 3128 612 3206 primo
625 3128 673 3186 dia
687 3127 850 3188 nulladum
864 3127 956 3187 nubes
964 3135 1061 3187 ereata
1073 3128 1147 3188 fnit:
1171 3127 1232 3188 Sed
1243 3142 1343 3203 corpus
1355 3113 1463 3205 lucidum

285 3209 316 3268 in
329 3229 387 3269 uno
402 3209 476 3269 Coeli
490 3207 607 3268 etherei
617 3207 818 3284 hemisphaerio
828 3227 989 3284 accensum,
1001 3207 1080 3285 quod
1091 3207 1136 3268 sui
1149 3201 1393 3268 circumrotatione
1402 3193 1464 3281 dam

284 3299 456 3366 noctemque
470 3289 562 3365 primo
576 3287 673 3347 triduo
693 3287 894 3364 distingueret,
909 3286 1001 3346 donec
1020 3287 1073 3346 lux
1087 3287 1138 3346 illa
1157 3297 1261 3366 postea
1273 3288 1370 3363 quarto
1382 3273 1423 3334 dit
1439 3285 1462 3326 Ψ

284 3387 388 3444 corpus
404 3367 480 3426 Solis
494 3376 523 3426 et
539 3367 694 3426 Stellarum
708 3367 830 3460 collecta
843 3375 872 3426 et
885 3366 1039 3428 distributa
1052 3366 1116 3426 fuit.
1377 3435 1384 3449 ·

316 3480 524 3594 ‘intratsi
543 3445 870 3600 nii‘idrib'iimii
881 3446 1366 3604 ilariuffilsi'ssimoeimewi
1376 3441 1461 3599 iiiii

543 3602 597 3661 tris
611 3603 692 3680 globi
706 3603 855 3680 superlicio
869 3605 908 3663 ad
928 3615 1089 3666 extremum
1109 3627 1201 3684 nsque
1215 3604 1282 3666 coeli
1301 3585 1460 3677 aapwssbffl'

283 3681 437 3741 terminum
451 3687 603 3740 extensum
617 3690 670 3758 est,
706 3682 764 3741 uod
784 3687 881 3742 calum
895 3695 1017 3746 vocatur
1030 3707 1058 3745 v.
1074 3689 1101 3762 8,
1117 3707 1176 3746 non
1197 3686 1312 3764 quidem
1325 3677 1458 3737 oeibtfflb

283 3761 363 3839 quod
376 3761 468 3838 primo
481 3759 529 3819 die
543 3769 670 3820 creatum
705 3762 819 3838 aimus,
835 3772 865 3822 at
885 3783 903 3822 a
923 3774 1000 3824 terra
1018 3765 1194 3842 disfincnrm,
1210 3775 1240 3826 et
1253 3767 1350 3842 quarto
1363 3753 1458 3811 demum

284 3841 426 3901 sideribus
440 3849 630 3919 exornatum
653 3841 841 3919 cedeonem,
856 3843 936 3922 qnod
949 3854 1035 3905 antea
1048 3845 1199 3906 confusum
1214 3855 1243 3905 et
1255 3837 1413 3922 permixtum
1424 3822 1458 3912 ¹¹}

283 3929 378 3981 tuerat
401 3921 432 3982 in
455 3939 551 3980 massa
574 3921 625 3980 illa
648 3921 764 3981 informi
788 3933 922 3983 concreta
944 3945 983 3983 ex
1006 3945 1082 4001 aqua
1102 3933 1131 3984 et
1144 3933 1229 4001 terra,
1244 3919 1318 4002 quod
1331 3909 1458 3989 &llum

285 4001 433 4079 Scriptura
449 3999 519 4060 Oet
539 4001 654 4061 neminie
675 4002 764 4078 venit,
787 4001 864 4062 und'a
886 4006 1011 4063 valamer
1031 4004 1103 4064 Oceli
1123 4013 1223 4082 postea
1237 4005 1363 4062 dicuntm
1375 4008 1398 4045 V·
1417 3981 1454 4038 2⁰·

284 4081 429 4140 Hebraico
444 4097 500 4153 spu
514 4090 642 4158 vocatur,
657 4082 695 4140 ab
709 4084 888 4160 aspersione,
904 4083 951 4142 vel
966 4083 1144 4160 extensione,
1156 4085 1250 4161 qualis
1263 4089 1305 4141 eat
1317 4077 1345 4133 in
1358 4063 1452 4129 Auloet

284 4159 332 4219 vel
344 4160 469 4234 Cortina,
484 4181 542 4238 quo
556 4162 770 4238 pertinentiam
785 4161 862 4222 Psal.
878 4162 934 4221 civ.
949 4167 976 4238 2,
992 4163 1044 4222 ubi
1059 4163 1140 4222 Deua
1156 4163 1261 4224 dicitur
1273 4151 1456 4232 mundutfae·

284 4242 340 4298 lum
365 4241 455 4299 instar
481 4241 613 4300 Contine.
663 4241 726 4300 Neo
748 4241 844 4301 obstat
867 4242 946 4319 qnod
969 4243 1141 4318 Eapansum
1161 4229 1452 4319 v.14,15‚1⁷‚0t¹⁸¹¹¹

284 4319 357 4378 coelo
371 4319 495 4378 ethereo
509 4321 653 4394 tribuitur,
669 4321 701 4378 in
720 4341 778 4398 quo
792 4329 870 4380 astra
889 4321 984 4398 posita
1004 4323 1165 4400 suntquis
1185 4309 1366 4382 diversimode
1378 4301 1409 4360 de
1426 4310 1453 4352 ⁰⁰

282 4397 411 4475 loquitur
427 4397 582 4476 Scriptura,
598 4400 647 4458 vel
660 4400 691 4458 in
704 4409 765 4460 tota
785 4400 937 4460 latitudine
952 4420 1012 4474 sua,
1027 4403 1174 4478 quomodo
1192 4391 1378 4479 complectitur
1388 4368 1452 4455 (limd

282 4477 313 4534 in
327 4477 393 4536 coeli
407 4479 591 4554 aspectabilis
604 4479 720 4538 nomina
733 4480 822 4555 venit,
838 4479 870 4539 id
889 4489 934 4540 est
948 4480 1060 4540 celum
1074 4482 1238 4558 aethereum,
1253 4487 1284 4540 at
1295 4479 1403 4533 meum
1414 4446 1455 4508 iil

1539 4327 1542 4452 l

281 4565 413 4629 respectu
426 4557 516 4632 partis
530 4558 693 4649 superioris,
709 4568 742 4619 ut
754 4559 819 4618 loeo
840 4559 936 4634 dnn,
952 4560 1000 4618 vel
1017 4571 1150 4638 respectu
1163 4557 1305 4621 merione
1317 4569 1343 4606 v.
1355 4543 1456 4665 stup
1541 4581 1542 4584 ,

280 4640 365 4706 P⁸0i⁰
379 4651 469 4702 “quus
483 4654 645 4714 superiores
658 4638 695 4698 ab
708 4638 893 4700 inferioribus
906 4638 1019 4718 dividit,
1035 4661 1064 4700 v.
1081 4643 1108 4716 6,
1124 4645 1153 4704 7.
1194 4641 1259 4718 Quo
1269 4646 1349 4702 sensu
1361 4613 1428 4680 ⁰rdm
