3158 5190
266 313 306 376 80
764 333 856 378 rocus
871 333 1032 382 escuinus.
1290 309 1415 394 [osser.
1431 329 1480 376 vr.

265 474 503 536 labefactandam.
543 475 589 536 Ita
603 475 731 555 apprime
745 476 777 534 in
790 495 840 535 eos
851 476 978 554 quadrat·
987 474 1066 553 quod
1082 476 1209 534 Icariam
1223 473 1259 532 de
1273 473 1417 534 haereticis
1431 475 1483 534 sui

265 555 403 633 temporis
417 555 458 615 sit
471 556 522 616 lib.
537 559 565 631 3,
574 577 644 634 cap.
659 560 687 616 2.
698 605 701 614 .
712 554 783 617 Cum
805 577 843 615 cx
862 557 1025 633 Smpturis.
1038 563 1207 632 mpuuuhor,
1222 555 1252 613 iu
1270 557 1483 614 ucecsctiomm

265 645 463 695 caueantur
473 636 698 713 Sor-optaramus,
709 637 855 713 puerinon
863 647 936 696 recte
946 638 1074 712 luteam,
1087 634 1286 712 nequeuntes
1294 635 1480 694 authoritate.

272 753 497 799 Pontmeiteiiou-
567 717 610 776 II.
633 716 853 777 Observandum
871 725 967 776 autem
982 716 1055 774 alios
1076 715 1184 790 durius,
1206 713 1280 772 ahos
1300 715 1482 773 moderatius

295 813 347 857 rius
355 813 397 856 alii
408 813 504 856 mollius
525 795 556 854 in
583 797 637 855 hac
657 797 816 874 quaestione
837 797 927 874 loqui.
969 795 1093 870 Quidam
1121 795 1197 854 enim
1219 797 1305 875 γυμνῇ
1323 797 1358 875 πῖ
1374 798 1484 874 κεφαλῇ

295 871 436 927 loquuntur.
528 877 683 954 Scriptura
697 879 820 936 attonis
839 876 870 935 in
890 896 921 936 se
943 876 1004 936 sine
1026 875 1191 936 testimonio
1213 874 1353 934 Ecclesia
1367 875 1480 952 simpli-

265 955 338 1016 citer
350 966 501 1033 negarunt,
516 975 570 1014 nec
584 956 687 1035 mojori
700 956 757 1015 tide
771 957 890 1034 dignam
903 963 1085 1030 censuerunt,
1096 955 1230 1014 horresco
1244 952 1380 1030 referens,
1389 973 1482 1031 quam

266 1034 454 1110 Moeranum,
470 1036 568 1095 Titum
584 1036 709 1111 Livium,
725 1036 773 1096 vel
788 1037 895 1114 AEsopi
909 1035 1041 1112 fabulas3
1062 1055 1136 1113 quas
1156 1033 1351 1112 blasphemias
1365 1043 1480 1092 eructa-

265 1115 337 1175 bant
350 1116 401 1193 qui
415 1116 554 1192 superiori
569 1116 665 1175 seculo
686 1116 826 1176 adversus
840 1115 962 1176 Nostros
983 1115 1019 1174 de
1043 1115 1197 1192 Scriptura
1216 1113 1404 1173 Authoritste
1419 1114 1480 1174 dis·

266 1203 368 1273 putare
383 1204 540 1274 coeperunt.
582 1196 646 1270 Quo
660 1196 805 1272 pertinent
817 1196 913 1274 impiae
929 1215 1014 1254 voees
1036 1195 1123 1254 Hosii
1136 1194 1211 1252 libro
1225 1196 1253 1269 3,
1269 1201 1371 1252 contra
1385 1193 1480 1252 Bren-

266 1276 347 1350 tium,
364 1276 413 1353 qui
433 1276 536 1335 asserit
549 1274 597 1352 pio
619 1295 704 1334 sensu
719 1295 803 1353 posse
825 1275 899 1350 dioi;
921 1276 1085 1351 Scripturas
1106 1283 1214 1334 &summ
1233 1276 1329 1332 valere
1342 1283 1482 1350 qwnaan

266 1357 502 1433 AEsopisabulea,
517 1357 544 1413 si
556 1357 742 1414 muniamur
756 1357 891 1415 Ecclesia
911 1355 1098 1414 authoritate:
1139 1352 1225 1412 Eckii
1244 1353 1281 1413 de
1302 1353 1481 1412 authoritate

267 1435 424 1512 Ecelesise3
459 1435 638 1512 Smptuuram
664 1457 721 1494 uon
748 1456 805 1494 esse
832 1437 1025 1510 autenticam,
1052 1435 1107 1492 urii
1129 1434 1265 1492 Ecclesia
1288 1435 1481 1493 authoritate:

267 1515 364 1591 Bayli.
385 1523 499 1575 tractat.
520 1516 539 1574 i.
561 1516 669 1575 catech.
692 1535 720 1593 q,
745 1518 800 1591 123
822 1516 889 1575 Siue
913 1515 1047 1574 Ecclesia
1067 1514 1237 1573 authoritate
1257 1533 1314 1572 non
1336 1514 1430 1590 moyse
1451 1534 1481 1572 sc

266 1596 439 1654 &editurum
465 1595 496 1656 S.
524 1597 662 1654 Mattiaco
684 1617 770 1672 piram
794 1596 856 1654 Tito
880 1595 961 1654 Liuio
983 1594 1161 1672 profitentis:
1203 1591 1349 1650 Andradii
1372 1593 1425 1652 lib.
1450 1597 1479 1652 3.

266 1673 376 1735 defens.
392 1676 479 1735 Cone.
494 1675 584 1735 Trid..
615 1675 698 1734 Nihil
709 1676 796 1734 inesse
814 1675 966 1734 divinitatis
987 1675 1016 1732 io
1029 1675 1063 1732 iis
1077 1674 1155 1732 lau
1168 1673 1266 1751 quibua
1279 1693 1367 1731 swa
1379 1683 1480 1750 myste-

266 1755 315 1814 rio
328 1757 487 1833 consepta
499 1765 570 1832 sunt,
586 1775 636 1814 nce
650 1755 770 1814 inveniri
782 1757 811 1814 ia
824 1757 867 1831 iis,
877 1756 953 1832 pund
964 1775 1016 1813 nos
1029 1755 1163 1830 relietum
1176 1762 1259 1830 ceput
1269 1761 1296 1812 et
1305 1754 1482 1830 ooashisyat

265 1837 309 1894 ud
320 1839 489 1896 eudemum
502 1856 565 1913 quoe
578 1836 608 1894 in
621 1836 885 1908 succurrentem
905 1837 957 1894 scd
967 1835 1102 1894 Ecclesia
1115 1842 1223 1893 tantam
1237 1853 1294 1892 csse
1307 1833 1363 1892 uim
1377 1843 1404 1892 ot
1416 1853 1479 1892 um·

262 1916 438 1992 plitudinem,
453 1926 485 1975 ut
497 1937 577 1976 nomo
589 1917 648 1975 siue
662 1916 790 1974 maxim
802 1916 951 1992 impietates
964 1924 1031 1974 uoto
1044 1933 1206 1990 repugnare
1219 1913 1262 1972 itti
1268 1913 1370 1989 possit.
1413 1913 1480 1972 Sta·

265 1995 375 2074 platoni
389 1996 528 2056 adversus
543 1996 688 2057 Whittak.
702 1995 754 2054 lib.
768 1997 788 2055 i.
803 2016 828 2056 e.
844 2001 871 2054 7.
914 1995 962 2054 Sic
975 1995 1106 2054 attestari
1112 1993 1278 2068 Ecclesium,
1290 2002 1321 2051 ut
1331 2013 1389 2052 nou
1401 2013 1482 2052 secie

265 2077 401 2136 Ecclesioe
415 2078 566 2137 testimonio
580 2079 695 2136 credere
709 2077 863 2151 dommus,
879 2095 914 2134 ao
929 2075 1035 2135 Christi
1044 2075 1196 2133 testimonio
1205 2073 1389 2132 crediderunt
1400 2073 1480 2149 Apo-

265 2158 337 2234 stoli,
353 2167 380 2216 et
392 2179 448 2216 aon
462 2158 542 2217 credi
562 2159 654 2216 Deum
668 2177 725 2214 esse
745 2156 801 2214 nui
813 2165 936 2232 propter
956 2155 1121 2214 Ecclcaiouu
1164 2153 1239 2229 Quia
1258 2172 1329 2211 vero
1344 2153 1401 2210 hoc
1415 2163 1480 2212 tan·

265 2254 353 2313 quam
367 2237 486 2314 impium
500 2247 531 2296 et
543 2236 743 2314 blasphemum
757 2255 775 2294 a
789 2235 903 2296 Nostris
917 2235 1059 2312 exagitari
1072 2253 1126 2294 nec
1140 2233 1201 2292 sine
1216 2232 1327 2292 ratione
1342 2232 1482 2292 viderunt

265 2316 323 2390 ulii,
339 2317 452 2374 cautius
469 2315 583 2393 loquuti
605 2323 680 2391 sunt,
695 2315 737 2374 ita
750 2323 876 2374 mentem
897 2334 979 2374 suam
999 2322 1185 2392 exponentes,
1207 2321 1240 2372 ut
1253 2311 1401 2372 fateantur
1415 2313 1480 2389 qui·

265 2393 331 2452 dem
348 2395 524 2470 Scripturam
535 2395 666 2453 absolute
676 2403 705 2454 et
714 2393 744 2452 in
753 2413 784 2453 se
795 2394 989 2454 authenticam
1000 2413 1064 2454 esse
1075 2404 1104 2455 et
1116 2393 1262 2468 Divinam,
1273 2400 1375 2470 utpote
1386 2413 1405 2450 s
1416 2393 1481 2452 Deo

266 2473 359 2531 omnis
374 2473 504 2533 veritatis
519 2473 597 2534 fonte
612 2473 778 2550 prolectam,
793 2474 846 2533 sed
859 2474 951 2534 velint
965 2482 1062 2533 tamen
1075 2477 1164 2533 relecto
1178 2481 1206 2532 et
1220 2475 1318 2550 proed
1329 2493 1380 2531 nos
1394 2473 1480 2532 istum

265 2553 469 2613 authoritatem
483 2573 541 2613 non
556 2554 685 2614 obtinere
699 2553 756 2612 nisi
776 2562 893 2632 propter
913 2553 1053 2614 Ecclesiae
1074 2551 1278 2628 testimonium,
1294 2553 1379 2630 cujus
1393 2553 1481 2612 bene-

266 2633 332 2692 ficio
346 2633 430 2692 nobis
443 2634 613 2710 innoteseat,
628 2642 658 2693 et
672 2654 689 2693 a
703 2634 787 2693 nobis
801 2644 834 2694 nt
849 2635 957 2693 Divina
974 2634 1137 2713 recipiatur.
1180 2632 1267 2693 Unde
1281 2641 1346 2691 orta
1360 2632 1480 2693 distine-

266 2713 308 2772 tio
324 2712 517 2774 Authoritatie
538 2717 635 2792 quoad
645 2735 675 2773 sc
695 2723 725 2774 et
744 2718 842 2792 quoad
857 2735 916 2789 nos,
931 2734 1019 2792 quam
1039 2717 1150 2773 Bellur.
1165 2713 1216 2772 lib.
1231 2717 1259 2787 2,
1275 2711 1312 2772 de
1327 2712 1438 2773 Concil.
1453 2733 1481 2772 e.

269 2795 320 2932 md
330 2793 449 2932 Stcprlet.
464 2793 566 2854 doctri.
580 2795 701 2874 princip.
716 2815 741 2855 c.
758 2798 783 2871 1,
799 2803 828 2854 et
843 2795 879 2854 de
893 2795 972 2854 auth.
985 2794 1097 2854 Eccles.
1108 2793 1139 2853 li.
1152 2797 1180 2870 2,
1196 2813 1220 2852 c.
1238 2795 1284 2868 11,
1301 2793 1395 2852 etalii
1412 2793 1479 2853 sub-

267 2873 299 2932 in
320 2893 368 2932 ea
389 2883 482 2935 erunt.

308 2954 369 3014 ΙΙΙ.
393 2955 452 3014 Sed
465 2975 637 3034 quoeunque
651 2955 737 3015 modo
752 2963 877 3016 mentem
892 2975 973 3015 suam
987 2955 1142 3033 explicent,
1158 2953 1182 3012 si
1194 2951 1246 3011 rite
1260 2971 1322 3012 rem
1332 2961 1479 3029 putamus,
1563 2981 1564 3026 i

266 3035 378 3112 patebit
391 3035 429 3094 ad
442 3035 540 3096 fucum
560 3035 732 3112 faciendum,
748 3045 777 3095 et
791 3035 929 3094 invidiam
943 3044 1003 3095 tam
1024 3035 1105 3112 impii
1124 3032 1270 3110 dogmatis
1286 3032 1481 3091 amoliendam
1563 3031 1564 3060 ¹

267 3115 373 3193 potius,
388 3136 480 3195 quem-
489 3117 528 3176 ad
541 3117 742 3196 explicandam
756 3116 798 3176 rei
818 3116 969 3176 veritatem
990 3113 1204 3174 distinctionem
1221 3113 1306 3172 istam
1323 3111 1415 3172 fuisse
1429 3133 1480 3171 ex·

268 3196 442 3273 cogitatam:
485 3197 559 3272 Quia
573 3217 639 3257 cum
652 3197 812 3256 authoritas
826 3197 864 3259 sit
877 3215 915 3255 ex
928 3214 1034 3273 genero
1048 3194 1211 3269 relatorum,
1227 3200 1256 3251 ct
1270 3193 1295 3251 'a
1309 3195 1356 3251 reis
1369 3197 1431 3274 πςὶς
1444 3197 1480 3258 τὶ,

268 3293 327 3332 non
341 3275 428 3336 debet
441 3277 572 3336 absolute
593 3277 724 3354 spectari,
747 3275 799 3336 sed
813 3277 919 3352 relate3
940 3276 1040 3352 itaque
1060 3293 1118 3332 non
1132 3281 1228 3352 potest
1246 3269 1396 3350 Scriptura
1417 3293 1481 3333 esse

269 3355 436 3414 authentice
449 3357 479 3414 in
494 3375 534 3431 se,
549 3357 619 3434 quin
634 3357 673 3415 sit
685 3357 773 3416 etiam
787 3355 883 3434 quoad
897 3375 950 3415 nos
962 3377 969 3415 :
984 3374 1050 3414 nem
1061 3375 1126 3432 quse
1137 3360 1307 3431 argumenta
1319 3351 1364 3410 illi
1377 3353 1480 3412 autho·

269 3432 383 3491 ritatem
395 3434 491 3512 quoad
505 3455 536 3493 se
550 3435 713 3511 conciliant,
729 3435 830 3494 eedem
841 3436 947 3494 debent
961 3454 1014 3494 nos
1023 3434 1060 3493 ad
1071 3433 1286 3494 assentiendum
1299 3452 1479 3510 permovere,

270 3520 303 3570 ut
323 3513 419 3589 quoad
443 3533 496 3573 noe
518 3515 555 3573 sit
578 3515 760 3592 authentica;
792 3515 837 3574 sin
858 3534 929 3574 vero
950 3514 1108 3574 authoritas
1132 3513 1287 3592 Scriptura
1307 3511 1405 3590 quoad
1427 3532 1481 3571 nos

270 3592 456 3668 suspenditur
482 3613 500 3652 a
526 3593 691 3653 testimonio
713 3595 861 3670 Ecclesia,
884 3602 917 3654 nt
944 3595 982 3654 sit
1006 3594 1079 3654 ratio
1099 3593 1228 3652 formalis
1254 3601 1481 3671 propterquam

270 3671 356 3731 oredo
372 3672 548 3751 Scripturam
562 3693 625 3732 esse
640 3673 777 3750 dimnam,
792 3694 910 3735 necesse
923 3684 1011 3735 estut
1022 3672 1214 3752 suspendatur
1227 3673 1314 3733 etiam
1327 3671 1425 3749 quoad
1440 3692 1481 3748 se,

270 3751 350 3830 quod
363 3755 456 3832 magis
476 3753 599 3814 rotunde
613 3754 842 3815 sliifatebantur.
885 3754 946 3814 Nec
960 3755 1046 3814 aliam
1060 3774 1124 3813 csse
1143 3753 1271 3832 ipsorum
1290 3760 1418 3811 mentem
1439 3751 1481 3811 fa-

268 3832 327 3892 cile
341 3833 493 3912 colligitur
501 3854 540 3894 cx
553 3834 619 3893 aliis
638 3854 711 3912 quas
731 3835 779 3894 hic
799 3843 918 3895 movent
938 3833 1161 3894 controversiis:
1183 3853 1250 3892 nam
1263 3832 1410 3911 quomodo
1431 3833 1481 3891 vel

270 3912 474 3990 perfectionem
501 3915 574 3992 ejus,
603 3916 651 3974 vel
674 3914 916 3995 perspicuitatem,
943 3913 991 3974 vel
1012 3914 1166 3992 puritatem
1185 3919 1333 3991 negarent
1358 3911 1384 3970 si
1410 3931 1481 3971 vere

270 3993 468 4066 authenticam
479 3995 510 4055 in
521 4015 552 4055 se
566 3994 737 4056 crederent?

572 4075 628 4135 lv.
651 4076 693 4137 Ut
709 4075 808 4136 Statim
823 4074 997 4150 Questionis
1010 4082 1115 4152 pateat
1136 4077 1163 4133 1.
1178 4073 1245 4132 Non
1258 4071 1415 4150 quaritur3
1432 4071 1483 4130 An
1563 4137 1564 4150 ἶ

532 4156 680 4235 Scriptura
696 4156 725 4215 S.
741 4156 780 4216 sit
793 4155 959 4215 authentica
979 4163 1009 4214 et
1030 4153 1147 4230 Divina,
1162 4154 1219 4213 hoc
1232 4153 1309 4213 enim
1330 4171 1390 4211 non
1407 4150 1482 4210 diffi-

530 4246 627 4298 tentur
640 4235 820 4312 Adversarii,
836 4236 885 4294 vel
898 4235 991 4294 videri
1005 4235 1108 4294 volunt
1128 4233 1230 4293 saltem
1251 4230 1377 4292 credere.
1423 4231 1484 4291 Sed
1563 4255 1564 4260 ¹

268 4313 345 4372 unde
359 4321 393 4373 ut
406 4316 473 4375 tslis
486 4317 570 4376 nobis
584 4317 753 4393 innotescat,
769 4335 886 4394 seuque
897 4322 1067 4393 argumento
1081 4313 1166 4374 nobis
1174 4321 1306 4372 constare
1316 4311 1410 4390 possit
1419 4311 1484 4371 hac

268 4392 416 4452 divinitus.
458 4396 604 4455 Pontificii
623 4396 700 4456 enim
720 4395 924 4458 authoritatem
944 4395 1029 4454 istum
1050 4393 1230 4472 suspendunt
1254 4412 1272 4451 a
1301 4391 1482 4450 Testimonio

269 4471 417 4548 Ecclesia,
439 4482 469 4532 et
488 4475 591 4535 volunt
614 4477 790 4555 precipuum
814 4475 964 4551 motivum,
993 4491 1052 4552 quo
1073 4493 1224 4534 movemur
1244 4472 1283 4531 ad
1304 4470 1484 4532 credendum

262 4551 426 4629 Scripturas
446 4555 567 4613 surmio
589 4575 653 4615 esse
678 4556 817 4616 Ecclesiae
842 4574 953 4614 vocem.
994 4555 1057 4613 Nos
1078 4574 1147 4613 vero
1169 4554 1239 4613 licet
1259 4571 1317 4610 non
1339 4571 1484 4628 negemus

264 4629 408 4692 Ecclesiae
422 4633 618 4694 testimonium
633 4655 717 4695 suum
730 4635 836 4696 habere
850 4634 972 4714 pondus,
985 4642 1017 4694 ut
1030 4633 1302 4712 posteavidebitur3
1326 4630 1486 4692 staudmus

307 4137 392 4186 Status
403 4141 483 4193 Quas·

344 4199 426 4248 tionis.
