3152 5178
259 344 318 400 224
735 358 976 402 noousrnnrrus.
1260 337 1465 420 [cussum.

258 500 425 560 Abrslsemo
439 501 609 579 posteritss;
629 508 664 562 ut
676 501 812 562 formavit
826 500 973 561 Adnmum
986 519 1025 560 ox
1039 504 1124 576 term,
1138 498 1181 559 sic
1194 519 1234 559 cx
1247 497 1386 578 lapidibus
1403 522 1464 583 po·

258 588 315 640 test
329 581 404 640 filios
418 581 556 640 suscitare
570 580 748 657 Abruhemo,
762 601 821 640 non
835 581 966 641 cernelcs
980 580 1032 639 sed
1042 579 1226 658 spirituales,
1247 579 1306 640 Vel
1315 583 1466 658 prouerbi-

258 661 341 720 nliter
354 669 384 720 et
396 661 590 739 hyperbolice,
605 661 751 740 quomodo
764 661 900 721 dicunnu
913 661 1021 738 lapides
1034 660 1193 735 domm
1210 659 1282 718 Luc.
1296 661 1356 720 xix.
1369 665 1414 738 40,
1425 672 1467 722 ut

256 741 392 799 innuatur
406 742 501 801 Deum
515 761 600 820 posse
613 741 716 800 mediis
730 741 973 817 extraordinariis,
989 748 1019 800 et
1035 748 1140 818 prseter
1152 748 1264 798 neturae
1277 759 1388 800 cursum
1407 761 1465 820 po-

256 821 357 899 pulum
372 821 427 880 sibi
441 822 587 900 colligere.
629 823 677 881 Ite
689 822 737 881 hic
750 823 879 900 potentis
891 829 1008 881 notetur
1021 819 1163 896 absolute,
1175 839 1241 898 qun
1256 820 1364 880 scilicet
1376 840 1465 899 supe-

256 909 302 960 ret
315 901 445 960 ordinem
458 901 489 960 in
502 910 606 961 nenne
618 901 816 979 constitutum,
837 921 896 961 uon
908 921 978 960 vero
998 899 1130 976 ectuelis,
1144 919 1211 978 ques
1231 899 1320 959 telem
1333 900 1466 962 udinem

256 981 393 1040 observet
407 990 436 1041 et
450 982 588 1060 sequitur.

296 1061 392 1120 XXI.
414 1062 554 1136 Quemvis
567 1062 664 1120 omnia
677 1081 764 1140 opere
778 1060 834 1120 Dei
847 1061 906 1121 sint
918 1059 1008 1135 finite,
1021 1079 1076 1119 nec
1089 1058 1182 1118 ullum
1195 1058 1341 1118 infinitum
1352 1067 1418 1120 ectu
1431 1070 1468 1121 et

255 1142 370 1219 proprie
394 1141 503 1202 dictum
517 1161 534 1201 e
549 1143 613 1202 Deo
634 1142 697 1202 fieri
712 1141 822 1219 possit;
844 1161 903 1199 non
923 1148 1075 1218 propterea
1095 1139 1237 1199 limitetur
1257 1139 1469 1218 omnipotentie

257 1221 321 1297 Dei,
338 1221 406 1299 quin
419 1241 478 1281 non
491 1222 598 1282 desinit
610 1242 673 1281 esse
687 1221 806 1296 infinite,
821 1229 883 1280 tum
900 1219 1023 1280 msentioe
1035 1227 1175 1298 respectu,
1192 1239 1259 1280 cum
1272 1239 1331 1297 que
1344 1239 1467 1280 conver·
1560 1269 1561 1306 ,

256 1301 335 1376 titur,
351 1311 412 1361 tum
432 1311 565 1382 respectu
585 1303 663 1361 modi
682 1302 829 1379 operandt
849 1301 899 1379 qui
920 1301 952 1359 in
974 1300 1109 1378 operibus
1122 1299 1212 1358 finitis
1226 1299 1357 1360 infinitus
1375 1300 1470 1361 debet
1560 1315 1561 1337 ¹

257 1401 330 1457 esse,
346 1381 408 1440 sive
421 1391 538 1460 propter
551 1381 692 1441 infinitam
705 1381 873 1441 distantiam
892 1381 968 1439 inter
981 1399 1033 1439 ens
1046 1388 1077 1439 et
1095 1378 1186 1455 nihi13
1208 1379 1271 1438 sire
1285 1378 1355 1456 quis
1367 1379 1467 1439 inlini·

256 1468 318 1519 tum
332 1461 493 1520 necessario
507 1463 596 1521 stetini
610 1461 696 1520 debet
716 1481 814 1539 egens,
830 1461 878 1521 cui
898 1461 971 1518 nihil
984 1460 1015 1518 iu
1029 1459 1109 1537 quod
1128 1467 1198 1536 sgst
1210 1461 1466 1537 prmsupponitur3

256 1548 318 1600 tum
331 1549 463 1618 respectu
478 1543 652 1617 objectorum,
667 1561 732 1619 que
745 1549 868 1619 possunt
881 1540 940 1600 dici
953 1539 1073 1614 infinite,
1088 1559 1148 1598 nou
1162 1547 1231 1598 ectu
1243 1539 1297 1598 sed
1309 1539 1449 1616 potentin.

297 1619 409 1678 XXII.
432 1620 594 1680 Potentiam
608 1622 683 1680 hnnc
696 1619 838 1680 infinitam
852 1640 934 1680 suem
949 1621 1029 1680 Deus
1043 1627 1168 1693 exercet,
1178 1619 1228 1677 vel
1240 1619 1362 1678 mediate
1375 1620 1465 1678 inter·

254 1708 345 1758 ventu
359 1719 509 1759 causarum
523 1701 721 1775 secundarum,
736 1701 842 1777 quibus
862 1710 1000 1778 tunquam
1020 1698 1218 1759 instrumentis
1230 1699 1325 1758 utitur
1337 1699 1375 1758 sd
1394 1719 1465 1778 ope·

255 1779 393 1856 rendum3
415 1780 464 1838 vel
477 1781 643 1855 immediate,
652 1801 742 1858 quum
757 1781 838 1841 Deus
851 1800 903 1859 per
911 1781 1038 1859 seipsum
1048 1779 1110 1838 sine
1121 1778 1186 1837 eliis
1200 1778 1297 1838 oensis
1310 1789 1465 1857 opemtur;

254 1859 342 1936 priori
356 1879 443 1919 seusu
457 1860 538 1920 Deus
550 1861 709 1938 potentiam
729 1880 812 1921 susm
825 1860 918 1920 exerit
937 1859 968 1918 in
988 1859 1081 1937 gredu
1100 1857 1192 1934 finito,
1206 1858 1276 1936 quie
1288 1878 1349 1918 non
1367 1868 1467 1936 potest

255 1940 465 2000 communione
478 1941 615 2002 virtutem
630 1961 712 2001 sunm
726 1949 863 2002 creature
876 1940 933 2000 nisi
945 1941 976 1998 in
990 1937 1083 2017 gmdu
1100 1937 1192 2015 linito,
1207 1938 1291 2015 cujus
1304 1958 1398 2016 ceper
1418 1949 1466 1998 est

254 2028 404 2097 creeture;
425 2041 455 2080 v.
470 2041 499 2099 g.
521 2041 611 2099 quum
631 2021 790 2100 potentiam
811 2040 893 2080 suem
913 2019 1006 2080 exerit
1020 2019 1101 2078 Deus
1121 2018 1152 2076 in
1165 2018 1323 2077 nutritione
1337 2019 1466 2078 hominis

254 2119 306 2176 per
319 2101 400 2160 cibos
412 2102 592 2194 :posteriori
606 2121 693 2164 sensu
706 2102 786 2195 illem
799 2100 893 2161 exerit
905 2099 1017 2194 infinito
1029 2099 1125 2192 modo,
1141 2099 1211 2176 quic
1223 2097 1304 2158 solus
1317 2107 1466 2178 opemtun

255 2181 1210 2339 ‘¹‘till{titiillptttlttltvttttldltn
1223 2257 1266 2317 se
1279 2266 1398 2336 propes
1417 2277 1465 2317 ss.

253 2340 440 2414 pugnantiam
455 2340 650 2414 terminorum,
666 2359 753 2418 quem
773 2361 791 2398 e
810 2347 891 2417 perte
906 2340 972 2416 Dei,
987 2339 1018 2397 in
1038 2357 1095 2416 qno
1108 2337 1189 2397 nulls
1208 2338 1389 2415 impotentia,
1411 2339 1467 2398 sed

254 2436 367 2475 summe
379 2418 472 2478 virtus
486 2427 516 2478 et
528 2419 665 2497 perfectio
679 2427 831 2496 propterea
850 2427 985 2479 notetur:
1015 2426 1113 2478 temen
1132 2415 1205 2478 nihil
1218 2427 1265 2476 cst
1282 2417 1467 2494 impossibile

253 2515 272 2554 e
284 2505 364 2574 perte
379 2497 429 2572 rei,
444 2495 523 2575 quod
543 2517 602 2556 nou
622 2498 661 2557 sit
674 2497 761 2556 etiem
781 2498 839 2556 tulo
852 2517 870 2556 s
882 2506 964 2576 perte
979 2498 1044 2573 Dei,
1060 2507 1093 2558 ut
1106 2496 1245 2576 quicquid
1257 2497 1397 2574 possibile
1417 2498 1466 2556 di·

254 2575 336 2651 citur,
351 2595 410 2635 non
423 2577 464 2636 ite
477 2585 599 2636 vocetur
612 2597 630 2634 e
642 2585 723 2656 perte
736 2578 779 2636 rei
797 2577 973 2656 simpliciter,
989 2579 1072 2655 quasi
1092 2577 1277 2648 intrinsecam
1290 2577 1398 2638 hebeat
1411 2597 1465 2637 en·

252 2655 364 2714 titetem
379 2656 409 2713 in
423 2677 454 2716 so
468 2657 505 2715 nb
519 2665 635 2732 eterno,
650 2656 859 2736 quodquidam
872 2657 948 2716 mele
962 2658 1135 2733 voluerunt3
1157 2656 1210 2716 sed
1221 2676 1241 2716 ι
1253 2665 1336 2734 perte
1355 2657 1421 2733 Dei,
1433 2668 1468 2718 et

253 2745 385 2812 respectu
398 2737 534 2814 potentie
548 2736 670 2815 egentis,
684 2746 828 2816 quatenus
840 2737 979 2815 possibile
992 2737 1067 2796 illud
1080 2737 1193 2813 dicitur,
1208 2735 1288 2814 quod
1300 2757 1393 2815 egens
1403 2738 1466 2817 pri·

253 2817 683 2975 mupnpptpstsprfflppffl
696 2895 789 2956 fecere
803 2895 947 2956 infinitum
962 2895 1068 2957 nctusli
1082 2896 1252 2956 extensione
1275 2903 1307 2955 et
1329 2915 1462 2972 numero,
1560 2863 1561 2888 ἶ

254 2974 312 3034 telo
326 2984 410 3052 esset,
425 2978 506 3055 quod
517 2977 638 3038 heberet
651 2979 850 3038 extensionem
864 2977 1007 3037 ectuelem
1020 2975 1170 3052 infinitum,
1186 2975 1235 3034 vel
1248 2995 1402 3036 numerum
1416 2997 1462 3036 re-

254 3075 325 3114 vere
338 3056 500 3134 infinitum;
523 3058 565 3117 sic
579 3057 716 3118 darentur
728 3059 812 3136 plura
825 3065 891 3116 ectu
901 3065 931 3116 et
943 3077 1045 3116 revere
1057 3055 1178 3132 infinite,
1194 3055 1253 3115 imo
1274 3055 1388 3133 eliqnid
1401 3065 1463 3116 tem

254 3155 368 3213 maguae
382 3137 568 3215 extensionis,
583 3139 632 3198 vel
645 3138 720 3198 tenti
732 3137 853 3212 numeri,
878 3137 925 3196 cui
950 3137 1031 3196 Deus
1055 3135 1180 3213 adjicere
1203 3155 1264 3195 uou
1286 3143 1388 3213 posset
1411 3137 1463 3196 rol
1560 3183 1561 3186 ,

253 3215 402 3292 unitatem,
417 3219 466 3277 vel
479 3218 718 3294 unumcubitum,
733 3237 799 3277 cum
821 3216 849 3276 ei
870 3215 950 3294 quod
972 3224 1017 3275 est
1036 3215 1182 3274 infinitum
1205 3223 1273 3274 notu
1294 3216 1370 3276 nihil
1390 3217 1462 3276 eddi
1560 3215 1561 3252 ³

253 3295 354 3386 possit,
369 3297 449 3432 pnpd
462 3317 547 3357 nemo
560 3317 619 3357 nou
632 3298 714 3358 videt
726 3296 964 3358 nbnudiseimum
976 3315 1058 3371 esse3
1075 3295 1139 3354 Imo
1151 3295 1318 3388 Creenrrem
1333 3297 1462 3374 aliquem

254 3372 953 3517 {insinuemuttittttuffl
973 3394 1102 3451 ”fflm’
1125 3382 1186 3434 ²⁸³²
1208 3375 1348 3454 ΜΡΝ
1372 3395 1462 3454 ,m

295 3531 403 3624 mxv.
426 3534 588 3612 Propositio
602 3537 666 3612 iste,
681 3539 777 3595 Deum
793 3557 877 3614 posse
891 3537 999 3611 sollers
1021 3535 1049 3592 si
1069 3535 1142 3610 velit
1161 3534 1226 3593 licet
1237 3555 1297 3626 'nec
1312 3537 1387 3611 velit,
1410 3557 1461 3596 nec

248 3620 340 3688 possit
350 3615 427 3689 uelle,
441 3633 614 3692 quecunque
627 3615 862 3694 interpretntioue
875 3615 1045 3692 emollietur,
1063 3623 1201 3692 tcnquem
1214 3615 1301 3674 nimis
1316 3615 1408 3676 crude
1429 3626 1458 3676 et

253 3691 422 3769 periculose,
438 3693 496 3752 imo
510 3695 665 3755 otveritsti
678 3695 715 3754 de
731 3697 794 3756 Deo
807 3697 838 3755 in
854 3697 1001 3772 Scriptura
1024 3694 1138 3754 treditse
1161 3703 1259 3772 operte
1281 3713 1459 3773 repugnsns,
1560 3711 1561 3762 J

253 3771 356 3832 merito
369 3773 512 3850 rejicitur:
549 3774 663 3852 Quinsi
678 3777 758 3836 Deus
771 3783 867 3854 potest
880 3775 987 3850 sellem,
998 3783 1091 3851 potest
1104 3773 1190 3834 etism
1211 3775 1327 3834 mendi-i
1346 3785 1375 3834 et
1393 3795 1458 3852 pec-

253 3871 321 3910 carc
333 3852 360 3910 si
370 3855 442 3929 velit,
457 3853 535 3932 quod
548 3855 764 3933 perfectissime
778 3857 841 3934 ejus
852 3855 967 3914 veritati
980 3861 1011 3914 ct
1023 3854 1170 3914 sanctitati
1179 3853 1359 3931 edversmur,
1371 3865 1461 3932 etque
1560 3861 1561 3864 ’

253 3930 319 3990 ideo
330 3929 444 4010 jamdiu
458 3933 625 3995 demnatum
647 3945 692 3996 est
713 3945 851 4013 tunquam
874 3934 1073 4012 blasphemum
1095 3934 1127 3992 in
1151 3933 1361 4010 Scholasticis3
1383 3935 1460 3996 Nem
1560 3969 1561 3972 ¹

254 4010 376 4072 alterum
389 4014 488 4073 verbis
501 4013 608 4090 sellem,
624 4016 696 4094 quid
711 4014 791 4075 uliud
809 4022 854 4074 est
874 4034 962 4092 quem
985 4013 1110 4090 mentiri,
1135 4021 1187 4074 unt
1208 4012 1314 4072 fulsum
1337 4013 1461 4076 dicere?
1560 4021 1561 4056 l

253 4090 320 4150 ideo
334 4093 359 4151 si
373 4101 468 4170 potest
482 4095 563 4154 Deus
577 4096 675 4155 fellere
688 4096 794 4170 verbis,
810 4102 906 4171 potest
918 4103 948 4152 et
960 4093 1085 4169 mentiri,
1100 4092 1180 4170 quod
1192 4112 1330 4171 expresse
1349 4115 1459 4172 repug·
1560 4090 1561 4158 i

253 4179 305 4230 unt
319 4173 483 4251 scripturn
498 4175 557 4235 Tit.
571 4176 590 4235 i.
605 4181 633 4250 2,
650 4176 727 4235 Heb.
741 4176 781 4234 vi.
799 4177 844 4249 18,
860 4182 889 4233 et
902 4181 1013 4232 neturus
1021 4173 1086 4248 Dei,
1102 4175 1133 4232 iu
1143 4191 1202 4250 que
1214 4193 1268 4232 nec
1281 4191 1347 4234 esse
1361 4184 1461 4251 potest
1560 4159 1561 4204 ³

250 4249 422 4328 ignorantie,
437 4275 491 4314 uec
504 4275 583 4315 error
592 4255 705 4334 judicii,
721 4275 774 4314 nec
787 4253 904 4328 melitis,
919 4273 973 4313 nec
986 4253 1097 4330 aliquid
1107 4252 1173 4328 tele,
1185 4251 1459 4314 undememlncium
1560 4255 1561 4258 ’

252 4329 393 4406 originem
418 4332 507 4394 ducit
550 4335 613 4394 Imo
641 4335 666 4394 si
689 4335 746 4394 hoc
766 4333 935 4408 diceremus,
956 4332 1051 4392 dicere
1074 4333 1160 4392 ctimn
1183 4351 1336 4410 possemus
1361 4333 1460 4393 Deum

251 4425 337 4482 posse
350 4409 413 4470 lieri
425 4433 483 4471 non
499 4415 602 4489 Deum,
617 4414 752 4474 horresco
764 4413 909 4490 refereus3
924 4411 993 4490 quie
1006 4413 1032 4472 si
1045 4412 1128 4472 Deus
1140 4419 1239 4490 posset
1250 4409 1362 4489 fellere,
1375 4413 1459 4473 Deus

251 4496 350 4560 posset
363 4509 490 4567 peccere,
506 4493 532 4551 si
544 4502 642 4570 posset
655 4513 781 4572 peccem,
796 4503 895 4572 posset
907 4492 971 4552 fieri
983 4512 1042 4554 nou
1065 4493 1155 4568 Deus,
1180 4491 1248 4570 quie
1268 4492 1321 4568 qui
1344 4503 1457 4570 peccet,

252 4563 301 4653 yol
312 4583 432 4656 peccare
446 4580 541 4646 potest
554 4593 613 4632 non
627 4583 671 4633 cst
685 4574 775 4633 Deus.
817 4577 846 4632 2.
868 4573 949 4632 Deus
962 4593 1014 4650 per
1026 4573 1193 4647 bonitatem,
1219 4571 1405 4632 sanctitatem
1427 4583 1458 4632 et

248 4645 391 4713 Jusnnsm
402 4666 484 4707 suern
497 4653 599 4729 nequit
611 4652 670 4720 dici
684 4673 769 4731 posse
783 4652 877 4713 fecere
890 4653 1006 4729 melum,
1020 4652 1162 4731 injustum
1175 4661 1205 4712 et
1217 4651 1375 4730 inpurum,
1400 4652 1458 4716 elei
