3174 5174
720 346 812 388 uoces
827 327 979 388 samnius.
1270 327 1398 412 [ouant.
1414 349 1458 394 vr.

709 566 904 643 Q'UAESTIO
924 565 981 626 VI.

508 784 510 794 ,
590 746 631 786 DE
645 745 893 788 aeramutonrsus
908 743 1102 786 stomoma.

242 891 347 958 Quales
353 889 467 966 fierint
478 887 652 966 Angelorum
665 887 866 966 apparitiones,
882 895 910 946 et
928 905 1058 964 quaram
1078 907 1203 964 smpoeu
1222 891 1454 968 astupeant!

279 1049 305 1108 Ι.
327 1049 394 1107 Νοιι
407 1047 553 1126 quaeritur,
569 1044 620 1105 An
634 1045 744 1124 Angeli
757 1047 923 1107 hominibus
937 1047 1140 1125 apparuerint3
1161 1047 1249 1108 toties
1262 1049 1341 1108 enim
1352 1051 1452 1130 Serip-

237 1128 418 1189 tusatalium
439 1128 650 1206 apparitionum
672 1126 893 1205 meminitque
906 1127 956 1186 vel
978 1127 1153 1188 Patriarcbis
1174 1137 1242 1187 ante
1263 1129 1385 1208 Legem,
1401 1133 1453 1192 vel

239 1208 374 1268 Patribus
389 1209 443 1268 sub
458 1208 548 1285 Lege,
562 1207 611 1267 vel
625 1207 733 1267 sanctis
745 1207 912 1266 hominibus
925 1207 956 1266 in
970 1207 1008 1267 N.
1022 1206 1111 1283 Tast,
1121 1206 1260 1268 exhibita
1273 1209 1401 1288 fuerunt,
1417 1222 1452 1272 ut

238 1297 322 1350 extra
335 1307 450 1347 omnam
464 1287 653 1348 dubitationis
667 1289 760 1346 aleam
773 1288 829 1347 hoc
848 1286 977 1366 positum
990 1287 1047 1363 sin
1071 1285 1130 1346 Sed
1143 1287 1245 1365 quales
1262 1289 1372 1352 iruerint
1384 1293 1451 1354 isti·

237 1367 352 1428 mmodi
365 1367 567 1446 apparitiones,
582 1377 612 1426 et
625 1367 723 1446 qualia
737 1387 865 1445 corpora,
881 1387 946 1445 quse
959 1366 997 1427 ab
1011 1365 1137 1445 Angelis
1158 1379 1308 1448 assumpta
1321 1380 1399 1449 arnt,
1415 1383 1451 1434 ut

238 1455 632 1606 offiappppppptiegimus
650 1529 869 1604 ὶγγιλοφιηιᾶη
900 1525 1048 1620 Quaedam,
1060 1547 1128 1605 quae
1148 1527 1180 1587 in
1198 1528 1306 1588 somnio
1326 1529 1446 1608 fiebant,

237 1609 332 1686 qualis
346 1608 369 1668 J
370 1608 461 1668 acobo
474 1607 598 1685 contigit
610 1607 641 1666 in
654 1607 766 1671 visione
780 1607 866 1667 scalae
879 1615 1019 1684 mysncse,
1036 1609 1214 1686 “perquam
1227 1609 1303 1668 vidit
1311 1610 1448 1689 Angelos

237 1688 426 1749 ascendentes
447 1695 476 1746 at
496 1686 735 1764 descendentes,²'
751 1687 827 1747 Gen.
847 1685 951 1748 xxviii.
968 1689 1024 1763 123
1047 1686 1186 1766 Josepho,
1209 1688 1258 1748 cui
1279 1689 1446 1768 “Angelus

239 1768 357 1827 Domini
376 1767 510 1844 apparuit
530 1767 561 1825 in
581 1767 723 1843 somnio,’'
738 1765 827 1827 Mart.
847 1767 867 1826 i.
889 1767 947 1843 203
979 1773 1009 1826 at
1024 1765 1125 1843 Paulo,
1142 1769 1160 1802 “
1171 1769 1219 1828 cui
1231 1777 1316 1828 necta
1328 1769 1445 1831 adstitit

238 1847 373 1926 Angelus
388 1847 445 1906 Dei
460 1847 568 1924 dicens,
584 1847 629 1906 Ne
651 1855 748 1908 metue
769 1846 889 1922 Paule,”
904 1845 973 1905 Act.
990 1847 1084 1905 xxvii.
1099 1851 1148 1908 23.
1189 1847 1267 1907 Aliae
1287 1849 1319 1907 in
1337 1850 1443 1911 anona

236 1947 315 1987 mere
329 1928 461 2004 exano,
476 1928 578 2004 quales
592 1926 758 2006 obtigerunt
769 1947 845 2006 saepe
857 1925 1009 2005 Prophetis
1020 1935 1050 1987 et
1059 1927 1082 1987 J
1083 1926 1191 1986 ohanni
1202 1927 1234 1986 in
1243 1928 1444 2008 Apocalypsi3

237 2008 296 2068 Vel
309 2008 340 2066 in
355 2008 456 2067 nimae
475 2008 603 2082 semibrli,
618 2016 648 2068 et
668 2005 811 2088 ejusmodi
825 2005 920 2086 speeie
935 2025 1006 2086 ‹quae
1019 2005 1051 2066 in
1071 2007 1171 2067 oculos
1194 2007 1362 2086 incurreret,
1377 2030 1445 2088 quat

237 2087 405 2148 videntibus
419 2095 449 2148 et
458 2087 648 2166 vigilantibus
657 2087 824 2149 hominibus
833 2085 1048 2164 contingebant,
1060 2087 1162 2164 quales
1170 2087 1288 2148 luerunt
1297 2089 1445 2168 pleresque

236 2169 432 2247 apparitiones
445 2167 622 2228 Patriarchis
635 2166 783 2229 exhibita.
824 2165 861 2225 ln
873 2167 975 2246 primis
988 2166 1214 2246 apparitionibus
1227 2187 1287 2226 uon
1300 2189 1376 2247 opus
1389 2169 1446 2230 fuit

236 2248 433 2325 assumptione
447 2267 607 2326 corporum,
622 2248 691 2325 quia
703 2268 756 2326 per
769 2245 929 2325 simplicem
941 2251 1116 2328 χςιιμτιηιὶν
1126 2248 1198 2308 citra
1206 2247 1306 2308 forma
1317 2249 1444 2327 alicujus

236 2325 505 2387 determinationem
518 2327 658 2387 revelatio
671 2325 734 2388 lieri
747 2327 858 2406 potuit;
881 2347 936 2386 nec
956 2327 1043 2386 etiam
1063 2327 1093 2386 in
1107 2327 1268 2388 visionibus
1285 2329 1442 2408 extaticis;

239 2405 298 2466 Sed
311 2407 343 2464 in
357 2407 430 2482 aliis,
446 2427 566 2484 corpora
580 2408 617 2466 ab
631 2407 702 2485 ipsis
716 2408 824 2468 assumi
838 2406 1008 2483 debuerunt,
1023 2415 1056 2466 ut
1069 2405 1123 2466 nub
1138 2407 1233 2485 specie
1244 2407 1377 2468 sensibili
1389 2410 1443 2468 ho-

235 2485 362 2546 minibus
376 2494 555 2564 apparerent,
570 2493 600 2544 st
614 2485 650 2545 de
664 2485 728 2546 istis
740 2487 924 2564 potissimum
938 2487 1094 2566 quaritur3
1116 2485 1166 2546 An
1180 2507 1250 2546 vera
1263 2507 1386 2568 corpora
1405 2489 1444 2550 ab

235 2565 306 2643 ipsis
320 2571 468 2642 assumpta
481 2563 596 2640 firennt,
612 2573 641 2624 ct
655 2565 808 2643 quomodo.

276 2645 337 2703 111.
361 2645 494 2721 Corpore
507 2652 603 2704 autem
617 2647 681 2722 ista,
697 2645 727 2704 in
741 2645 847 2724 quibus
861 2645 1046 2724 apparabant,
1061 2665 1115 2706 nec
1128 2655 1210 2706 crant
1219 2645 1319 2707 inania
1329 2657 1445 2728 spectra

234 2733 265 2784 et
278 2725 487 2802 phantesmata,
503 2725 609 2801 quibus
621 2725 788 2786 hominibus
801 2724 965 2804 illuderent,
980 2746 1035 2786 nec
1047 2745 1167 2804 corpora
1179 2727 1296 2805 propria
1309 2728 1367 2788 sibi
1387 2730 1443 2808 hy·

235 2804 375 2882 pontatica
399 2805 489 2880 nnita,
505 2804 558 2864 sed
581 2806 748 2866 oecoaomicn
771 2813 802 2866 et
825 2806 998 2883 mutuatitia,
1014 2827 1052 2866 ex
1076 2805 1133 2865 Dei
1150 2807 1327 2886 praescripto,
1350 2808 1443 2869 libera

193 2889 205 2912 '
235 2885 393 2962 voluntate,
408 2884 569 2962 ministerii,
580 2885 659 2964 qnod
673 2887 744 2966 ipsis
754 2885 990 2962 demandabatur,
999 2885 1157 2966 peragendi
1169 2887 1265 2964 gratia
1277 2887 1316 2948 ad
1327 2897 1443 2969 tempus

235 2984 334 3024 assum
354 2971 393 3025 ta.
1067 3003 1077 3011 -

277 2985 459 3121 IV.pQualia
472 3053 568 3106 autem
582 3044 633 3106 illa
646 3043 760 3123 fuerint,
776 3053 805 3106 et
825 3043 902 3106 unde
916 3054 1072 3124 assumpta,
1088 3045 1139 3108 An
1158 3067 1197 3106 ex
1216 3045 1317 3124 nihilo,
1334 3049 1384 3108 vel
1404 3069 1442 3110 err

235 3125 356 3185 materia
379 3127 477 3204 aliqua
499 3127 672 3205 prejacente
686 3125 738 3186 scd
761 3124 891 3202 inhabili,
913 3125 1038 3202 condita,
1053 3125 1104 3184 An
1125 3146 1164 3185 ex
1184 3126 1362 3188 condensato
1376 3137 1443 3190 atre

235 3214 334 3282 aptata
347 3213 376 3266 et
390 3216 599 3283 coagmentata,
616 3206 665 3265 Au
679 3225 749 3266 vero
763 3225 801 3266 cx
815 3205 873 3264 slis
885 3205 983 3284 aliqua
995 3206 1116 3266 mmeria
1126 3213 1283 3300 compacta,
1294 3209 1443 3270 curiosum

234 3292 280 3376 cst
294 3305 430 3378 quarere,
441 3294 470 3345 et
483 3286 827 3380 temerarium-Scriptum
839 3293 952 3379 tacente
961 3285 1089 3363 delinire,
1101 3292 1131 3345 et
1144 3293 1234 3346 sanus
1248 3295 1293 3346 est
1306 3287 1442 3366 ignorare

234 3383 548 3520 smpcrppppeporppprp
556 3367 998 3528 silbugeulbsoaepdldgiffigisse,
1013 3445 1076 3504 sive
1089 3465 1124 3504 ea
1138 3443 1174 3505 de
1188 3466 1266 3505 novo
1279 3465 1297 3505 a
1310 3445 1374 3506 Deo
1384 3445 1438 3506 im·

233 3518 358 3579 mediate
372 3521 490 3580 condita
502 3522 617 3599 fuerint,
633 3524 696 3582 siva
709 3523 816 3583 fuerint
830 3543 949 3603 corpora
969 3523 1118 3584 homiuum
1132 3525 1296 3586 virentium
1304 3526 1367 3606 jam
1387 3547 1439 3586 ex·

233 3598 358 3676 istentia,
373 3599 483 3678 inqua
497 3600 608 3680 delapsi
622 3603 750 3662 actiones
770 3603 912 3680 quasdam
930 3605 1123 3664 oeconomicas
1141 3615 1321 3686 peragerent,
1337 3625 1441 3668 aversa

233 3679 375 3758 tantisper
387 3699 487 3740 eorum
507 3699 629 3758 qnorum
650 3691 733 3742 eraut
752 3683 912 3761 phantasia
931 3691 965 3743 ut
984 3684 1040 3763 ipsi
1059 3683 1212 3762 nescirent,
1227 3685 1300 3763 quid
1312 3685 1344 3744 in
1358 3705 1391 3746 ee
1411 3697 1441 3748 et

233 3779 286 3837 per
299 3779 330 3820 se
343 3759 433 3836 lieret,
448 3761 550 3838 negari
563 3781 622 3820 nou
635 3769 748 3840 potest;
774 3769 805 3828 et
825 3783 843 3822 o
879 3763 1007 3823 redense
1020 3763 1201 3841 Angelorum
1215 3765 1325 3829 inistis
1338 3786 1374 3825 co

233 3839 322 3916 ribus,
338 3848 369 3900 ct
381 3841 526 3919 colloquia
545 3861 610 3920 qua
633 3841 704 3920 ipsis
724 3841 754 3901 in
853 3841 941 3902 abant
960 3863 1026 3903 cum
1044 3845 1219 3922 hominibus,
1234 3853 1264 3905 et
1277 3785 1439 3922 00an

234 3919 305 3980 satis
319 3927 462 3981 testantur
473 3943 480 3997 3
502 3921 548 3981 Ne
562 3921 656 3996 dicam
671 3931 835 3982 sanctornm
848 3921 987 3983 Virorum
1000 3943 1103 3984 sensns
1116 3943 1217 3986 omnes
1230 3925 1305 3984 bene
1316 3925 1440 4004 disposi-

233 4007 288 4075 tes,
304 4019 358 4059 nec
371 4000 432 4060 ulla
445 4020 522 4060 vana
534 4001 741 4080 imaginatione
754 4001 871 4062 delusos
884 4003 940 4062 hoc
953 4003 1117 4081 agnovisse,
1132 4005 1174 4064 ne
1186 4013 1219 4066 ut
1232 4024 1285 4083 pro
1298 4005 1378 4066 veris
1388 4006 1439 4066 ho

233 4079 360 4139 minibus
374 4100 432 4139 uon
447 4080 536 4140 semel
549 4081 642 4142 habiti
655 4081 722 4142 sint.

275 4157 331 4218 Vl.
353 4159 400 4219 Its
421 4167 519 4219 mmen
539 4160 615 4220 uniti
638 4171 720 4221 crant
739 4161 798 4221 illis
818 4160 993 4240 corporibus,
1008 4171 1042 4222 ut
1054 4171 1206 4243 propterea
1224 4163 1358 4225 homiues
1371 4177 1442 4225 vcra

232 4235 292 4296 dici
305 4258 364 4297 non
376 4239 531 4317 potuerint,
546 4241 616 4318 quia
629 4241 694 4300 nain
707 4261 766 4300 uon
779 4250 842 4301 erat
849 4243 1011 4320 pomaeo
1022 4251 1054 4303 et
1067 4244 1186 4321 isarna,
1202 4245 1297 4322 qualis
1310 4253 1358 4304 est
1377 4245 1438 4304 ani·

233 4335 288 4376 ma
302 4325 332 4377 et
345 4319 481 4396 corporis,
497 4317 681 4380 sedentem
701 4327 732 4381 et
744 4320 931 4397 acddentalis,
946 4321 984 4380 ad
997 4321 1116 4383 modum
1121 4327 1289 4399 sermm
1308 4325 1437 4384 assatae

232 4396 309 4472 tiam,
319 4396 358 4456 ad
368 4417 400 4457 se
409 4398 644 4477 manifestandos,
654 4407 687 4460 ut
696 4407 823 4461 motorea
836 4401 975 4462 uniunhrr
981 4401 1091 4479 mobili,
1101 4423 1221 4484 corpora
1233 4403 1286 4464 illa
1299 4412 1437 4482 tanquam

232 4485 329 4538 vestes
340 4475 486 4537 induendo
496 4487 527 4538 et
536 4477 716 4557 deponendo,
727 4488 761 4541 nt
770 4481 812 4540 ait
820 4481 948 4560 August,
954 4481 1061 4560 quibus
1071 4491 1221 4544 uterentus
1228 4483 1268 4544 ad
1277 4484 1437 4544 ministeria

232 4570 293 4626 sua,
303 4573 362 4613 non
375 4563 513 4633 tanquam
526 4559 730 4637 compartibus,
741 4559 793 4618 aad
806 4569 839 4620 ut
846 4561 1045 4620 instrumentis
1059 4561 1097 4620 ad
1107 4583 1180 4642 opus
1190 4583 1276 4623 auum
1290 4583 1436 4641 exequen-

231 4628 310 4688 dum.
352 4633 385 4693 si
399 4653 469 4710 ergo
482 4645 770 4701 scemurensem
779 4639 842 4718 oiri,
853 4639 884 4699 id
894 4639 928 4700 fit
940 4644 1010 4699 κατὰ
1023 4637 1102 4720 θέειν,
1113 4651 1142 4702 et
1155 4645 1273 4722 propter
1286 4652 1439 4704 externam
