3158 5190
224 337 261 395 88
353 312 360 324 ’
724 347 815 388 rocus
830 347 988 388 secururs.
1230 326 1428 408 [curassent.

223 492 288 570 ejus
302 491 421 550 leeunes
434 489 578 569 expleant,
593 485 736 546 evincent.
778 485 902 562 Quidam
922 505 960 545 ex
974 484 1088 560 nostris,
1110 487 1319 561 ut-Mcscutea,
1338 487 1427 546 Wlit·

223 573 336 645 ahenea
350 577 417 648 post
430 568 667 645 chrysostomum
687 564 764 626 idem
785 573 926 640 esserunt,
948 563 1001 624 sed
1022 562 1131 642 duplici
1152 583 1218 624 cunr
1239 565 1429 642 discrimine3

222 651 316 727 primo
329 647 408 726 quod
420 647 476 706 boc
489 646 527 706 de
546 645 628 706 libris
641 645 788 704 nonnullis
802 645 870 704 Vct
884 643 965 704 Test.
978 651 1090 704 tentum
1104 642 1261 720 affirment3
1284 663 1343 702 non
1357 664 1430 704 vero

225 729 312 804 Novi,
326 737 360 788 ut
383 725 547 800 Pontificii3
569 723 696 784 secundo
718 723 799 800 quod
819 723 892 781 nihil
905 731 1058 801 propterea
1077 721 1245 799 perfectioni
1269 723 1430 801 Scriptum

224 827 312 884 quam
333 804 478 866 Pontificii
501 803 568 862 inde
591 811 761 880 oppugnent
782 800 921 862 decedere
943 801 1125 876 arbitrentur,
1148 800 1217 878 quis
1230 801 1430 879 integritetem

226 886 352 948 Cenonis
375 902 435 942 non
458 883 616 942 metiuntur
637 901 675 940 ex
696 901 817 941 numero
839 881 993 942 Librorum
1016 899 1170 957 sectorum,
1186 900 1237 940 seu
1253 883 1432 958 perfectores

225 985 324 1026 eorum
338 961 531 1040 pucuttata‘ca,
547 960 598 1020 sed
612 980 651 1020 ex
669 959 849 1038 plenitudine
859 957 1039 1037 flegmatum,
1060 968 1091 1019 et
1098 960 1269 1036 perfectione
1293 961 1437 1020 meruisti

225 1063 321 1104 rerum
343 1041 471 1103 omnium
493 1039 532 1098 ad
555 1038 932 1114 salutemnecesseriarum,
955 1057 1021 1115 quse
1042 1038 1074 1097 in
1096 1038 1178 1098 libris
1204 1038 1256 1116 qui
1275 1047 1436 1118 supersunt

226 1121 340 1182 abunde
354 1127 493 1182 occurrat.
536 1117 720 1178 Communior
743 1127 839 1178 temen
857 1126 902 1176 est
915 1125 945 1178 et
958 1116 1055 1178 senior
1067 1117 1188 1178 eliorum
1209 1119 1362 1194 sententis,
1376 1119 1438 1195 qui

225 1201 322 1262 nullos
335 1201 425 1260 libros
437 1217 506 1256 vere
521 1196 681 1256 canonicos
694 1197 813 1276 periisse
832 1204 959 1272 censent,
980 1203 1011 1257 et
1022 1195 1049 1256 si
1061 1195 1113 1275 qui
1125 1195 1280 1276 perierunt,
1295 1197 1349 1256 teli
1362 1198 1434 1257 cha-

227 1289 338 1342 racters
350 1277 504 1357 insignitos
517 1295 575 1334 non
589 1275 687 1335 luisse.
1146 1284 1149 1296 '

364 1423 370 1436 ι
531 1354 587 1414 IV.
609 1353 748 1414 Rationes
761 1361 897 1431 petuntur
913 1355 939 1414 l.
954 1371 973 1412 a
987 1352 1153 1414 resecato
1168 1352 1282 1431 Olrt‘sti,
1298 1354 1386 1415 Matt.
1402 1373 1435 1414 v.

227 1421 469 1528 Nfflffiffffim
492 1434 539 1508 18,
554 1438 585 1492 et
599 1431 670 1525 Luc.
684 1433 746 1494 xvi.
764 1436 810 1510 17,
817 1433 936 1508 facilius
949 1440 990 1525 eft
1001 1434 1100 1493 celum
1111 1441 1258 1527 etterram
1267 1435 1435 1526 praeterire,

257 1538 471 1666 ttttettt
489 1513 673 1649 tilii?
686 1511 1200 1668 tttttftttlttttttt
1213 1532 1256 1648 ⁸.
1267 1512 1437 1650 'iffi

257 1654 359 1700 mmm·
491 1667 629 1729 Ceuouici
642 1676 798 1747 potuenmt
811 1667 1004 1728 intercidere?
1044 1668 1127 1728 Licet
1149 1688 1219 1728 vero
1238 1669 1373 1729 Christus
1386 1669 1434 1728 di-

228 1759 306 1812 recte
319 1750 357 1810 de
370 1747 500 1809 doctrine
511 1746 600 1826 Legis
611 1747 755 1826 loquetur,
779 1765 839 1807 non
858 1745 895 1807 de
908 1746 972 1825 ejus
985 1747 1067 1806 libris
1078 1770 1086 1824 ;
1108 1747 1256 1826 analogice
1269 1755 1368 1808 tamen
1380 1768 1436 1827 po·

230 1838 287 1890 test
300 1829 383 1889 libris
404 1829 495 1888 sacris
516 1825 662 1905 applicari,
676 1834 822 1886 uteorum
836 1825 1001 1886 immunitas
1021 1825 1059 1886 ab
1072 1826 1190 1887 interitu
1209 1835 1374 1904 asseretur3
1395 1847 1435 1888 eo

228 1909 323 1986 magis
336 1906 423 1987 quod,
444 1926 503 1966 non
517 1906 611 1965 solum
633 1905 781 1965 literarum
804 1912 835 1966 et
857 1904 971 1983 epicum
994 1905 1100 1983 quibus
1120 1905 1269 1984 Scriptura
1285 1905 1439 1984 perficitur

230 1988 339 2049 mentio
351 1987 411 2063 fiat,
426 1985 578 2048 sedetiam
591 1985 622 2043 in
645 1983 728 2044 libris
751 1983 865 2062 scriptis
879 1984 960 2045 Deus
983 1983 1143 2044 doctrinam
1166 1985 1251 2044 istem
1266 1985 1437 2046 conservari

465 2063 625 2144 'voluerit
675 2067 705 2124 2.
726 2063 757 2124 A
777 2065 864 2122 Lucoe
884 2072 912 2122 et
932 2063 1022 2123 Pauli
1042 2063 1241 2124 decbrrctioae.
1282 2063 1359 2124 Nem
1378 2083 1437 2125 nec

228 2131 473 2238 ²·{Jgfffiffiuh
494 2144 599 2220 Lucas,
614 2142 696 2202 xxiv.
710 2145 760 2218 27,
774 2141 949 2235 rnenficuem
964 2141 1058 2202 fecere
1070 2141 1213 2235 potuisset
1224 2143 1349 2236 omaiecm
1358 2144 1436 2203 Ito-

230 2303 403 2380 periissent:
425 2223 838 2376 Νοορὲᾜὲῐξὲυᾞ,
848 2221 1438 2378 wffimmahgfflusmffi

230 2381 426 2440 imtmtoaem
439 2377 546 2456 scripte.
558 2397 622 2438 esse
643 2395 769 2438 asserere
791 2386 897 2456 posset,
919 2378 975 2438 nisi
995 2378 1092 2440 omnis
1104 2379 1211 2458 scripte
1229 2380 1267 2440 V.
1282 2379 1319 2440 Τ.
1333 2389 1437 2441 extare

234 2467 416 2537 'upwnmt'
533 2533 572 2594 v.
593 2535 655 2596 a.
676 2534 864 2595 sesamae
887 2535 946 2596 oe
965 2553 1019 2614 pro
1033 2535 1173 2598 useless
1185 2537 1280 2600 salue
1293 2548 1436 2617 perpesso

493 2611 664 2689 excubante,
689 2633 755 2690 que
775 2611 889 2693 concipi
902 2634 960 2674 non
973 2623 1069 2692 potest
1081 2616 1141 2694 pati
1154 2615 1283 2678 voluisse
1296 2625 1358 2678 tam
1371 2617 1435 2677 exi·

492 2691 590 2752 tielem
599 2691 762 2771 jectursm3
783 2691 856 2753 alies
875 2693 947 2770 quid
960 2693 1010 2755 fiet
1022 2702 1084 2755 tum
1098 2694 1255 2773 sapientie,
1274 2704 1339 2756 tum
1351 2696 1436 2758 boni·

231 2773 293 2848 teti,
308 2779 370 2834 tum
383 2769 519 2851 potentiae
534 2770 599 2848 Dei,
622 2770 647 2832 si
668 2772 741 2832 tenti
764 2772 849 2850 pretii
872 2773 1038 2834 thesaurum
1059 2773 1198 2834 Ecclesiae
1211 2795 1272 2835 sue
1285 2785 1435 2836 ostensum

231 2852 357 2930 quidem,
382 2849 435 2912 sed
457 2847 630 2910 subductum
649 2850 750 2927 voluit,
775 2859 806 2911 et
819 2850 930 2929 Corpus
945 2851 1100 2932 scripture
1112 2853 1239 2914 lacerum
1251 2863 1283 2916 et
1295 2855 1432 2916 mutilum

423 2997 430 3010 ‚
494 2930 581 2990 hodie
604 2934 728 2992 extare?
767 2933 797 2991 4.
818 2930 854 2988 eb
873 2932 1008 2992 Ecclesia
1028 2932 1126 3009 officio,
1140 2932 1219 3011 quod
1240 2942 1286 2994 est
1309 2934 1437 2995 Orecula

255 2998 277 3044 4.
288 2995 451 3102 Aj’fflfftnflffl'
497 3010 554 3070 Dei
568 3009 623 3070 sibi
636 3011 789 3070 commissa
801 3009 936 3089 religiose
959 3030 1083 3089 servare,
1104 3020 1135 3072 et
1147 3011 1276 3072 studiose
1290 3014 1433 3090 scmtari;

384 3089 391 3103 '
497 3090 551 3152 Cui
565 3110 623 3151 nou
636 3089 762 3152 defixisse
785 3089 835 3152 vel
854 3109 892 3150 ex
905 3110 941 3150 eo
960 3099 1049 3169 petet,
1063 3090 1141 3169 quod
1158 3111 1213 3152 nec
1233 3091 1368 3154 Christus
1380 3113 1436 3154 uec

232 3169 369 3249 Apostoli
382 3169 504 3233 Judeeos
527 3189 654 3248 unquam
676 3171 732 3230 hoc
755 3168 871 3230 nomine
894 3178 1048 3249 accusent3
1069 3170 1149 3248 quod
1171 3172 1356 3249 sacrilegium
1376 3192 1436 3232 non

231 3251 390 3311 tacuissent
399 3250 523 3326 omnino,
556 3251 586 3308 ui
596 3248 707 3309 minore
715 3269 773 3308 non
781 3249 926 3325 omittunt,
938 3249 963 3308 si
974 3249 1020 3310 hie
1033 3250 1076 3308 rei
1086 3250 1226 3311 fluissentr
1248 3251 1312 3310 Imc
1324 3251 1436 3312 Paulus

231 3329 287 3388 hoc
300 3327 484 3408 privilegium
498 3269 668 3388 sabaeorum
682 3329 828 3406 predicat,
843 3329 922 3406 quod
935 3331 1012 3402 se..
1021 3336 1066 3389 eet
1080 3337 1145 3390 Θυῦ
1157 3330 1228 3410 ipsis
1235 3329 1353 3390 fuerunt
1365 3351 1434 3392 con·

493 3405 611 3482 credite,
637 3407 722 3466 Rom.
736 3407 777 3468 iii.
792 3410 821 3483 2,
836 3417 866 3468 et
879 3407 920 3467 ix.
934 3413 963 3468 4.
1005 3411 1034 3470 5.
1055 3411 1159 3470 eFine
1178 3408 1344 3487 Scriptura,
1368 3429 1436 3490 qne

438 3487 463 3531 Ρ
493 3483 664 3561 consignata
675 3493 722 3545 est
733 3484 764 3544 in
779 3486 925 3546 Cenonem
938 3487 1006 3548 fidei
1019 3497 1050 3550 et
1062 3489 1131 3548 ritae
1143 3489 1286 3567 usquead
1299 3509 1434 3550 eonsum-

493 3563 650 3624 metionem
663 3565 763 3642 seculi,
788 3563 839 3643 qui
861 3566 985 3628 obtineri
998 3587 1057 3629 non
1069 3578 1177 3648 posset,
1188 3569 1214 3630 si
1226 3589 1278 3648 per
1287 3569 1435 3648 jacturam

232 3641 412 3724 quorundam
424 3641 564 3704 librorum
588 3643 806 3721 canonicorum,
819 3643 918 3706 Canon
936 3649 1056 3710 mutilus
1071 3657 1102 3710 et
1119 3656 1268 3710 truncatus
1292 3649 1435 3710 Ecclesiae

245 3789 267 3840 ⁶·
285 3787 459 3836 ..........
494 3723 785 3864 gemme.
800 3744 872 3864 t}
886 3726 1134 3868 me...
1158 3748 1228 3866 5³⁸⁰
1248 3731 1435 3869 iiib⁸⁸³¹”

318 3849 396 3907 μή
494 3847 552 3942 nici
566 3883 605 3943 V.
616 3883 650 3943 T.
661 3883 698 3942 iis
718 3824 800 3963 qubbr
811 3826 951 3949 beberbus
967 3829 1158 3966 agnjffitp
1167 3829 1253 3950 nutribat.
1265 3829 1436 3967 Targuffibn

232 3962 370 4044 expressi,
385 3982 438 4024 nee
452 3981 471 4022 a
485 3961 589 4024 LXX.
603 3963 689 4024 versi.

531 4041 587 4104 VI.
610 4043 676 4102 Non
689 4044 786 4104 omnis
798 4063 864 4121 que
873 4046 1048 4124 scripserunt
1061 4045 1129 4106 Viri
1144 4045 1200 4106 Dei
1214 4045 1351 4106 continuo
1365 4055 1437 4107 sunt

490 4122 591 4182 divina
610 4132 640 4184 et
662 4121 832 4201 triuncem
854 4125 985 4203 quedam
1008 4125 1086 4184 enim
1109 4134 1143 4186 ut
1161 4126 1283 4186 usam
1296 4125 1438 4186 historica

490 4202 642 4280 diligentis
655 4203 787 4264 meditari
800 4213 830 4265 et
843 4223 961 4266 exerere
971 4212 1126 4282 potuerunt
1139 4205 1176 4264 ed
1189 4205 1350 4266 ubertatem
1364 4225 1435 4282 cog-

230 4277 355 4352 nitionis,
377 4281 508 4356 quaedam
530 4291 564 4342 ut
584 4285 735 4360 Prophetes
756 4283 941 4361 inspiratione
960 4283 1061 4343 divine
1073 4283 1112 4344 ad
1131 4285 1334 4345 authoritatem
1352 4283 1435 4343 Reli-

230 4356 749 4503 errare
762 4363 960 4504 pp..
971 4363 1433 4504 u

230 4513 293 4585 fuit,
308 4513 349 4572 se
369 4457 780 4612 ..iterpretatits
806 4487 855 4581 'si
869 4461 947 4599 .ῗέ
955 4463 1091 4582 iffi.
1104 4463 1436 4600 retribuissffiffl

233 4593 436 4654 Parabolarum
446 4605 474 4656 et
489 4599 661 4678 Cermmurn,
674 4611 706 4662 ut
717 4601 753 4660 de
768 4601 879 4660 Plentis
890 4611 918 4662 et
935 4601 1125 4678 Animalibus,
1141 4607 1155 4661 1
1173 4604 1247 4680 Reg.
1263 4603 1301 4661 iv.
1317 4606 1366 4680 32,
1382 4606 1433 4678 33,

244 2602 266 2648 3,
278 2603 301 2648 Δ
312 2599 472 2648 Providentia

329 2658 384 2706 Del.

245 3471 268 3520 ὅ.
279 3471 304 3517 Α
314 3469 374 3515 rinc
386 3469 437 3516 Scri

314 3531 385 3576 eure.

266 4108 355 4155 Fontes
366 4107 433 4154 Solu·

299 4168 401 4214 tionum.
