3174 5174
139 383 251 434 comer.
266 361 324 444 va]
586 382 625 422 os
639 381 775 424 rosanus
790 383 929 426 utrumn.
1285 371 1342 428 sat

139 523 298 604 perfectam
312 519 505 582 obedientiam
520 521 594 599 Legi
606 523 772 600 praestitum,
787 525 929 601 quiajam
941 523 972 582 in
985 525 1119 604 paradiso
1132 525 1194 586 vita
1207 527 1300 602 beata,
1315 535 1345 586 ot

140 605 221 664 omni
242 605 383 664 bonorum
398 621 503 679 genme
517 603 663 662 cumulata
676 603 832 664 stusbatur.
874 605 971 679 Mitto,
992 605 1072 682 qnod
1091 606 1116 666 si
1130 605 1227 665 Adam
1247 627 1343 684 perse·

139 691 272 744 reraaset
292 683 324 741 in
345 702 399 742 sua
417 681 589 757 obedientia,
612 682 790 760 impossibile
810 683 913 742 firitmt
932 685 960 742 ci
980 693 1010 743 et
1029 685 1083 744 toti
1104 705 1164 744 suas
1183 686 1345 764 posteritati

139 771 281 842 perpetuo
295 763 326 820 in
340 761 424 822 terris
437 781 562 820 manare.
604 761 662 822 His
676 763 752 822 enim
766 783 885 823 numero
899 763 1095 824 crescentibus
1114 785 1167 841 per
1183 767 1344 842 generabo·

140 863 209 902 nem
223 842 395 918 nomineque
409 841 439 900 in
453 841 559 902 coeluru
572 842 721 918 translato,
735 843 812 902 intra
826 843 873 902 bit
886 841 965 902 mille
980 863 1070 904 annos
1081 846 1231 920 ungurstior
1244 845 1346 906 fuisset

140 933 227 997 terra,
251 941 338 999 quam
359 930 391 980 ut
411 928 504 982 toturn
525 939 618 998 genus
636 922 794 983 humanum
814 923 1013 983 continuisset.
1053 923 1168 998 Quanto
1186 925 1281 984 minus
1295 944 1346 984 eos

141 1017 243 1062 omnes
257 1021 359 1078 capere
373 1009 402 1060 et
415 999 524 1060 nutrire
537 1019 613 1060 unus
627 1001 759 1062 Hodenis
777 1003 878 1062 hortus
891 1003 1055 1080 potuisset?
1073 1003 1121 1062 Ex
1135 1003 1240 1080 quibus
1255 1005 1345 1063 omni·

140 1083 197 1141 bus
219 1090 301 1158 patet
321 1079 540 1157 promissionem
554 1079 671 1140 Adamo
684 1082 781 1141 datam
800 1102 858 1142 non
878 1083 967 1142 fuisse
981 1083 1097 1142 demum
1110 1084 1179 1143 vitea
1201 1084 1294 1143 beato
1314 1085 1345 1142 in

141 1162 228 1222 terris
248 1159 429 1237 peragendas,
452 1159 503 1220 aed
524 1160 649 1220 eoelestis
670 1169 700 1221 et
718 1171 840 1238 aterno,
861 1162 941 1240 quod
963 1163 1097 1224 Oalvioua
1116 1163 1147 1220 in
1162 1164 1235 1224 Gen.
1250 1163 1280 1223 ii.
1298 1167 1344 1240 1⁷,

142 1241 289 1316 observat,
306 1239 461 1298 “Terrena
481 1239 598 1316 quidem
611 1241 673 1300 vita
692 1241 737 1303 illi
756 1242 858 1304 fuisset
878 1243 1053 1320 ternporslis,
1074 1243 1105 1302 iu
1125 1243 1230 1304 coslum
1250 1253 1347 1303 autern

142 1321 206 1385 aine
220 1319 348 1395 interitu,
363 1327 393 1378 et
405 1319 514 1378 illaesus
527 1320 709 1396 migrasset.”

447 1398 490 1458 X.
510 1401 614 1459 Foedoa
627 1404 758 1460 uotorole
770 1420 829 1461 non
843 1401 910 1460 ideo
920 1400 1032 1478 dicitur,
1045 1401 1124 1480 quod
1136 1401 1210 1460 nihil
1220 1401 1348 1462 conferat

217 1479 269 1567 non
313 1477 351 1566 '¹¹'
406 1497 504 1618 scopu:i
514 1487 653 1618 natnrnpr,
675 1489 705 1573 et
724 1481 1319 1620 ⁰9ssiiti⁰n⁰mluiu⁸¹ii⁰m⁰thffimii
1330 1501 1348 1539 a

144 1657 233 1716 quam
254 1638 342 1715 juxta
362 1577 1192 1718 illasriiimillaer'oiilebliiili¹11chsiupiiiiporiiidniioril'dreiniJ
1199 1580 1348 1700 inteilbiil

144 1719 223 1780 cium
245 1717 452 1795 praecriptum,
475 1726 505 1779 et
529 1718 654 1778 ooelestis
674 1719 744 1779 vite
763 1719 943 1795 beneficium,
969 1722 1099 1798 sequitur
1125 1720 1222 1780 locum
1242 1721 1350 1780 habers

144 1817 206 1936 'tt
215 1795 1352 1959 tgtffitttttltittrtttistilttpffttdsstittz

149 1956 326 2016 avoluutatc
340 1963 371 2016 et
382 1956 512 2018 bonitate
527 1957 601 2033 Dei;
625 1959 667 2018 Ut
680 1959 761 2018 nulla
773 1958 921 2037 proportio
934 1959 989 2019 fuit
1001 1959 1078 2020 inter
1087 1960 1269 2038 Angelorum
1283 1979 1350 2018 con·

147 2036 292 2112 stantiam,
309 2036 450 2114 originem
465 2055 546 2097 suam
560 2039 745 2114 servantium,
761 2047 791 2097 et
804 2038 948 2098 inlinitum
958 2039 1132 2099 confirmatae
1142 2041 1212 2099 vito
1226 2039 1352 2098 coelestis

146 2115 307 2196 praemium.
350 2115 393 2176 Ut
413 2116 489 2178 enim
510 2115 591 2176 Deus
612 2118 684 2176 eitra
703 2118 880 2196 condignum
900 2119 992 2197 punit,
1017 2119 1059 2178 ito
1077 2120 1155 2179 ultra
1176 2119 1352 2196 condignum

146 2197 235 2274 longa
249 2203 456 2255 remuneratur.

189 2275 251 2333 XI.
281 2275 363 2334 Licet
389 2274 537 2353 Scriptura
560 2296 726 2354 expressam
749 2277 926 2336 mentionem
946 2297 1006 2337 non
1029 2277 1116 2337 faciat
1135 2277 1204 2337 vitae
1228 2277 1355 2337 ooelestis

149 2354 266 2413 Adamo
281 2353 469 2430 conferendas,
485 2355 556 2414 satis
569 2356 646 2415 clare
661 2357 807 2434 colligitur
820 2377 873 2434 per
884 2357 1044 2435 legitimam
1058 2357 1301 2434 consequentiam,
1317 2377 1355 2416 ex

150 2434 283 2512 opposita
296 2433 516 2494 comminatione
530 2436 630 2496 mortis
645 2437 822 2514 gehennalia,
837 2445 867 2497 at
880 2457 918 2496 ex
938 2437 1137 2497 sacramentali
1157 2436 1355 2515 promissionis

149 2514 235 2573 istius
257 2513 457 2590 obsignatione
477 2534 529 2592 per
549 2515 680 2575 arborem
700 2517 778 2592 vitre,
801 2517 884 2594 cujus
905 2517 1144 2594 significationem
1167 2516 1276 2576 homini
1296 2535 1355 2576 non

149 2594 279 2672 ignotam
294 2592 382 2651 fuisse
396 2601 474 2653 certo
489 2595 594 2655 certius
605 2605 658 2658 ests
694 2596 834 2671 Quamvis
843 2597 921 2656 enim
932 2597 1031 2656 Moses
1042 2596 1192 2656 obscurius
1206 2595 1237 2655 id
1250 2595 1354 2670 tradat,

150 2675 226 2732 sicut
239 2673 376 2750 pleraque
390 2672 428 2731 ad
441 2672 536 2733 foedus
550 2674 629 2734 istud
640 2676 823 2754 pertinentia,
838 2696 903 2753 quac
918 2684 1054 2754 tanquam
1068 2676 1206 2754 fugientis
1220 2675 1355 2752 imaginis

150 2753 291 2826 umbram,
315 2751 394 2814 tenui
415 2761 527 2814 tanturn
548 2753 613 2814 luce
635 2756 754 2834 spargit,
780 2755 817 2814 ad
839 2756 1102 2834 repraesentandum
1124 2757 1188 2833 ojus
1207 2761 1354 2832 ἀφανισμὸν,

150 2830 273 2970 pprbium
285 2839 382 2890 tamen
397 2851 460 2892 esse
473 2853 533 2891 non
545 2843 649 2911 potest,
664 2836 735 2913 quin
746 2835 910 2895 distinctius
923 2836 985 2894 haec
999 2836 1092 2913 primo
1105 2835 1215 2894 homini
1228 2835 1357 2894 revelata

183 2911 268 2970 erint.

191 2990 270 3049 XII.
293 2989 425 3050 Christus
439 2991 518 3050 solus
532 2991 583 3053 dat
596 2993 680 3053 nobis
700 2993 905 3070 promissiones
918 2993 987 3052 vitoe
1006 3001 1120 3052 asternse
1140 2992 1171 3050 ln
1192 3000 1269 3050 statu
1288 3011 1355 3068 peo-

151 3069 226 3146 cati;
252 3069 311 3128 Sed
331 3070 361 3130 in
382 3079 460 3130 statu
481 3079 591 3132 naturas
611 3070 745 3132 Adamus
764 3073 908 3150 potuisset
927 3071 993 3130 illas
1013 3071 1119 3130 habere
1139 3091 1191 3148 per
1210 3073 1355 3148 propriam

151 3147 346 3211 obedientiam
360 3157 496 3226 expecto
511 3152 576 3210 Dei.

193 3228 289 3292 XIII.
310 3229 512 3290 Promissiouea
525 3230 595 3290 novi
608 3229 725 3290 foederis
739 3230 874 3289 dicmur
888 3229 1014 3288 meliores
1024 3227 1262 3306 promissionibus
1275 3237 1355 3290 vete-

151 3307 200 3382 ris,
217 3307 294 3366 Hab.
309 3307 370 3368 viii.
386 3311 413 3384 6,
429 3329 487 3369 non
501 3310 598 3386 quoad
610 3311 802 3384 mutantium,
817 3309 886 3386 quia
900 3308 1000 3370 eadem
1014 3309 1077 3368 vito
1089 3307 1216 3368 cmlestis
1229 3317 1259 3368 st
1272 3316 1354 3368 retar-

151 3407 190 3446 na
203 3387 357 3464 utrobique
377 3389 572 3466 promittitnr3
595 3389 645 3449 sed
659 3389 756 3466 quoad
769 3393 891 3463 modum,
906 3389 983 3466 quis,
998 3398 1031 3449 ut
1044 3389 1131 3466 longe
1145 3388 1279 3448 nobiliori
1293 3407 1354 3448 mo·

151 3465 189 3525 do
204 3467 353 3543 acquisitas
367 3477 434 3528 sunt
448 3489 500 3546 per
509 3469 672 3544 Christum
692 3470 734 3528 ita
744 3469 945 3546 longeiolort'ua
954 3477 985 3527 et
998 3470 1134 3543 ρθῖεαοίω
1146 3477 1353 3546 proponuntur,

151 3553 181 3606 et
195 3545 302 3608 certius
316 3567 350 3606 ac
363 3547 474 3608 firmius
491 3549 521 3606 in
541 3569 629 3608 manu
643 3548 813 3609 Mediatoris
832 3549 1022 3626 applicantur,
1036 3555 1178 3627 quatenus
1197 3568 1256 3607 non
1269 3546 1355 3607 datur

151 3633 266 3686 uncum
278 3625 364 3687 nobis
376 3628 515 3688 wadiam
528 3629 588 3688 rina
600 3649 658 3705 prro
670 3649 727 3688 ooo
745 3647 929 3706 perseverare
949 3630 1101 3706 possimus,
1116 3637 1149 3687 nt
1163 3627 1287 3702 iidemu,
1303 3627 1356 3686 sed

151 3707 291 3764 manilium
301 3725 356 3782 quo
370 3715 449 3766 certo
461 3727 687 3784 perseveramus.
710 3708 823 3767 Deinde
837 3715 958 3785 possunt
971 3707 1029 3767 dici
1042 3709 1177 3780 meliores,
1192 3707 1289 3782 quoad
1302 3707 1352 3764 ob·

147 3785 293 3861 jectorum
304 3784 517 3862 conditionem
538 3806 605 3847 nam
619 3788 714 3847 foedus
732 3807 851 3864 operum
863 3787 954 3845 vitam
968 3795 1080 3846 tantum
1098 3783 1208 3844 homini
1228 3785 1354 3860 perfecte

147 3865 231 3942 justo
253 3873 282 3923 ot
303 3865 426 3925 merenti
449 3866 609 3943 promittit;
644 3867 702 3926 Sed
723 3866 818 3925 ioedus
842 3866 942 3942 gratim
964 3885 1022 3924 non
1043 3865 1134 3923 vitam
1155 3871 1277 3938 tantum,
1301 3863 1353 3922 sed

151 3943 239 4001 etiam
253 3943 376 4003 odotem
396 3945 507 4004 homini
527 3945 612 4023 plane
632 3945 795 4005 immerenti
815 3951 845 4002 et
864 3943 993 4020 indigno,
1009 3952 1079 4022 puta
1099 3943 1251 4020 peccatori,
1266 3942 1350 4020 polli-

151 4029 240 4082 cetur.

190 4101 282 4162 XIV.
305 4101 444 4177 Quamvis
457 4103 553 4164 foedua
566 4105 621 4164 hoc
634 4113 745 4164 natiuae
758 4102 883 4163 caruerit
892 4100 1063 4178 Mediatore,
1077 4121 1136 4161 non
1149 4100 1245 4160 minus
1254 4109 1351 4160 tamen

148 4181 245 4258 potuit
254 4181 345 4242 vitem
359 4183 506 4244 coelestem
516 4185 681 4260 promittere
696 4191 726 4243 at
739 4183 867 4242 conferre
877 4180 993 4241 Adamo
1006 4181 1216 4261 perseveranti3
1232 4181 1275 4241 Ut
1288 4180 1351 4239 An·

148 4261 208 4338 geli
221 4271 378 4337 potuerunt
392 4262 454 4321 sine
469 4263 630 4322 Mediatore
643 4264 674 4322 in
687 4263 764 4322 bono
778 4262 949 4322 confirmari.

190 4339 264 4400 XV.
286 4341 357 4401 Alia
370 4341 458 4401 debet
471 4361 534 4401 esse
547 4343 696 4403 beatitudo
710 4351 739 4402 et
752 4342 890 4421 perfectio
903 4342 968 4418 vias,
983 4340 1041 4400 alia
1053 4361 1123 4400 vero
1136 4340 1246 4419 patrias.
1268 4340 1351 4398 Licet

148 4417 223 4478 nihil
236 4419 360 4481 defirerit
374 4421 491 4480 Adamo
513 4420 543 4480 in
561 4421 695 4499 paradiso
717 4423 755 4481 ad
774 4421 982 4482 beatitudinem
1002 4430 1032 4480 et
1052 4420 1263 4499 perfectionem,
1285 4438 1351 4498 qnae

148 4499 286 4638 οοιιὲιοῃιιίὶ
300 4500 389 4560 statui
402 4501 467 4576 vim,
483 4500 584 4560 deesse
598 4509 694 4561 tamen
707 4503 791 4581 plura
804 4509 944 4580 poterant,
960 4521 1025 4579 qum
1038 4501 1222 4578 requiruntur
1232 4500 1270 4560 ad
1283 4499 1350 4559 bea·

147 4578 204 4639 titu
226 4579 234 4592 '
257 4599 303 4638 cm
354 4580 427 4640 triae.

188 4657 281 4718 XVI.
303 4599 400 4734 &uam
414 4659 533 4736 Paulus,
551 4663 566 4720 1
584 4659 650 4720 Cor.
664 4681 715 4720 xv.
730 4663 778 4737 45,
799 4663 847 4736 46,
869 4661 910 4721 ait
932 4659 1055 4738 primum
1073 4659 1221 4720 Adamurn
1243 4660 1351 4720 factum
