3174 5174
18 359 19 364 ’
94 377 208 426 eumer.
223 357 291 452 m]v
525 385 564 425 ne
578 383 780 430 ruovmsnrrs
795 385 855 429 oar.
1197 369 1200 376 '
1240 371 1308 430 ter·

96 519 240 580 Dominus
254 521 339 582 uobis
352 523 384 582 iu
397 545 512 602 poenum
526 525 662 604 injunxit,
678 535 711 586 ut
723 547 777 587 noa
797 527 978 604 humiliarem
1003 527 1063 587 Sed
1075 547 1174 587 curam
1186 537 1316 588 tantum,

93 600 221 676 anxium,
236 610 267 661 et
281 622 490 682 supervacuam
504 607 735 682 sollicitudinem,
751 628 810 685 que
822 609 954 668 homines
977 607 1119 668 increduli
1132 617 1162 668 et
1175 609 1300 684 gentiles

94 699 125 738 se
139 681 309 742 excruciare
323 683 426 761 solent,
441 685 568 762 damnet,
583 707 648 764 quae
662 705 700 746 ex
714 687 873 748 diffidentis
890 688 1081 766 providentie
1101 688 1200 762 oritur,
1235 689 1300 750 ussi

93 759 177 818 Deus
192 761 303 822 otiosus
316 763 347 822 in
361 765 435 825 coelo
451 764 597 842 dormiret,
611 767 660 825 vel
674 787 733 827 uon
745 769 923 846 prospiceret
942 768 1029 828 rebus
1049 768 1204 830 humanis:
1254 769 1299 828 ult

92 859 163 917 ergo
177 840 280 901 fideles
293 843 325 901 iu
338 853 488 922 peternem
502 845 559 906 Dei
572 867 670 906 curam
684 856 714 906 et
726 847 886 908 ltonitetem
895 848 1071 923 recumbere,
1081 855 1111 907 et
1120 847 1158 906 eb
1172 867 1207 906 eo
1220 855 1297 907 trem

92 919 185 1012 quille
198 931 361 1018 expectere,
376 925 408 984 in
421 925 559 1004 legitime
579 927 741 987 vocationis
760 929 907 1006 exercitio,
922 948 1102 1008 quecunque
1123 927 1179 987 sibi
1199 946 1297 989 neces·

93 1019 170 1058 sana
184 1021 248 1062 esse
259 1012 396 1065 sentiunt
823 1063 826 1070 .

106 1137 109 1144 .
168 1139 171 1148 ,
393 1085 430 1146 V.
453 1089 481 1146 3.
496 1087 1035 1163 Nsbeiacamissecundbadbaeaione5
1055 1108 1123 1148 nem
1137 1088 1298 1168 utquieas

107 1157 130 1204 ἃ
139 1157 325 1266 {mm}
354 1185 473 1242 prorsus
493 1161 655 1246 negligrmt,
682 1169 777 1230 Deum
799 1175 919 1246 tentam,
947 1169 1134 1248 inquirentes,
1158 1188 1203 1242 en,
1217 1169 1299 1230 Deus

136 1276 252 1324 haione
316 1247 325 1257 '
356 1246 443 1305 etiam
454 1246 516 1306 eine
528 1249 630 1306 mediis
640 1249 718 1326 ipsos
729 1250 768 1310 sit
781 1259 1015 1326 conservaturum
1031 1250 1059 1308 N
1061 1265 1098 1308 on
1106 1248 1202 1309 minus
1211 1249 1297 1308 etiem

357 1324 387 1384 in
401 1347 467 1386 eum
480 1337 609 1405 peccant,
624 1331 675 1406 qui
688 1329 748 1390 illis
765 1331 885 1390 nimium
906 1331 1044 1403 tribuunt,
1060 1329 1195 1388 fiduciam
1216 1349 1306 1388 suam·

93 1400 124 1460 iu
138 1401 198 1461 illis
212 1404 390 1481 collocando,
406 1415 436 1466 et
449 1407 536 1466 certis
548 1409 721 1486 quibusdam
740 1409 852 1486 mediis,
866 1411 958 1470 veluti
979 1410 1063 1469 clavo
1084 1409 1188 1468 trabali
1208 1409 1296 1485 affixi,

93 1482 208 1541 nullum
229 1505 289 1561 pree
313 1485 473 1546 diffidentia
495 1487 690 1548 Providentiae
718 1489 825 1550 divina
846 1491 942 1549 locum
965 1489 1140 1566 relinquunt,
1164 1490 1298 1566 exemplo

18 1603 19 1608 η
92 1560 174 1637 Asse,
189 1563 327 1624 itlhrou.
341 1566 403 1626 xvi.
420 1569 466 1640 12,
487 1567 539 1644 qui
557 1569 589 1627 in
608 1570 709 1629 morbo
722 1588 781 1629 non
801 1571 953 1648 requisivit
972 1569 1127 1643 Jehovum,
1142 1567 1195 1628 sed
1214 1568 1305 1628 bresit

18 1709 20 1718 .
95 1641 230 1703 Medicis.
272 1644 357 1704 Licet
368 1647 445 1706 enim
459 1656 604 1708 creetures
618 1648 739 1726 diligere
752 1658 782 1709 et
795 1651 935 1710 honorare
949 1649 1114 1724 debeamus,
1129 1668 1195 1708 cum
1217 1648 1302 1708 Deua

93 1721 159 1780 illas
171 1723 263 1783 veluti
276 1724 307 1784 in
320 1726 446 1804 aliquem
461 1726 555 1804 operis
568 1729 614 1788 sui
627 1737 738 1806 partem
752 1749 898 1790 assumere
910 1748 969 1790 non
983 1729 1173 1806 dedignatum
1189 1727 1220 1786 in
1234 1729 1304 1788 Deo

18 1809 19 1876 3
94 1811 193 1861 tamen
206 1803 269 1864 solo
284 1805 435 1881 confidere,
450 1807 550 1885 illique
565 1809 649 1870 inniti
668 1809 746 1885 licet,
760 1819 898 1887 tanquam
919 1809 1130 1887 sapientissimo
1152 1817 1181 1868 et
1200 1809 1304 1887 provi,

18 1885 19 1952 3
95 1881 266 1942 deotissimo
282 1884 371 1961 Patri,
385 1886 436 1965 qui
450 1887 511 1946 suis
524 1905 673 1966 nunquam
686 1888 769 1949 deest
782 1897 910 1966 tempore
924 1897 1095 1968 opportuno.

399 1966 455 2026 VI.
482 1968 553 2026 Usus
567 1988 637 2027 vero
651 1968 735 2028 istius
749 1968 889 2030 doctrinae
906 1969 996 2045 longe
1016 1967 1179 2028 uberrimus
1199 1975 1253 2042 est,
1268 1975 1304 2027 et

358 2047 621 2124 praestantissimus,
636 2057 699 2108 tum
711 2047 743 2108 iu
756 2049 911 2110 asserenda
925 2049 982 2108 Dei
995 2047 1096 2124 glorie,
1112 2047 1159 2106 cui
1178 2065 1302 2106 summes

95 2123 253 2202 sapientie,
279 2127 423 2204 potentiue,
446 2136 476 2186 et
496 2127 635 2188 bonitatis
652 2128 717 2188 leus
738 2129 786 2188 hic
809 2127 962 2204 tribuitur;
985 2137 1047 2188 tum
1071 2125 1179 2186 infide
1199 2135 1301 2188 nostre

96 2204 209 2280 alenda,
233 2205 423 2283 augendaque
450 2200 564 2282 fiducie,
586 2228 681 2285 quem,
703 2207 906 2286 ingruentibus
934 2227 1126 2268 erumnarum
1151 2207 1297 2285 procellis,

98 2284 294 2345 Providentise
307 2286 464 2364 persuasio,
476 2296 613 2365 tunquam
622 2281 766 2354 tutissima
774 2289 938 2348 enchorain
951 2287 1082 2366 improbo
1096 2287 1184 2365 hujus
1197 2287 1302 2371 mundi

97 2365 158 2425 salo
172 2365 277 2424 mmet.
320 2365 378 2426 Hic
393 2385 462 2442 ergo
471 2369 599 2443 primm
613 2368 737 2431 hominis
750 2369 792 2445 pii
806 2363 924 2440 ‹ffio'oio
937 2377 990 2444 est,
1005 2367 1102 2444 quoed
1122 2367 1297 2442 intellectam,

96 2453 201 2504 utnon
215 2446 310 2505 solum
324 2445 362 2504 ed
377 2445 479 2522 Deum,
496 2467 547 2506 ceu
561 2448 682 2524 primam
697 2457 727 2508 et
740 2448 904 2526 primariam
917 2467 1013 2507 rerum
1033 2447 1162 2506 omnium
1182 2466 1299 2506 musam

96 2527 197 2585 oculos
210 2525 334 2601 attollet,
349 2545 517 2602 persuasum
531 2527 642 2586 habens
655 2528 728 2585 nibil
742 2528 804 2588 fieri
818 2527 950 2604 fortuito;
965 2527 1017 2587 sed
1031 2527 1128 2586 omnia
1148 2546 1166 2586 e
1186 2527 1298 2604 sepien-

96 2605 210 2664 tissime
225 2606 281 2663 Dei
296 2605 484 2665 Providentia
497 2605 603 2684 dirigi;
625 2625 725 2666 verum
747 2619 776 2668 et
795 2607 873 2686 apud
894 2628 925 2667 se
946 2615 1059 2686 reputet
1073 2605 1249 2684 singularem
1270 2615 1300 2666 et

96 2685 251 2762 specialem
267 2685 323 2744 Dei
338 2685 554 2744 Providentiam
567 2706 620 2763 pro
635 2687 727 2746 salute
736 2707 789 2748 aua
802 2687 955 2764 excubare,
967 2688 1029 2747 sive
1044 2707 1110 2746 cum
1123 2687 1298 2763 homiuibus,

96 2765 158 2825 sive
174 2786 240 2826 cum
255 2765 321 2824 aliis
334 2766 473 2825 creaturis
486 2765 530 2824 illi
543 2767 692 2843 negotium
706 2767 744 2826 sit
755 2791 763 2844 ;
785 2767 864 2845 quod
877 2767 982 2828 docent
995 2786 1053 2826 non
1070 2766 1157 2826 modo
1177 2765 1298 2844 promia·

18 2857 19 2904 t
96 2844 193 2905 sionea
206 2845 362 2904 luculentae
379 2845 542 2923 Scriptum,
558 2846 666 2905 Psalm.
681 2847 795 2923 xxxiv,
810 2847 935 2920 xxxvii,
950 2847 1000 2924 lv,
1015 2846 1088 2923 xci.;
1111 2846 1199 2904 Zach.
1213 2846 1244 2904 ii.
1259 2849 1298 2922 83

18 2909 19 2936 ¹
98 2923 156 2984 ne
179 2925 264 2983 ms.
289 2924 530 3001 s,0tx11x.1s;
554 2926 660 3018 Metu.
674 2925 714 2984 vi.
729 2935 759 2986 et
771 2947 820 3003 1.;
844 2926 999 3018 Lucam
1024 2925 1216 3017 131³sc.v,.r;
1241 2925 1301 2984 aer

96 3003 1216 3162 {libidis,S*liffillldslllli'uibllllillelmi·
1225 3003 1301 3158 tt?

98 3173 130 3223 ut
143 3165 218 3224 nihil
231 3165 294 3224 sine
308 3163 373 3241 ejus
386 3172 459 3223 nutu
472 3165 594 3242 aggredi
606 3165 727 3242 possint,
741 3165 791 3224 vel
804 3165 919 3241 exequi.

97 3268 341 3326 uffiwfimqm.
401 3243 475 3303 VII.
497 3249 525 3304 2.
548 3246 596 3303 Ex
615 3245 670 3303 hae
692 3243 886 3304 Providentiae
907 3243 964 3302 Dei
984 3239 1233 3321 contemplatione,
1256 3260 1301 3300 se·

125 3329 193 3431 3⁰³¹
224 3328 339 3374 metit·-
359 3323 434 3384 rIum
447 3324 568 3384 infideli
581 3324 649 3385 oriri
663 3324 749 3383 debet
759 3323 896 3400 studium,
909 3323 1107 3399 launctitatb,
1117 3330 1150 3381 ut
1158 3321 1301 3382 cautiores

96 2009 161 2058 Usus
172 2011 338 2060 Providentia,

359 3403 515 3464 mddemur
537 3404 568 3462 in
582 3404 643 3463 vita
666 3403 843 3482 quotidiano..
858 3403 936 3481 quod
956 3403 1064 3480 ubique
1078 3421 1226 3461 versemur
1246 3402 1301 3461 sub

97 3481 182 3540 oculo
196 3483 262 3560 Dei,
274 3482 325 3560 qui
338 3484 423 3543 nobis
431 3483 527 3543 edstut
537 3503 650 3562 semper
659 3484 817 3562 proximus,
829 3492 859 3543 et
872 3485 956 3562 cnjus
969 3483 1130 3560 presentie
1144 3502 1301 3559 nunqnam,

98 3561 236 3640 quiequid
250 3583 380 3641 egemus,
401 3583 456 3623 nos
475 3583 629 3641 possumus
649 3563 818 3640 subducere,
829 3564 897 3642 quia
917 3564 992 3624 μέντ’
1005 3565 1082 3644 leoga?
1093 3567 1138 3622 ut
1152 3562 1225 3621 πάντ’
1239 3565 1300 3620 ἑπι-

205 3651 213 3708 ,’
359 3641 431 3702 ut«.
473 3647 501 3702 2.
519 3642 716 3718 Gratdudineb,
731 3654 764 3704 ut
778 3643 808 3702 in
820 3645 1010 3722 prosperitate
1024 3655 1055 3703 et
1067 3644 1153 3703 rebus
1167 3644 1302 3701 secundis

139 3693 315 3743 anum·
360 3742 418 3782 uon
432 3722 487 3782 reti
500 3732 599 3782 nostro
608 3723 818 3802 sacrificemus,
826 3723 878 3783 sed
891 3723 1062 3782 benevolam
1078 3722 1134 3779 Dei
1147 3720 1301 3798 providen-

96 3798 167 3858 tiam
181 3801 391 3877 exosculemur,
407 3811 437 3862 et
450 3810 533 3880 grato
547 3803 643 3863 enimo
654 3822 804 3865 venerem.
846 3801 923 3864 Psal.
938 3823 1005 3861 cxv.
1023 3806 1048 3876 l,
1063 3819 1122 3859 non
1136 3798 1237 3873 Nobis,
1250 3799 1302 3857 sed

98 3879 216 3939 Nemini
238 3883 303 3959 ejus
319 3883 442 3962 gloriam
462 3882 574 3958 mutas,
589 3901 643 3942 eeu
665 3882 805 3959 primario
879 3881 1006 3955 electori,
1022 3880 1052 3938 in
1073 3879 1156 3956 cujus
1172 3877 1303 3936 benefice

97 3977 186 4019 manu
199 3972 352 4024 versantur
375 3983 475 4022 omnes
497 3981 592 4022 ceusu
614 3960 759 4054 secundae,
774 3960 838 4022 sive
852 3959 911 4020 sint
930 3960 1070 4054 bomines,
1087 3957 1148 4016 sive
1163 3965 1301 4050 creature

359 4036 1301 4198 ttttttittltstiit?ntsltftt‘ssttl'ttttt

98 4197 125 4270 8,
136 4205 168 4255 et
179 4197 200 4255 l.
212 4201 270 4273 20;
285 4199 366 4276 Jobi,
379 4222 404 4261 c.
416 4203 504 4278 i.21;
521 4199 680 4275 Devidiai
693 4200 770 4259 Sem.
782 4198 889 4273 xvi.9;
906 4198 954 4257 Pa.
969 4217 1075 4256 xxxrx
1085 4137 1112 4272 i,
1124 4203 1157 4258 ut
1170 4193 1302 4287 inomni·

97 4274 153 4334 bus
168 4295 231 4352 quse
254 4277 371 4339 duriore
393 4281 477 4339 nobis
499 4280 671 4358 contingunt
691 4279 721 4336 in
744 4277 800 4337 Dei
813 4276 962 4336 voluntate
983 4284 1013 4335 et
1032 4273 1220 4339 Providentes
1241 4293 1303 4332 sme

97 4373 243 4416 murmure
257 4360 483 4435 acquiescemus,
499 4359 578 4436 qpod
591 4360 647 4436 ipsi
661 4359 793 4418 Gentiles
806 4377 865 4416 non
878 4357 1064 4434 ignorarunt3
1088 4355 1167 4416 Hinc
1183 4349 1302 4428 Seneca,

96 4434 182 4510 epist
200 4439 265 4512 107,
283 4439 363 4497 “Ad
376 4441 452 4499 hene
464 4438 589 4516 legem,”
605 4439 707 4515 inquit,
724 4437 866 4497 “enimus
879 4443 978 4496 noster
995 4433 1147 4513 optandus,
1161 4433 1237 4492 hene
1258 4451 1302 4490 se·

96 4523 212 4590 quatur,
227 4516 295 4576 huic
309 4527 417 4596 pareat,
432 4527 462 4578 et
475 4537 653 4595 quacunque
667 4517 741 4577 fiunt
755 4517 890 4577 debuisse
908 4515 972 4574 fieri
986 4522 1076 4593 putet,
1091 4533 1145 4572 uec
1159 4511 1231 4571 velit
1251 4513 1302 4572 ob·

92 4593 215 4670 jurgare
229 4605 380 4674 naturam3
403 4598 542 4676 optimum
557 4607 602 4660 est
621 4597 682 4676 pati
695 4597 773 4674 quod
794 4595 945 4656 emendare
964 4615 1022 4655 non
1035 4595 1137 4672 possis,
1153 4601 1183 4652 et
1198 4591 1301 4668 Deum,

96 4693 156 4750 quo
174 4675 294 4738 euthore
307 4688 412 4739 cuneta
425 4677 599 4757 proveniunt
612 4677 674 4739 aine
687 4677 911 4738 murmuratione
925 4675 1064 4736 comitari.
1106 4671 1318 4734 Melus-seiles.

1085 4759 1140 4814 211

160 4091 297 4140 rauserias
