3152 5178
261 387 320 448 232
743 401 984 447 mensuramus.
1230 381 1447 466 [suesanus

260 544 372 622 cessio;
386 551 509 623 quatuor
520 543 696 622 Relationes,
712 545 883 622 Pateruitas,
894 544 1021 620 Filiatic,
1038 541 1163 623 Spirstio
1176 545 1274 605 activa
1287 551 1316 605 et
1328 545 1450 623 passim

259 634 290 686 et
309 625 436 719 quinque
458 625 607 704 Notiones,
635 627 772 704 hetruria,
793 625 964 703 Paternitas,
987 624 1114 702 Filiatic,
1139 624 1266 704 Spiratic
1284 633 1343 684 tam
1365 626 1452 684 activa

259 725 564 846 qualinviaiiffliladtione
578 784 710 846 oriuntur
722 785 809 845 Actae
822 785 983 859 notioris,
999 803 1121 862 quorum
1134 783 1236 844 erebra
1253 783 1362 843 mentio
1383 783 1450 860 apud

259 863 432 942 Theologos,
448 863 499 942 qui
511 865 600 942 probe
614 864 812 944 distinguendi
825 872 893 924 eunt
906 864 943 923 ab
956 864 1149 940 mortalibus,
1164 864 1216 942 qui
1236 863 1331 922 fluunt
1352 883 1369 922 a
1389 863 1450 921 Pro-

259 943 431 1023 prietatibus
444 944 655 1023 essentialibus,
671 954 701 1006 et
713 944 903 1005 terminantur
921 943 960 1003 ad
973 943 1084 1020 aliquid
1103 951 1195 1020 extra,
1217 943 1298 1037 quod
1317 951 1362 1003 est
1382 941 1450 1001 eliud

260 1031 292 1084 et
304 1023 451 1083 diversum
470 1025 662 1085 essentialiter
683 1045 701 1084 a
726 1025 798 1100 Deo,
821 1023 898 1083 unde
923 1041 1089 1083 communes
1111 1031 1179 1082 sunt
1200 1023 1296 1082 tubus
1319 1021 1450 1080 Perscnis.

262 1103 322 1163 Sed
335 1103 496 1163 notionuIes
509 1104 730 1182 proficiscuntur
748 1122 766 1163 a
779 1102 1009 1182 Proprietatibus
1022 1102 1231 1180 personalibus,
1247 1121 1313 1179 quse
1327 1101 1452 1160 Personia

214 1243 221 1256 ,
260 1183 452 1322 εἰηςυίατίῐοέ
461 1192 636 1262 competunt,
650 1193 681 1245 et
694 1183 883 1245 terminantur
896 1182 934 1242 ad
947 1201 1021 1262 opus
1034 1182 1073 1242 ad
1099 1181 1182 1259 iutra,
1197 1181 1301 1260 quales
1315 1189 1381 1241 srmt
1401 1181 1452 1241 Ge·

261 1263 372 1322 neratio
386 1270 416 1324 et
472 1262 565 1324 iratis.

262 1379 299 1426 De
329 1393 375 1425 usu
410 1283 502 1426 voezm
564 1343 654 1402 XVI.
669 1342 824 1422 Explicato
833 1361 947 1418 vocum,
956 1361 1022 1420 quae
1034 1341 1083 1400 hic
1095 1341 1229 1420 usurpari
1239 1339 1343 1416 solent,
1359 1357 1454 1415 seusu;

290 1436 429 1542 Sibi
444 1439 503 1486 ¹’⁰‘'
521 1419 1458 1576 lttsstubbtttttzffittlbuttlttllti

260 1599 299 1640 ex
320 1579 531 1640 Heretieorum
550 1521 775 1660 importuriiusc,
797 1523 901 1660 quirit
923 1601 984 1640 rem
1004 1580 1096 1659 ipsam
1116 1580 1230 1640 facilius
1251 1588 1372 1658 possent
1393 1597 1456 1638 con·

259 1657 376 1736 vellere,
391 1677 479 1719 voces
493 1659 571 1738 ipsas
584 1669 721 1740 tanquam
735 1681 827 1721 novas
841 1669 871 1720 et
883 1660 1058 1740 peregrinas,
1071 1668 1176 1754 prater
1188 1659 1367 1737 Scriptorum
1376 1677 1458 1718 exco-

283 1738 375 1814 ‘tataa
397 1739 546 1798 eliminare
570 1749 639 1800 sunt
658 1741 764 1801 conati.
806 1741 873 1800 Hoc
892 1741 955 1819 jam
977 1739 1089 1816 Ariani,
1117 1739 1283 1814 Sabelliani,
1307 1747 1337 1800 et
1360 1738 1458 1815 reliqui

292 1818 484 1878 uti-trinitarii
507 1821 650 1898 urgebant
663 1820 804 1881 adversus
818 1820 1011 1896 orthodoxos,
1034 1819 1113 1898 qucd
1130 1819 1248 1879 nomina
1262 1821 1354 1886 οὑπίις,
1376 1821 1458 1894 lm

261 1898 1460 2041 ttbt‘luittffltttlt‘tis⁰ltl¹¹¹l²tit30²⁶0⁰3tt¹¹etmlffl·

261 2051 351 2119 cuca
360 2060 579 2139 Μαίων
591 2061 712 2139 Μίνω,
736 2065 814 2139 cuju
834 2000 885 2121 ..l
905 2059 1056 2136 neura
1078 2077 1128 2118 ne
1143 1998 1280 2136 ’abaci
1300 1999 1462 2118 ...effi

253 2140 393 2216 faciunt!
433 2139 562 2216 Quorum
575 2141 700 2218 vestigia
733 2148 875 2202 rementes
891 2137 1045 2213 Scciniani,
1060 2147 1090 2198 et
1103 2139 1154 2216 qui
1173 2158 1239 2198 cum
1260 2139 1333 2217 ipsis
1353 2139 1400 2197 hic
1419 2137 1461 2195 ia·

261 2219 343 2279 ciunt
356 2219 527 2296 Arminiani,
542 2222 598 2279 hoc
620 2161 742 2298 subinde
756 2227 913 2300 opponunt,
930 2218 1098 2279 Guarcelloeue
1117 2218 1257 2296 inprimis,
1279 2219 1333 2296 qni
1355 2219 1463 2296 peculi-

260 2298 303 2357 ari
318 2298 528 2358 Dissertatione
547 2318 633 2358 usum
653 2300 773 2360 istarum
787 2319 892 2359 vocum
912 2317 966 2358 nec
986 2298 1187 2374 necessarium,
1209 2317 1264 2357 nec
1283 2298 1385 2358 utilem
1400 2317 1463 2356 esse

260 2395 380 2454 operose
393 2377 516 2455 probare
530 2387 657 2453 conatum,
673 2379 797 2456 ideoque
810 2378 901 2438 satius
914 2397 979 2438 esse
991 2387 1026 2438 nt
1044 2381 1181 2438 redeatur
1192 2379 1235 2436 ud
1252 2377 1284 2437 S.
1299 2379 1462 2436 nitemur

259 2455 470 2532 anplidtctem,
485 2465 513 2516 et
533 2477 627 2518 umnec
640 2459 798 2518 Inmaturae
811 2459 929 2518 invene
940 2477 1020 2516 voces
1032 2458 1097 2518 inde
1111 2465 1273 2535 arceamur,
1295 2467 1349 2517 cru
1365 2460 1463 2516 auen

259 2537 352 2595 nuuc
366 2535 493 2612 deriscepr
506 2536 536 2594 in
550 2556 598 2596 aas
602 2539 709 2614 jurare
722 2546 847 2614 cupatur,
862 2556 891 2615 p.
908 2539 955 2612 15,
972 2540 1019 2596 16.

300 2611 408 2673 XVII.
430 2615 574 2692 Equidem
595 2616 620 2674 si
640 2615 677 2675 de
696 2615 792 2695 reipsa
804 2635 962 2676 consensus
975 2624 1061 2692 esset,
1076 2616 1113 2676 de
1126 2615 1247 2676 vocibus
1267 2635 1328 2675 non
1342 2615 1465 2676 multum

258 2693 448 2753 laborandum
468 2713 533 2754 esse
553 2713 742 2772 censeremus,
758 2695 826 2774 quia
845 2715 905 2755 nen
918 2695 1002 2755 decet
1014 2697 1111 2756 virum
1123 2696 1305 2774 ‘I'heclogum
1319 2701 1389 2755 rusb
1413 2699 1467 2776 agl

259 2775 431 2850 areopagita.
473 2773 513 2834 Et
525 2775 582 2836 hoc
595 2794 683 2835 seusu
695 2775 886 2854 intelligendu
900 2783 968 2835 sunt
983 2775 1096 2836 Caluini
1106 2775 1199 2835 nostri
1210 2777 1310 2851 verba,
1326 2795 1392 2853 quae
1408 2785 1464 2836 tam

259 2855 358 2914 odi0se
380 2853 570 2915 traducuntur
593 2855 784 2936 aPcntificiIs
808 2864 838 2915 et
852 2854 1034 2932 Luthersnis,
1056 2855 1107 2914 lib.
1129 2855 1148 2914 i.
1173 2853 1256 2915 Iusti.
1278 2875 1304 2914 c.
1321 2858 1369 2930 13,
1395 2875 1419 2916 a
1436 2858 1463 2914 5.
1548 2901 1549 2936 ,

259 2933 413 2994 “Utinam
436 2935 549 3012 sepulta
570 2942 667 2996 essent
688 2935 805 2995 nomina
818 2933 975 3010 Trinitatis,
993 2937 1126 3012 leucate,
1142 2932 1196 2994 &e
1217 2943 1366 2995 constaret
1379 2933 1464 2994 modo
1548 2945 1549 2954 ³

258 3013 322 3074 hec
335 3011 410 3074 inter
423 3033 523 3074 omnes
542 3013 624 3092 fides,
639 3016 764 3091 Patrem,
780 3015 897 3091 Filium,
918 3023 949 3075 et
970 3015 1108 3094 Spiritum
1131 3013 1268 3073 Sanctum
1289 3033 1355 3074 esse
1376 3033 1463 3074 untun

260 3094 364 3171 Deum,
378 3113 433 3154 nec
445 3101 542 3156 tamen
563 3103 614 3156 aut
628 3095 735 3156 Filium
756 3114 820 3156 esse
834 3095 958 3170 Patrem,
973 3102 1024 3154 aut
1047 3093 1184 3172 Spiritum
1199 3093 1317 3168 Filium,
1333 3093 1389 3153 sed
1401 3113 1463 3172 pro-
1548 3115 1549 3138 ί

257 3174 380 3252 prietute
401 3173 524 3251 quadam
546 3194 609 3235 esse
631 3174 812 3236 distinctos.”
856 3174 915 3234 Sed
935 3173 1003 3252 quia
1021 3173 1126 3252 saepius
1150 3181 1329 3250 compertum
1349 3183 1398 3234 est
1416 3191 1463 3232 eos
1548 3229 1549 3232 ,

258 3253 309 3330 qui
331 3253 367 3312 de
379 3253 478 3312 verbis
497 3254 673 3331 pertinacius
693 3255 818 3334 litigant,
832 3253 930 3314 fovere
944 3252 1088 3312 occultum
1101 3253 1190 3328 virus,
1206 3260 1236 3311 et
1257 3253 1329 3312 satis
1352 3259 1464 3313 conset

258 3351 351 3412 novos
365 3331 436 3390 istos
446 3332 609 3410 Religionis
620 3333 815 3413 Corruptores,
830 3353 890 3393 non
903 3331 960 3392 alia
973 3331 1009 3391 de
1023 3351 1110 3390 causa
1121 3350 1211 3391 uoces
1223 3331 1295 3391 istas
1307 3333 1463 3392 Veteribus

258 3417 411 3486 usurpatas
425 3411 624 3488 condemnare,
639 3413 696 3472 nisi
710 3413 778 3490 quie
798 3431 845 3472 res
864 3413 943 3490 ipsas
956 3411 1015 3470 illis
1028 3411 1195 3488 designatas
1208 3411 1337 3489 recipere
1350 3413 1461 3486 nolunt,

257 3495 292 3549 ut
304 3507 370 3546 cum
383 3488 504 3548 vocibus
517 3509 564 3550 res
577 3490 655 3568 ipsas
668 3491 781 3568 tollant,
795 3499 873 3552 recte
887 3491 986 3551 Nostri
999 3509 1048 3550 eas
1060 3491 1193 3566 retinent,
1209 3509 1368 3569 eurrunqne
1383 3509 1461 3552 usum

256 3585 317 3626 uon
330 3565 416 3626 modo
429 3567 549 3644 licitum,
564 3569 616 3628 sed
629 3577 659 3628 et
671 3570 773 3630 utilem
794 3577 825 3630 et
843 3570 1036 3631 necessarium
1056 3587 1121 3630 esse
1141 3569 1317 3647 pertendrmt
1338 3571 1380 3630 ad
1400 3587 1461 3630 cou-

258 3645 455 3724 stringendam
469 3647 668 3708 hereticorum
681 3650 877 3728 pertinaciam,
889 3659 919 3710 et
931 3650 1010 3728 ipsos
1023 3668 1061 3708 ex
1073 3649 1192 3708 latebris
1206 3649 1267 3708 suis
1281 3649 1454 3711 educendos.
1548 3719 1549 3722 Ἴ

294 3792 379 3840 sm
560 3727 686 3788 XVIII.
708 3729 775 3789 Non
788 3730 934 3808 quaeritur,
957 3727 1008 3788 An
1028 3736 1135 3788 temere
1156 3737 1186 3788 et
1207 3729 1270 3787 siue
1292 3731 1461 3790 necessitate

345 3790 469 3900 503?
518 3807 701 3868 liceatvcces
714 3808 882 3888 peregrinas
892 3817 922 3869 et
934 3827 1025 3868 novas
1039 3817 1122 3868 extra
1134 3807 1461 3886 ScripturaminEocle·
1548 3843 1549 3870 r

520 3887 592 3947 siem
605 3888 807 3950 introducere:
827 3891 883 3948 hoc
897 3887 973 3948 enim
993 3887 1069 3966 apud
1091 3905 1192 3946 omues
1213 3887 1308 3945 estin
1321 3887 1459 3959 confesso,
1548 3879 1549 3930 l

258 3985 295 4026 ne
310 3967 495 4029 AdversariIs
508 3967 702 4028 calumniandi
716 3969 829 4028 occasio
842 3968 934 4043 detur,
949 3985 986 4025 ue
1000 3973 1171 4044 spargantur
1184 3966 1295 4025 semina
1308 3964 1460 4027 dissensio-

257 4067 327 4108 uum
341 4048 371 4107 in
386 4049 525 4126 Ecclesia,
541 4055 571 4108 et
591 4047 799 4126 singularitatis
812 4049 920 4107 oriatur
941 4044 1074 4125 suspicio,
1096 4045 1239 4122 siquidem
1252 4064 1330 4123 saepe
1344 4046 1460 4106 cubuc

257 4128 304 4187 ris
318 4127 424 4205 verbis,
439 4147 523 4188 novae
536 4147 583 4188 res
597 4136 627 4187 et
639 4128 766 4188 recentia
785 4126 922 4204 dogmata
935 4125 1137 4199 obtenduntur,
1151 4143 1210 4201 quo
1223 4125 1371 4202 pertinent
1384 4121 1460 4182 varia
1548 4175 1549 4182 ,

259 4205 378 4266 Petrum
392 4207 478 4285 dicta,
493 4228 559 4287 qua
579 4207 738 4267 cavendam
758 4225 822 4266 esse
839 4205 944 4284 jubent
956 4221 1061 4264 vocum
1081 4203 1249 4280 novitatem,
1265 4211 1295 4262 et
1309 4205 1459 4264 verborum
1548 4213 1549 4232 ¹

257 4283 413 4345 licentiam.
434 4289 508 4366 Aup.
524 4287 560 4346 de
575 4287 607 4346 0.
623 4287 660 4346 D.
674 4286 725 4346 lib.
742 4288 789 4361 10,
804 4305 829 4344 c.
844 4287 892 4360 23,
907 4291 937 4344 et
956 4282 1056 4342 Hiero.
1071 4282 1101 4340 in
1115 4281 1217 4361 Epist..
1232 4282 1272 4341 ad
1293 4283 1456 4342 Damasum.

260 4362 327 4436 Sed,
344 4363 394 4423 An
406 4365 495 4427 liceat
507 4366 591 4444 gravi
604 4365 712 4446 aliqua,
722 4363 832 4425 ratione
853 4365 895 4424 ita
908 4363 1043 4440 exigente
1056 4362 1194 4440 dogmata
1206 4359 1330 4442 ίγγμφι
1342 4359 1458 4420 vocibus

257 4443 382 4520 ἇγςιίφοις
396 4447 557 4522 enunciare,
567 4444 604 4504 ad
612 4445 771 4524 planiorem
781 4443 911 4504 veritatis
924 4441 1153 4521 explicationem,
1163 4451 1193 4502 et
1206 4443 1372 4502 solidiorem
1384 4455 1455 4498 erro·
1548 4469 1549 4504 r

257 4535 322 4575 rum
335 4521 545 4584 refutationem.

299 4593 394 4658 XIX.
416 4601 483 4660 Non
504 4603 650 4681 quaeritur,
673 4602 723 4663 An
751 4621 844 4662 sermo
867 4601 1016 4660 homiuum
1041 4599 1237 4678 preferendus
1263 4600 1302 4660 sit
1330 4591 1455 4659 Sermoni
1548 4615 1549 4656 1

259 4669 378 4750 divino,
401 4678 468 4755 Sed,
485 4681 535 4740 An
548 4683 598 4742 ille
618 4682 657 4741 ad
676 4680 1001 4752 istius'elucidationem
1023 4680 1054 4739 in
1067 4699 1125 4757 quc
1148 4678 1318 4739 Adversarii
1339 4671 1453 4738 latibula
