3044 5180
240 361 299 418 242
722 375 963 418 nocusrssrrus.
1234 353 1439 436 [quassum.

240 521 440 599 rememsis,
449 517 529 595 quod
539 525 720 578 consummat
734 537 807 596 opos
821 517 924 578 salutis
937 517 1103 577 inchoatum
1114 537 1132 576 a
1142 516 1239 593 Patra,
1249 525 1279 577 et
1291 525 1445 595 promotum

243 600 360 658 aFilio.

284 678 380 738 XIII.
404 681 419 736 1
434 678 499 737 Gor.
513 677 565 738 xii.
580 680 609 752 4,
621 679 649 754 5,
662 680 690 738 6.
707 679 725 712 “
737 677 946 739 Distinotiones
960 678 1100 738 donorum
1116 677 1212 752 sunt,’'
1228 677 1322 755 inquit
1336 677 1448 752 Paulus,

246 758 421 820 “sedidem
437 757 579 836 Spiritus;
601 757 801 818 distinctiones
811 757 1045 834 ministeriorum,
1059 756 1112 818 sed
1125 757 1202 816 idem
1218 758 1374 832 Dominus,
1393 757 1450 816 dis-

243 839 398 902 tinctiones
418 839 625 916 operationum,
641 838 782 898 sedidem
798 839 878 898 Deus
899 839 949 915 qui
970 847 1104 917 operatur
1124 838 1221 898 omnia
1242 839 1273 896 in
1293 838 1449 897 omnibus.'’

245 921 318 980 Sum
332 927 428 979 eutem
443 927 556 978 constet
570 918 713 978 neminem
726 919 784 978 nisi
799 919 894 978 Deum
916 921 1009 980 solum
1024 938 1109 996 posse
1123 919 1275 978 authorem
1289 937 1351 978 esse
1365 917 1451 976 dono-

245 1020 318 1076 rum,
333 999 565 1076 ministeriorum,
581 1008 611 1060 et
624 999 832 1077 operationum,
848 1019 966 1059 neeesse
988 1008 1033 1059 est
1053 1008 1086 1060 ut
1111 999 1245 1077 Spiritus,
1263 999 1408 1072 Dominus,
1424 1007 1454 1056 et

246 1081 327 1140 Deus
342 1080 438 1155 Pater,
454 1099 471 1138 a
485 1081 590 1158 quibus
604 1080 660 1140 ista
674 1080 902 1158 proficiscuntur,
924 1080 983 1139 sint
997 1099 1073 1140 unus
1087 1079 1136 1138 ille
1153 1079 1244 1139 Deus.
1287 1079 1349 1138 Neo
1362 1087 1456 1156 potest

247 1159 305 1220 diei
319 1180 422 1222 musas
436 1161 507 1220 istas
521 1180 584 1220 esee
605 1160 816 1237 subordinatas,
836 1179 894 1220 non
916 1160 1098 1238 principales,
1113 1159 1182 1237 quia
1195 1160 1227 1218 in
1244 1158 1346 1218 eodem
1360 1159 1457 1217 ordine

248 1240 434 1318 collocantur,
450 1249 479 1302 ct
502 1259 561 1299 non
581 1242 677 1300 minus
693 1241 817 1318 Spiritus
837 1240 944 1300 dicitur
963 1239 1134 1300 distribuere
1155 1238 1281 1316 singulis
1298 1249 1383 1318 prout
1394 1239 1458 1298 vult

248 1321 333 1396 dona,
349 1341 436 1399 quem
458 1319 539 1382 Deus
554 1320 641 1384 Pater
660 1322 764 1380 author
784 1341 847 1382 esse
869 1321 1088 1399 operationum:
1111 1320 1159 1380 Sic
1181 1319 1345 1397 Apostolus
1360 1319 1456 1378 Corin·

248 1401 326 1462 thios
337 1400 373 1460 de
384 1400 468 1460 donis
482 1401 557 1460 inter
571 1421 601 1459 se
615 1401 763 1478 litigantes
778 1400 816 1459 ad
829 1400 969 1460 unitatem
980 1401 1044 1460 vult
1058 1400 1195 1460 reducere
1203 1400 1260 1459 hoe
1271 1407 1457 1477 argumento:

149 1496 152 1502 '
249 1481 435 1558 Quaeounque
449 1481 563 1539 habetis
577 1481 639 1540 sive
653 1481 738 1556 done,
748 1481 811 1540 sive
819 1481 986 1557 ministeria,
997 1481 1058 1540 sive
1070 1481 1251 1558 operationes
1262 1479 1456 1554 miraculosae,

249 1561 286 1620 ab
300 1560 386 1620 unico
402 1560 465 1620 Deo
478 1561 669 1638 proveniunt;
692 1561 744 1620 sed
764 1561 820 1620 ista
840 1561 946 1638 partim
959 1580 977 1618 a
992 1561 1102 1638 Spiritu
1119 1561 1158 1636 S.
1180 1559 1287 1637 partim
1301 1581 1319 1618 a
1334 1561 1457 1618 Domino

249 1641 271 1701 J
272 1659 332 1716 esu,
347 1640 452 1717 partim
473 1661 491 1698 a
505 1641 569 1700 Deo
584 1641 678 1716 Patre,
694 1640 745 1719 qui
758 1640 817 1698 κατ’
831 1643 913 1718 {texis
928 1641 1008 1700 Deus
1022 1639 1135 1716 dicitur,
1151 1640 1359 1716 conferuntur3
1381 1640 1457 1716 Ergo

250 1719 344 1794 Pater,
360 1719 463 1859 lFilius,
478 1729 508 1782 et
524 1719 649 1799 Spiritus
664 1721 695 1782 S.
715 1732 783 1782 sunt
795 1741 871 1782 unus
884 1722 934 1782 ille
949 1722 1039 1797 Deus,
1054 1720 1085 1779 in
1098 1740 1157 1799 quo
1170 1740 1225 1780 vos
1239 1729 1356 1799 oportet
1368 1720 1456 1778 unita·

252 1807 311 1860 tem
325 1819 359 1860 oo
372 1819 429 1860 ere.

442 1946 448 1958 ¹
554 1881 644 1942 XIV.
667 1880 851 1960 Impossibile
873 1890 919 1942 est
945 1881 1023 1941 idem
1043 1900 1107 1940 esse
1130 1889 1160 1941 et
1186 1901 1246 1940 non
1267 1899 1333 1940 esse
1360 1879 1457 1939 eodem

268 1945 474 2050 mmm
513 1971 663 2039 respectu;
686 1961 738 2022 sed
751 1961 783 2020 in
796 1961 936 2021 Trinitate
950 1981 1015 2038 quse
1029 1961 1249 2038 distinguuntur
1262 1961 1456 2039 personaliter,

513 2042 591 2102 idem
617 2051 739 2120 possunt
766 2061 829 2102 esse
857 2041 1063 2119 essentialiter;
1095 2041 1199 2118 Itaque
1226 2043 1282 2101 etsi
1305 2041 1399 2100 Filius
1426 2041 1460 2098 sit

252 2124 383 2202 ejusdem
403 2123 536 2184 essentias
559 2143 624 2184 cum
645 2122 738 2200 Patre,
760 2130 838 2182 reete
860 2120 965 2182 dieitur
985 2142 1043 2181 non
1067 2141 1131 2181 esse
1152 2121 1260 2183 Pater:
1282 2121 1364 2182 Illud
1387 2119 1458 2180 enim

251 2205 363 2264 ratione
377 2205 509 2264 essentiae
522 2211 635 2262 tantum
649 2202 762 2276 dicitur,
777 2202 833 2262 boo
847 2221 916 2261 vero
930 2211 1062 2279 respectu
1077 2201 1221 2262 Persona.

294 2283 366 2344 XV.
389 2283 446 2357 Qui
459 2290 528 2342 sunt
541 2291 600 2342 tres
613 2301 733 2342 numero
743 2282 801 2358 Dii,
817 2302 875 2341 non
890 2291 957 2342 sunt
970 2302 1046 2342 unus
1056 2301 1176 2342 numero
1188 2282 1285 2359 Deus;
1301 2281 1353 2342 sed
1367 2281 1459 2354 Pater,

254 2363 356 2438 Filius,
373 2371 402 2421 et
418 2363 543 2440 Spiritus
559 2363 589 2421 S.
611 2361 680 2420 licet
694 2361 752 2421 sint
766 2371 825 2420 tres
839 2381 959 2421 numero
974 2363 1117 2438 Personae,
1139 2383 1199 2422 non
1212 2373 1283 2422 sunt
1296 2371 1394 2422 tamen
1407 2371 1459 2420 tres

251 2461 371 2502 numero
383 2442 441 2516 Dii,
452 2442 520 2518 quia
534 2440 654 2500 eandem
667 2441 841 2518 partiprsnt
855 2443 1020 2502 Essentiem
1030 2443 1177 2502 Divinam.
1219 2443 1310 2502 Pater
1323 2451 1367 2502 est
1380 2443 1458 2512 alius,

254 2522 347 2582 Filius
361 2530 405 2582 est
419 2521 502 2598 elius,
518 2521 643 2580 sednon
656 2521 731 2580 alius
740 2521 838 2599 Deus;
855 2521 942 2582 Alius
956 2531 1001 2584 est
1014 2523 1211 2602 personaliter,
1227 2523 1281 2584 sed
1294 2542 1355 2582 non
1368 2541 1458 2582 essen·

254 2601 369 2662 tisliter.

294 2681 385 2740 XVI.
407 2680 553 2759 Principia
573 2699 638 2758 quae
652 2699 722 2740 vera
743 2689 810 2740 sunt
824 2679 860 2740 de
880 2691 984 2742 natura
1003 2681 1087 2743 finite
1105 2703 1165 2742 non
1185 2689 1253 2744 sunt
1267 2679 1459 2742 meletenia

253 2760 291 2822 ad
304 2761 454 2836 infinitam,
470 2761 578 2838 alioqui
592 2761 665 2820 liunt
678 2761 759 2836 falsa,
767 2781 795 2820 v.
805 2781 835 2839 g.
849 2761 918 2821 Tria
931 2782 991 2822 non
1003 2773 1125 2841 possunt
1139 2783 1202 2822 esse
1215 2783 1323 2836 unum;
1343 2763 1459 2841 gignens
1514 2809 1515 2818 ,

253 2851 282 2902 et
296 2841 427 2919 genitum
440 2861 499 2901 non
513 2851 580 2902 sunt
594 2861 683 2900 unum
697 2842 839 2918 essentia;
854 2842 933 2920 quod
948 2843 1094 2920 singulare
1108 2853 1153 2904 est
1166 2853 1196 2903 et
1209 2843 1396 2904 individuum
1409 2861 1458 2900 non
1514 2869 1515 2896 l

253 2931 350 3000 potest
363 2921 568 2982 communicari
582 2922 722 3006 pluribus.
764 2921 836 2980 Ideo
850 2923 924 2982 male
939 2923 1105 3000 colligitur:
1127 2924 1165 2982 In
1177 2925 1314 2984 humenis
1327 2934 1389 2984 tres
1401 2941 1456 3002 per-
1514 2901 1515 2948 l

255 3022 333 3063 eones
348 3013 415 3064 sunt
429 3011 488 3062 tres
501 3003 641 3076 homines,
658 3001 738 3079 Ergo
752 3003 782 3060 in
798 3001 914 3064 Divinis
927 3011 986 3062 tres
1001 3003 1136 3064 Persona
1151 3013 1218 3063 sunt
1232 3013 1292 3064 tres
1308 3005 1380 3064 Dii:
1400 3002 1458 3080 quia

254 3083 286 3142 in
299 3083 433 3142 humanis
441 3081 485 3140 illi
499 3091 558 3141 tres
569 3082 689 3141 eandem
698 3082 871 3160 participant
879 3083 1033 3142 essentiam
1043 3084 1138 3161 specie
1147 3093 1260 3146 numm
1269 3105 1329 3144 non
1337 3101 1455 3152 numero,

255 3171 285 3224 et
299 3164 422 3224 similem
436 3163 632 3240 potiusquam
647 3161 777 3237 eandem,
793 3163 900 3222 babent
920 3163 997 3221 enim
1010 3164 1133 3241 quisque
1154 3183 1236 3224 suam
1257 3165 1419 3238 essentiam,
1433 3171 1457 3218 et
1513 3207 1514 3210 .

254 3242 439 3304 existentiam
454 3243 644 3320 singularem,
660 3242 756 3304 sedin
771 3242 887 3301 Divinis
897 3242 1031 3304 Persona
1045 3244 1167 3304 eandem
1179 3245 1357 3323 participant
1371 3261 1455 3304 essen·
1513 3261 1514 3335 p

255 3323 326 3386 tiam
340 3343 459 3382 numero
474 3323 624 3382 infinitam.

297 3401 405 3460 XVII.
429 3403 511 3462 Licet
525 3403 583 3460 sint
596 3411 655 3462 tres
670 3402 805 3462 Personae
821 3402 945 3478 Divinae,
960 3423 1017 3462 non
1039 3403 1169 3481 sequitur
1188 3403 1245 3464 trie
1260 3403 1324 3463 dari
1338 3403 1455 3464 infinita:

256 3479 331 3538 Nam
345 3490 378 3539 ut
392 3481 519 3540 Trinitas
534 3481 726 3542 Personarum
739 3503 798 3541 non
812 3481 897 3542 insert
917 3483 1087 3542 Trinitatem
1103 3485 1240 3559 Deorum,
1254 3493 1375 3562 propter
1388 3483 1453 3542 iden·

256 3560 368 3618 titatem
383 3559 522 3634 essentis,
539 3559 586 3618 Its
599 3581 657 3619 non
677 3562 763 3622 infert
777 3562 947 3622 Trinitatem
969 3563 1154 3639 infinitorum,
1169 3565 1239 3641 quia
1259 3575 1320 3624 tres
1335 3565 1454 3624 Perseus
1512 3633 1513 3636 Ἴ

256 3637 378 3699 eandem
389 3658 508 3699 numero
518 3639 689 3700 infinitatem
700 3642 817 3718 habent,
827 3663 891 3720 quse
899 3652 945 3703 est
952 3644 1112 3722 proprietas
1121 3645 1293 3720 essentialis,
1303 3665 1338 3704 ac
1348 3639 1455 3723 proinde
1512 3655 1513 3721 p

257 3729 325 3782 sunt
338 3739 414 3780 unus
429 3719 509 3778 Deus
523 3719 661 3780 infinitus.

299 3799 425 3858 XVIII.
448 3798 509 3862 Ubi
522 3809 589 3859 sunt
603 3821 694 3861 unum
708 3810 737 3861 et
751 3802 806 3862 tn's
819 3802 934 3862 realiter
947 3801 1092 3878 distincta,
1113 3804 1156 3863 ibi
1169 3800 1393 3882 sunt'quatuor3
1413 3795 1454 3858 sed
1511 3843 1512 3858 .

257 3880 305 3940 bie
321 3880 456 3940 Personse
470 3888 528 3939 tres
542 3881 658 3940 realiter
670 3901 729 3941 non
743 3881 964 3959 distinguuntur
983 3882 1020 3941 ab
1041 3884 1175 3960 essentia,
1191 3885 1243 3943 sed
1264 3893 1377 3944 tantum
1396 3879 1453 3940 sub·

257 3959 380 4022 sIstendi
393 3960 488 4036 modo,
502 3960 545 4019 ita
558 3971 592 4020 ut
604 3963 678 4020 alius
691 3963 767 4020 inter
781 3962 932 4037 Personas,
948 3961 1000 4021 sed
1013 3982 1072 4021 non
1085 3965 1167 4022 aliud
1179 3964 1254 4022 inter
1264 3965 1331 4023 illas
1345 3973 1374 4022 et
1383 3957 1454 4020 Divi·

258 4041 379 4100 nitatem
399 4041 565 4118 reperiatur,
581 4041 651 4119 quie
674 4051 732 4102 tres
756 4041 814 4100 illae
829 4040 973 4116 Personae,
995 4041 1069 4102 nibil
1092 4043 1173 4104 uliud
1195 4053 1263 4104 sunt
1284 4063 1371 4122 quam
1392 4055 1455 4099 unus

259 4119 349 4194 Deus,
364 4120 415 4198 qui
429 4121 460 4178 in
474 4122 567 4182 tribus
582 4122 718 4182 Pereonis
731 4120 925 4181 diversimode
939 4121 1079 4182 subsistit.

299 4199 394 4259 XIX.
417 4200 557 4275 Quamvis
570 4221 656 4262 verus
672 4203 752 4262 Deus
773 4202 811 4261 sit
824 4201 959 4277 Trinitas,
974 4211 1071 4262 temen
1092 4223 1150 4262 non
1164 4202 1305 4282 quicquid
1324 4211 1368 4264 est
1381 4213 1455 4258 rems

260 4277 341 4338 Deus
355 4289 400 4340 est
413 4281 549 4357 Trinitas,
565 4283 617 4342 sed
631 4282 679 4342 vel
693 4281 828 4358 Tiinitas,
843 4282 892 4342 vel
906 4282 1003 4360 alique
1016 4283 1080 4361 ejus
1095 4283 1232 4344 Persona

299 4358 377 4418 XX.
400 4360 456 4436 Qui
481 4362 606 4440 concipit
628 4363 723 4422 Deum
746 4371 884 4440 tanquam
906 4382 1004 4438 unum,
1029 4364 1155 4442 eoneipit
1178 4363 1351 4441 completum
1371 4351 1453 4445 quoad

258 4438 501 4514 eomplementum
514 4441 654 4517 essentiae,
670 4441 722 4502 sed
742 4462 802 4502 non
823 4442 920 4502 statim
934 4443 1031 4520 quoad
1051 4444 1292 4520 complementum
1312 4435 1452 4520 personab-

259 4515 343 4604 tatis3
366 4537 420 4578 neo
434 4521 459 4579 si
473 4531 629 4599 conceptus
642 4529 740 4582 noster
754 4522 790 4580 de
800 4523 863 4582 Deo
874 4531 919 4582 est
932 4523 1132 4600 incomplctus,
1144 4523 1274 4601 sequitur
1287 4523 1351 4582 ideo
1361 4521 1452 4578 Essen·

259 4600 329 4732 p'am
351 4595 443 4686 ipsam
460 4601 598 4662 Divinam
618 4623 682 4664 esse
703 4603 916 4684 incompletem,
931 4604 1000 4681 quia
1014 4603 1150 4666 Essentia
1169 4613 1214 4664 est
1231 4597 1453 4682 inseparabilius
1509 4637 1510 4654 .

285 4689 405 4734 arsonis.
