3158 5180
249 353 308 410 432
746 360 838 402 cocus
852 359 988 410 Quisrus.
1255 337 1380 423 [quaer.
1395 361 1462 403 xiv,

290 507 350 567 IX.
375 506 406 567 Si
420 503 516 564 anima
529 501 627 562 interit
640 521 707 566 eum
721 519 848 580 corpore,
869 500 919 559 vel
933 518 1033 559 somno
1048 499 1132 578 gravi
1144 501 1284 577 obruitur,
1307 501 1462 577 Quomodo

250 589 360 648 Paulus
374 605 439 646 cum
460 583 595 643 fidelibus
617 590 684 660 post
705 580 850 640 terrestris
871 579 1049 639 tabernaculi
1071 579 1298 656 dissolutionem,
1325 590 1464 659 expectat

249 668 402 728 adfictum
416 673 446 724 et
459 663 578 722 domuin
592 671 727 721 etei-nem
750 669 779 720 et
801 659 981 739 exagitatus
1002 661 1032 718 in
1056 660 1162 720 eoelis?
1202 661 1355 736 Quomodo
1379 662 1466 739 cupit

250 768 316 808 oum
330 748 401 825 ipsit
415 742 547 820 hispalim
561 743 587 801 ie
599 749 643 801 rai
656 743 778 818 reipsam,
793 749 838 799 ui
852 737 978 804 Meas
992 745 1052 822 ugia
1062 745 1102 798 rii
1114 753 1210 822 Regias,
1226 761 1263 800 ex
1275 761 1395 817 empore
1409 761 1462 800 α’-

249 831 355 903 ccdere,
370 836 397 885 et
409 827 451 884 ud
463 827 558 882 Deum
571 825 727 898 concedere,
743 825 762 879 2
778 821 842 880 Cor.
857 840 887 878 v.
903 823 929 896 l,
945 823 974 895 8,
1000 829 1029 878 et
1049 819 1119 878 alibi
1133 829 1214 898 optat
1226 822 1314 896 abire,
1341 840 1393 880 seu
1408 821 1463 879 mi'-

246 927 335 985 9rare
358 909 401 965 ad
412 904 574 978 Domdiuns,
597 911 624 962 et
636 921 692 961 esse
705 921 768 960 cum
783 900 919 960 Olor-rito!
940 898 1047 976 Philip.
1061 899 1080 957 i.
1096 903 1144 960 23.
1187 900 1339 975 Quomodo
1354 900 1463 960 Iassii

248 988 344 1046 anima
357 984 503 1045 inducitur
516 991 582 1059 post
596 981 706 1041 obitum
721 981 751 1038 in
765 980 831 1038 sinu
844 977 981 1055 Abrahae,
993 979 1045 1037 ubi
1058 979 1187 1040 suaviter
1194 981 1327 1057 quiescit,
1339 988 1370 1038 et
1379 980 1463 1057 Epu-

247 1067 331 1142 lonis‚
354 1084 420 1143 quea
444 1070 544 1122 contra
568 1061 598 1119 in
621 1061 721 1120 inseris
742 1059 900 1118 miserrima
919 1067 1078 1135 torquetur,
1094 1059 1165 1119 Luc.
1180 1060 1266 1119 xvi?
1306 1059 1463 1134 Quomodo

249 1149 352 1208 animo
365 1147 530 1220 Martyrum
543 1142 593 1199 aab
606 1141 710 1215 Alteri,
726 1140 832 1197 induta
850 1139 927 1198 stob's
948 1139 1027 1214 albe,
1049 1158 1115 1215 que
1129 1139 1264 1217 symbols
1276 1147 1345 1198 sunt
1358 1139 1464 1216 glorias

248 1246 306 1304 qua
319 1226 460 1298 fruuntur,
476 1224 636 1296 stimantes,
651 1229 679 1278 at
697 1219 848 1278 uindbtcm
869 1219 929 1276 Dei
948 1227 1112 1295 metentes,
1133 1222 1356 1296 proponuntur?
1377 1217 1462 1298 Apo·

248 1307 302 1366 cal.
317 1306 356 1364 vi.
374 1309 420 1362 ll.
462 1299 613 1380 Quomodo
628 1299 746 1376 spiritns
760 1297 914 1376 impiorum
927 1297 1096 1376 corporibus
1110 1298 1198 1358 soluti
1212 1299 1349 1358 dicuntur
1359 1317 1426 1359 csse
1440 1300 1463 1358 ii

249 1389 356 1466 φυλακῇ
376 1386 404 1443 in
425 1400 540 1442 earcere
560 1379 622 1438 scil
643 1378 785 1454 infernali,
804 1381 819 1436 1
841 1377 917 1437 Petr.
932 1377 973 1435 iii
990 1379 1036 1454 19,
1058 1377 1109 1438 ubi
1129 1378 1247 1438 meritas
1269 1379 1467 1438 contumacia

250 1474 280 1525 ‘t
293 1464 421 1543 ¹³⁰¹fid¹⁸³
435 1479 536 1620 Q
548 1458 794 1598 {fisidiam
808 1535 961 1614 multiplex
973 1536 1029 1596 hoc
1038 1536 1225 1597 remensum
1259 1505 1368 1613 remo,
1384 1536 1461 1595 nn.

257 1609 488 1680 septemdenis
507 1637 563 1676 mae
577 1617 821 1678 immortalitatem
843 1617 971 1695 postulat
989 1617 1173 1680 moerentia
1196 1624 1226 1676 et
1249 1617 1370 1676 Juae'a‘u
1392 1617 1459 1694 Dei,

340 1669 393 1714 ΒΜ·
507 1708 540 1758 ut
554 1699 638 1756 bonis
651 1698 769 1772 bonnm,
784 1696 868 1755 malis
882 1695 990 1754 malum
1003 1696 1185 1773 rependatur,
1207 1696 1285 1774 quod
1299 1716 1368 1755 cnm
1382 1697 1460 1774 sapi-

247 1781 396 1841 entissimo
412 1779 468 1839 Dei
481 1777 603 1838 consilio
616 1797 675 1836 non
689 1795 802 1854 semper
815 1775 867 1835 fiat
879 1775 910 1833 iii
933 1776 987 1834 hac
1008 1775 1078 1852 vita,
1103 1776 1191 1835 debet
1203 1775 1295 1835 altere
1308 1777 1459 1853 expectari

248 1861 419 1938 necessario,
435 1860 536 1937 inqua
550 1857 715 1918 distributio
737 1857 788 1914 illa
806 1871 957 1934 pmiiamm
976 1863 1007 1914 et
1028 1855 1211 1932 praemiorum
1224 1855 1283 1915 fiat
1328 1855 1462 1915 Postulat

509 1957 573 1997 eam
592 1939 702 1997 Veritus
723 1937 790 2012 Da',
805 1954 870 2013 quse
891 1935 948 2012 piis
962 1954 1104 1994 summm
1122 1935 1299 2010 felicitatem,
1318 1943 1349 1994 et
1362 1936 1460 2013 impiis

509 2026 669 2078 extremam
682 2017 827 2076 miseriam
846 2015 1054 2090 interminatur,
1078 2033 1137 2074 non
1150 2015 1181 2073 iii
1199 2015 1254 2074 hoo
1268 2023 1393 2090 tanmm,
1409 2015 1461 2074 sed

303 2151 435 2212 Sapientia
509 2097 597 2158 etiam
610 2097 641 2155 iii
654 2096 751 2156 futuro
765 2096 872 2188 seculo.
895 2094 1028 2188 ¹Postulat
1038 2114 1105 2187 eam
1117 2095 1265 2171 Βαρίειιιια
1284 2102 1316 2154 et
1329 2096 1459 2170 Bonitas,

247 2269 350 2336 erim,
367 2259 418 2318 ai
428 2184 756 2330 „rittittttttt
766 2174 971 2348 ιξιῖἱὲῗζέ
982 2175 1375 2348 littttlttttttt
1387 2174 1460 2348 lit:

506 2335 1014 2488 ,iu

248 2504 316 2556 aurit
329 2492 443 2569 soliciti,
459 2491 564 2552 fiimtra
578 2493 774 2552 calamitatum
788 2499 818 2550 et
832 2491 925 2551 crucis
946 2493 1052 2570 jugum
1065 2492 1208 2571 patienter
1220 2491 1326 2568 semint,
1344 2493 1461 2552 siidem

247 2575 343 2635 exitus
356 2573 420 2651 pios
434 2580 464 2631 et
483 2571 587 2650 impios
609 2582 706 2633 menet
728 2590 795 2629 cuni
818 2571 928 2630 bestiis.
972 2571 1184 2649 Sapientiesimi
1205 2581 1289 2632 crunt
1312 2572 1460 2650 Epicurei,

246 2654 297 2733 qui
311 2652 466 2712 cuticulam
480 2658 590 2726 curant,
606 2660 636 2711 et
648 2652 721 2710 nihil
734 2650 818 2728 pensi
831 2651 948 2727 liabent,
974 2670 1062 2729 quam
1081 2660 1113 2712 ut
1126 2652 1212 2730 genio
1226 2651 1409 2729 indulgeant,
1430 2662 1461 2711 at

247 2734 301 2794 toti
315 2731 428 2792 deliciis
449 2731 675 2808 immergantur3
697 2733 837 2805 Edcmus,
852 2739 880 2790 et
891 2731 1023 2806 bdurniis,
1038 2731 1180 2809 inquiunt,
1198 2733 1273 2792 &aa
1295 2734 1460 2807 mortemer,

305 1993 426 2040 Veritate.

297 2389 433 2448 Religione.

510 2813 525 2869 1
537 2810 602 2870 Cor.
614 2831 665 2871 xv.
673 2814 720 2870 32.
737 2811 870 2870 Postulat
878 2829 942 2870 eam
950 2811 1082 2870 innatum
1092 2812 1225 2873 omnibus
1239 2812 1461 2871 inmortalitati
1573 2849 1574 2889 ,

275 2876 473 2983 Ῑᾚξζῗζέἑξω
508 2871 684 2968 ἀωίἀενίαηῖ,
700 2897 730 2950 et
743 2891 887 2968 appetitus
901 2890 950 2949 ille
964 2889 1102 2967 infinitus,
1124 2891 1175 2968 qui
1188 2911 1338 2969 nunqnam
1361 2891 1461 2950 satiari

508 2979 604 3049 potest
617 2971 674 3030 nisi
687 2970 764 3031 bono
778 2979 885 3030 aeterno
898 2978 929 3029 et
942 2969 1074 3030 infinito:
1097 2970 1169 3030 (him
1180 2971 1257 3030 enim
1271 2991 1383 3030 vanum
1396 2991 1460 3030 esse

247 3077 307 3116 non
320 3055 413 3136 possit
426 3062 456 3114 et
469 3051 662 3111 frustraneum
675 3049 851 3110 desiderium
863 3050 919 3109 hoc
933 3049 1056 3127 singulis
1069 3069 1088 3109 a
1101 3051 1226 3110 Numine
1247 3059 1277 3111 et
1290 3059 1398 3111 natura
1416 3051 1459 3110 in·

249 3137 346 3212 situm,
361 3131 604 3196 immortalitatem
618 3130 778 3191 animarum
792 3128 854 3188 deii
867 3148 985 3189 necesse
998 3137 1043 3188 est
1056 3137 1089 3188 ut
1103 3130 1262 3207 expleatur.

550 3210 610 3269 XI.
634 3209 776 3286 Secundo,
798 3229 861 3268 eain
875 3209 978 3286 probat
991 3209 1054 3286 ejus
1067 3210 1271 3286 Spintuclitui.
1287 3211 1365 3269 Nam
1378 3210 1459 3288 quic·
1572 3202 1573 3223 ¹

263 3281 321 3328 Μ
337 3279 475 3383 {pigitum
509 3288 579 3382 quid
594 3298 639 3350 eat
653 3290 809 3382 spirituale,
829 3297 859 3348 et
882 3307 900 3347 a
921 3289 1048 3382 materia
1070 3290 1205 3366 contagio
1226 3289 1360 3383 liberum,
1386 3290 1460 3349 illud

395 3369 401 3384 ⁸
511 3377 556 3428 est
570 3370 741 3445 immortale,
756 3389 825 3447 quis
838 3376 870 3428 ut
884 3387 994 3428 summe
1009 3369 1133 3447 simplex
1146 3379 1177 3428 et
1196 3369 1384 3446 indivisibile,
1407 3389 1458 3428 ex·

249 3466 315 3526 pers
337 3455 383 3506 est
404 3447 622 3522 contrarietatis,
646 3466 711 3524 quse
733 3449 824 3506 oritur
845 3456 957 3508 tantum
977 3447 1196 3525 aqualitatibus
1210 3449 1371 3524 contradis,
1394 3469 1459 3526 quse

250 3535 317 3587 sunt
330 3525 501 3600 materiales,
517 3533 547 3584 et
560 3525 633 3583 nihil
644 3535 689 3585 est
702 3547 720 3585 a
733 3546 791 3603 qno
809 3527 846 3586 ab
860 3527 1016 3586 intrinseco
1030 3529 1174 3604 corrumpi
1186 3529 1287 3606 possit,
1303 3529 1353 3587 vel
1371 3529 1458 3588 inter-
1571 3515 1572 3557 t

250 3607 309 3682 ire3
333 3605 453 3664 mortale
474 3605 552 3664 enim
573 3603 647 3664 illud
668 3604 785 3665 demum
809 3614 861 3682 est,
886 3607 966 3683 quod
979 3606 1127 3666 materiale
1141 3616 1186 3667 est
1206 3617 1235 3667 et
1255 3609 1457 3685 compositum,

250 3685 524 3778 quodqueneonstat
546 3683 743 3778 qualitatibus·
759 3684 911 3745 conmaiiis
932 3687 1008 3780 inter
1029 3705 1060 3744 se
1083 3687 1289 3780 pugnantibus.
1334 3687 1367 3746 Si
1388 3707 1459 3764 ergo

249 3768 346 3826 anima
359 3785 373 3826 s
394 3764 516 3824 iritualis
529 3772 581 3840 eat,
593 3783 647 3824 nec
661 3763 793 3824 educitur
806 3785 844 3824 ex
858 3773 988 3842 potentia
995 3775 1130 3842 metense,
1140 3785 1194 3825 nec
1204 3767 1241 3827 ab
1255 3785 1290 3826 ea
1303 3765 1458 3844 dependet,

165 3879 170 3890 ·
249 3865 308 3906 non
321 3867 351 3905 m
390 3843 535 3920 oinfieri,
561 3843 613 3902 sed
634 3863 688 3903 nec
712 3843 839 3920 inesse,
863 3845 932 3922 quia
954 3845 1127 3922 pecidiarem
1149 3845 1325 3906 subsistendi
1339 3846 1458 3905 modum
1570 3849 1571 3888 l

250 3927 376 4002 sortitur,
392 3934 479 4001 atque
492 3923 534 3984 ita
546 3943 605 3982 noii
618 3923 739 3984 moritur
760 3944 827 3986 cum
840 3943 967 4002 corpore,
990 3923 1042 3982 sed
1056 3934 1187 4002 separata
1200 3925 1237 3983 ab
1251 3945 1286 3984 eo
1301 3925 1458 3984 subsistere

248 4014 353 4085 potest
395 4005 532 4063 Animam
556 4012 653 4063 autem
674 4003 852 4081 spiritualem
866 4023 937 4078 esse,
960 4021 1019 4061 non
1032 4003 1136 4064 melius
1146 4005 1296 4098 probatur,
1310 4023 1399 4082 quam
1420 4025 1458 4064 ex

249 4087 313 4165 ejus
337 4083 560 4162 operationibus,
584 4102 649 4160 qum
663 4103 681 4141 a
693 4083 845 4160 posteriori
867 4081 1005 4158 indicant,
1030 4083 1116 4159 qnale
1130 4092 1168 4143 sit
1181 4084 1354 4162 principium
1368 4105 1386 4143 a
1399 4104 1457 4162 qno
1569 4121 1570 4124 =

249 4165 477 4243 proficiscuntur,
501 4163 569 4240 quia
593 4163 619 4236 si
641 4172 709 4223 sunt
733 4161 904 4240 spirituales,
930 4171 960 4221 et
981 4161 1078 4220 anima
1098 4162 1163 4240 ipsa
1183 4163 1270 4224 debet
1294 4183 1358 4222 esse
1373 4163 1456 4241 spiri-
1569 4153 1570 4222 l

248 4245 345 4304 tum·
535 4321 631 4379 ΧΠ.
655 4321 826 4398 Spirituales
840 4329 1015 4382 eutemesse
1029 4321 1093 4399 ejus
1107 4320 1289 4399 operationes
1303 4329 1384 4380 certo
1397 4320 1457 4379 eol·

249 4389 272 4434 ⁴·
279 4387 491 4503 fflffiffiffl·
510 4399 614 4477 ligitur
627 4419 665 4458 ex
679 4420 777 4460 aarum
792 4401 1006 4477 independcats'a
1019 4421 1039 4459 a
1053 4421 1180 4477 corpore,
1203 4399 1281 4460 unde
1301 4408 1332 4459 et
1352 4399 1458 4458 animae

452 4479 458 4492 '
510 4479 602 4555 ipsius
629 4479 855 4558 independentia
877 4479 1025 4556 sequitur:
1054 4480 1129 4540 Nam
1153 4479 1294 4540 sianima
1315 4478 1456 4556 indepen-

248 4553 350 4612 denter
363 4563 459 4629 potest
471 4575 557 4633 egere
572 4577 590 4616 a
604 4577 731 4635 corpore,
746 4567 843 4636 potest
856 4560 943 4619 etiam
959 4557 1187 4636 independenter
1205 4578 1226 4617 a
1245 4577 1365 4636 corpore
1386 4558 1455 4617 sub·

248 4632 358 4710 sistere,
370 4633 474 4691 modus
487 4636 563 4693 enim
583 4637 720 4714 operandi
741 4639 873 4716 sequitur
895 4638 1012 4698 modum
1033 4639 1165 4716 essendi,
1196 4637 1334 4698 Animam
1356 4645 1454 4698 autem
