3250 5176
160 405 273 457 numer.
289 385 370 470 rua]
689 407 734 448 na
748 407 889 450 saccaro.
1311 387 1370 448 tas

161 557 192 610 et
216 550 377 629 culpabilis,
392 569 458 628 quae
482 558 612 610 removet
632 550 828 628 cognitionem
842 570 907 628 qna
921 550 1022 610 debuit
1044 547 1155 609 bomini
1176 549 1288 626 inesse;
1310 567 1369 608 non

160 625 325 708 ignorantia
338 631 423 708 plane
436 629 615 690 invincibilis
629 639 658 690 et
672 631 874 706 involuntaria,
890 650 979 707 quum
993 631 1058 708 quis
1072 631 1187 708 ignorat
1199 629 1279 708 quod
1295 630 1368 688 scire

162 731 221 770 non
234 719 338 790 potest,
361 711 548 789 quantumvis
563 711 659 786 vellet,
675 711 744 789 quia
764 707 909 789 objectum
924 711 968 769 illi
987 719 1104 770 nonest
1125 711 1293 786 revelatum,
1316 709 1369 768 sed

163 791 318 868 vincibilis,
334 801 363 851 et
377 791 518 868 affectata,
534 811 624 868 quum
637 793 702 869 quis
724 792 838 870 ignorat
852 790 930 868 quod
943 799 1039 869 potest
1053 791 1126 850 scire
1140 791 1165 850 si
1178 791 1286 866 vellet3
1308 808 1368 848 non

162 881 222 930 tarn
228 874 306 947 sacti
318 881 347 932 et
360 891 500 950 persona,
515 871 612 950 utqui
626 871 732 930 occidit
751 872 896 930 hominem
918 871 1061 930 credendo
1082 890 1146 931 asse
1159 870 1257 947 feram,
1279 889 1367 948 quam

155 953 242 1028 jura,
257 973 347 1031 quum
361 953 426 1030 quis
440 953 555 1029 ignorat
569 972 634 1030 quae
648 952 721 1011 scire
735 960 850 1011 tenetur
863 972 900 1011 ex
914 951 1017 1012 officio.

204 1031 277 1092 VII.
294 1033 448 1092 Peccatum
460 1042 560 1091 cacha
568 1033 712 1092 scientiam
725 1041 770 1092 ast
783 1032 863 1110 quod
876 1030 1064 1092 committitur
1074 1051 1092 1090 a
1102 1031 1268 1106 scientibus,
1281 1029 1366 1107 quale

163 1121 208 1171 est
221 1121 372 1190 peccatum
387 1113 464 1170 servi
477 1113 555 1188 mali,
564 1113 613 1190 qui
627 1114 710 1172 novit
720 1113 899 1172 voluntatem
914 1111 1032 1188 domini,
1045 1113 1116 1172 Luc.
1129 1111 1179 1170 xli.
1191 1115 1240 1170 47.
1282 1109 1368 1186 Quod

164 1192 269 1251 iterum
283 1193 392 1270 duplex
407 1201 459 1268 est,
475 1192 522 1251 vel
537 1202 636 1252 contra
650 1193 799 1252 scientiam
818 1193 967 1253 evidenter
981 1202 1011 1253 et
1030 1193 1166 1252 distincte
1177 1191 1366 1270 judicantem,

164 1280 194 1330 et
207 1273 301 1350 magis
315 1293 353 1331 ex
367 1280 532 1350 contemptu
548 1273 604 1331 Dei
623 1283 653 1334 et
667 1274 756 1351 Legis
776 1273 892 1350 divinae,
908 1293 995 1350 quam
1020 1293 1057 1332 ex
1072 1273 1170 1350 aliqua
1184 1271 1316 1350 passione
1338 1280 1367 1330 et

165 1353 380 1430 perturbatione
395 1353 496 1412 animi:
512 1353 596 1430 quale
611 1353 690 1413 cadit
702 1353 732 1412 in
746 1355 926 1432 irregenitos,
936 1363 965 1412 et
979 1354 1009 1411 in
1023 1372 1073 1412 eos
1087 1353 1137 1431 qui
1152 1353 1287 1411 dicuntur
1299 1354 1366 1409 hoo·

165 1433 221 1498 aaa
230 1454 352 1509 peccare
361 1443 429 1510 poet
441 1443 584 1510 acceptam
598 1435 778 1510 copaitimrem
792 1435 924 1510 veritatis,
936 1434 1013 1492 Heb.
1025 1453 1055 1492 x.
1066 1437 1120 1492 26:
1136 1433 1184 1491 vel
1199 1442 1299 1491 contra
1310 1432 1366 1490 sci-

161 1515 269 1573 entiam
279 1513 458 1592 judicantem
473 1533 510 1573 ex
519 1515 652 1592 passione
661 1523 690 1572 et
703 1514 982 1592 perturbatione,vel
996 1533 1033 1572 ex
1044 1523 1132 1588 metu,
1147 1522 1177 1572 et
1190 1511 1365 1587 infirmitate,

159 1613 218 1652 non
224 1613 295 1653 vero
300 1614 338 1654 ex
343 1593 494 1672 prmfracto
501 1594 642 1671 Legisvel
653 1594 708 1652 Dei
714 1601 888 1671 contemptu,
896 1594 981 1672 quale
990 1593 1067 1652 cadit
1076 1594 1162 1653 etiam
1171 1592 1202 1651 in
1210 1590 1366 1670 regenitos.

202 1674 293 1734 VIII.
316 1675 471 1734 Peccatum
485 1674 656 1751 ignorantia
669 1683 758 1752 negat
772 1694 886 1733 ornnem
901 1674 1094 1752 cognitionem
1108 1684 1168 1733 tarn
1178 1671 1366 1732 theoreticam

162 1774 249 1831 quam
263 1756 427 1833 practicam.
472 1754 530 1814 Sed
543 1763 693 1832 peccatum
708 1763 808 1814 contra
821 1755 970 1814 scientiam
985 1775 1044 1813 non
1057 1763 1146 1832 negat
1159 1753 1275 1832 quidem
1297 1771 1365 1830 cog·

162 1834 301 1893 nitionem
323 1835 518 1910 theoreticam,
535 1834 586 1894 sed
607 1836 775 1894 nonhabet
796 1835 961 1913 practicam.
1004 1834 1160 1894 Peccatum
1184 1841 1284 1893 contra
1298 1851 1365 1890 con·

161 1914 309 1974 scientiam
323 1915 411 1974 habet
424 1915 620 1993 cognitionem
633 1915 821 1975 theoreticam
835 1924 865 1974 et
877 1915 1043 1993 practicam,
1056 1915 1107 1974 sed
1121 1915 1291 1988 absolutam,
1307 1931 1366 1971 non

161 2005 364 2144 comparaiam·
384 2131 390 2144 ,
463 2076 523 2135 ΙΧ.
545 2074 695 2135 Peccatum
709 2075 757 2134 vel
771 2085 817 2136 eat
829 2075 1065 2156 infimitaab,vel
1078 2075 1206 2152 malitioe3
1221 2073 1270 2132 vel
1279 2071 1366 2149 plane

161 2128 402 2236 Ptectqlptptmmplifitrirpr-
422 2157 619 2233 voluntarium,
635 2157 683 2214 vel
707 2156 865 2215 secundum
890 2155 960 2234 quid
984 2157 1210 2216 involuntarium.
1265 2153 1313 2212 Sic
1334 2151 1367 2209 in

423 2237 524 2296 Veteri
546 2237 731 2295 'l'eetamento
752 2235 1006 2314 distinguebantur
1028 2245 1155 2315 peecata,
1170 2255 1235 2313 quae
1257 2233 1367 2292 fiebant

162 2336 245 2391 aava,
259 2337 311 2394 per
324 2337 451 2376 errorem
461 2325 491 2376 et
504 2317 701 2396 infirmitatem,
717 2316 804 2375 Num.
815 2337 867 2375 xv.
881 2319 929 2392 25,
945 2317 1032 2376 abiis
1046 2336 1111 2394 qua
1125 2316 1233 2375 fiebant
1246 2337 1298 2374 aaa
1315 2339 1366 2398 aa,

162 2399 238 2455 elata
252 2417 345 2472 manu,
362 2397 480 2457 Numer.
495 2417 546 2455 xv.
562 2400 707 2474 30,quum
722 2397 833 2457 scilicet
847 2405 982 2475 peccator
995 2397 1077 2456 addit
1090 2397 1167 2455 malo
1177 2397 1256 2474 quod
1266 2417 1366 2476 perpe-

163 2485 220 2535 trat
234 2477 443 2538 contumaciam
467 2485 497 2538 et
521 2477 693 2556 superbiam,
709 2497 761 2555 per
784 2497 871 2555 quarn
895 2479 981 2556 pleno
1002 2495 1145 2536 consensu
1164 2486 1195 2536 et
1208 2477 1368 2540 deliberata

162 2557 271 2617 malitia
291 2567 400 2636 peccat,
417 2566 446 2617 et
470 2559 500 2616 in
523 2567 642 2637 peccato
667 2578 719 2617 suo
743 2558 892 2636 gloriatur.
936 2558 985 2618 Sic
1008 2557 1056 2617 Ps.
1071 2558 1133 2616 xix.
1151 2560 1197 2634 13,
1213 2577 1323 2618 errores
1337 2571 1367 2622 et

160 2648 279 2714 peccata
293 2638 406 2698 occulta
420 2637 639 2717 distinguuntur
652 2659 670 2698 a
683 2639 826 2716 superbiis,
841 2639 880 2698 id.
895 2638 1021 2717 peccatis
1043 2638 1212 2716 pervicacia
1231 2648 1261 2698 et
1273 2641 1366 2701 rebel-

159 2717 246 2776 lionis
260 2718 428 2777 manifastae.
471 2719 580 2778 Paulus
594 2719 630 2778 de
645 2739 676 2778 se
689 2720 811 2798 loquens
825 2720 896 2779 dicit
910 2740 941 2779 se
958 2721 975 2752 “
986 2719 1080 2778 lacera
1094 2719 1202 2778 malum
1216 2721 1294 2796 quod
1308 2741 1367 2782 non

160 2797 255 2870 vult,”
271 2797 326 2854 Ro.
341 2797 391 2854 vii.
408 2799 454 2872 19,
471 2798 523 2857 sed
546 2799 617 2858 alibi
632 2799 722 2858 Hebr.
737 2820 768 2859 x.
791 2803 839 2876 26,
855 2799 984 2877 loquitur
1007 2798 1044 2858 de
1060 2801 1078 2832 “
1089 2799 1148 2859 illis
1172 2799 1222 2877 qui
1245 2811 1368 2878 peccant

158 2878 276 2952 ίιιουσίις,
292 2875 484 2938 voluntarie.”

303 3011 308 3024 ,
384 3011 390 3024 ‚
463 2957 506 3014 X,
528 2957 576 3015 Ita
597 2959 747 3017 Peccatum
769 2957 939 3038 infirmitatis
960 2967 990 3016 et
1003 2957 1198 3017 voluntarium
1220 2967 1272 3035 est,
1288 2961 1367 3036 quod

161 3012 401 3116 Peccatpuntiippfirmr-
422 3035 513 3095 oritur
526 3057 565 3095 ex
578 3038 750 3114 ignorantia,
763 3037 955 3114 subreptione,
965 3037 1014 3095 vel
1025 3038 1108 3114 gravi
1122 3037 1219 3114 aliqua
1232 3039 1366 3114 passione

423 3117 574 3176 subitanea
591 3116 734 3194 judicium
748 3125 954 3192 antevertente,
970 3117 1065 3194 qualis
1089 3124 1134 3176 est
1147 3125 1241 3176 metus
1255 3120 1365 3196 mortis,

161 3197 209 3256 vel
223 3218 289 3257 cum
302 3197 383 3258 lucta
396 3217 448 3257 seu
461 3198 633 3272 resistentia,
649 3197 701 3256 sed
714 3197 853 3256 inefficaci
868 3196 906 3255 ob
916 3197 1080 3273 passionem
1091 3196 1139 3256 vel
1160 3198 1366 3260 tentationem:

161 3278 209 3336 vel
222 3277 301 3356 quod
314 3279 348 3337 fit
361 3279 470 3356 absque
495 3288 573 3337 certo
587 3278 734 3355 proposito
756 3277 961 3354 committendi,
977 3277 1055 3354 quod
1069 3277 1099 3335 in
1113 3277 1240 3355 peccatis
1253 3279 1366 3356 regeni-

161 3366 255 3417 torum
270 3379 334 3436 quse
348 3358 478 3437 quotidie
492 3359 718 3434 committuntur,
734 3365 861 3436 apparet.

465 3439 525 3498 XI.
547 3441 698 3498 Peccatum
705 3459 775 3497 vero
789 3438 904 3496 malitia
917 3436 991 3496 illud
1005 3445 1057 3513 cst,
1070 3436 1148 3514 quod
1162 3456 1220 3496 non
1235 3459 1272 3496 ex
1283 3439 1365 3516 igno·

424 3519 527 3596 rantis,
543 3518 592 3578 vel
612 3517 786 3594 infirmitate,
802 3526 853 3577 aut
872 3527 950 3576 metu
972 3517 1168 3593 committitur,
1184 3519 1236 3576 sed
1254 3539 1292 3578 ex
1306 3539 1366 3578 me·

161 3595 224 3656 litia
238 3605 266 3656 et
281 3599 468 3675 contumacia,
484 3610 592 3658 etcum
607 3599 704 3678 aliquo
724 3599 871 3677 proposito
885 3597 1092 3672 committendi,
1107 3598 1156 3656 vel
1176 3599 1283 3657 actuali
1303 3607 1366 3658 tan-

162 3685 232 3752 tum,
248 3688 310 3737 orto
325 3697 362 3736 ex
387 3679 483 3758 aliqua
496 3681 705 3739 vehementiori
728 3680 956 3757 passioneque
979 3677 1099 3736 rationis
1120 3677 1262 3754 judicium
1284 3680 1367 3756 quasi

162 3757 306 3834 opprImit,
322 3766 351 3817 et
364 3759 509 3819 hominem
524 3769 719 3820 transversum
734 3760 849 3837 abripit,
864 3759 1043 3835 quodetiam
1065 3757 1094 3814 in
1108 3759 1255 3834 regenitos
1270 3759 1366 3835 cadit;

162 3838 210 3894 vel
223 3837 364 3896 habituali
378 3849 408 3898 et
420 3841 527 3899 actuali
541 3841 635 3916 simul,
651 3857 740 3918 quum
755 3859 813 3898 non
827 3859 892 3897 cum
907 3837 1070 3896 resistentia
1084 3845 1113 3895 et
1126 3836 1214 3913 lucta,
1229 3838 1280 3896 sed
1295 3837 1366 3896 deli-

162 3916 262 3976 berato
277 3927 306 3976 et
319 3919 405 3994 pleno
419 3921 517 3978 'animi
532 3941 674 3980 consensu
696 3929 796 3979 contra
808 3919 940 3977 veritatis
963 3916 1157 3993 cognitionem
1177 3925 1366 4010 perpetratur,

162 3997 247 4074 quale
262 4005 307 4056 est
321 4017 420 4056 eorum
440 4001 491 4076 qui
505 3999 649 4079 Apostolo
669 4000 806 4059 dicuntur
825 4018 944 4076 peccare
958 3999 1067 4062 havala
1081 3996 1146 4055 loco
1165 4005 1253 4056 citato
1274 3997 1367 4058 Hebr.

162 4097 192 4138 x.
208 4081 255 4154 26,
271 4099 330 4137 ιιοιι
354 4082 418 4154 late,
434 4080 485 4139 sed
498 4081 591 4140 stricte
605 4090 635 4141 et
655 4081 780 4138 maxime
803 4079 927 4158 proprie,
943 4078 1021 4156 quod
1035 4077 1151 4136 videtur
1171 4077 1201 4136 in
1215 4077 1368 4156 Apostatis

161 4159 301 4236 plurimis,
317 4168 346 4220 et
360 4159 418 4219 illis
431 4161 590 4238 prasertim
605 4162 655 4238 qni
668 4169 790 4238 peccant
803 4161 834 4218 in
850 4159 988 4237 Spiritum
1005 4157 1044 4232 S,
1060 4157 1096 4216 de
1111 4157 1216 4235 quibus
1230 4167 1340 4238 postea.

162 4275 402 4336 ⁴·
425 4241 740 4379 eillttiltltt
752 4237 1146 4397 armasse
1163 4240 1291 4396 tues
1302 4247 1369 4378 tt

191 4397 245 4436 “¹¹¹¹
257 4369 403 4438 hicitanae
424 4409 454 4457 et
467 4365 550 4458 eirtra
569 4341 790 4476 illumffiiesistit,
814 4401 947 4477 quamvis
970 4399 1012 4456 illi
1036 4406 1153 4475 propter
1173 4398 1369 4456 infimitatem

193 4463 305 4507 ‘Qum'
425 4479 601 4553 succumbat,
617 4480 696 4556 qnod
717 4499 775 4538 non
795 4479 829 4538 fit
850 4479 911 4538 sine
935 4478 1060 4555 quadam
1081 4478 1169 4551 lucta,
1184 4477 1233 4536 vel
1254 4486 1368 4534 antece-

163 4553 258 4631 dente,
274 4554 323 4613 vel
347 4558 566 4634 concomitante,
587 4559 633 4617 vel
658 4561 860 4636 subsequente,
876 4559 962 4635 quale
986 4567 1031 4616 est
1052 4558 1082 4614 in
1102 4557 1260 4632 regenitis3
1284 4557 1370 4614 Istud

162 4655 232 4694 vero
246 4635 325 4713 quod
334 4635 368 4694 fit
379 4636 440 4695 sine
454 4636 540 4714 lncta,
556 4645 586 4696 ct
599 4640 644 4696 cui
654 4649 788 4716 peccator
798 4637 962 4695 omnimode
973 4637 1071 4710 servit,
1084 4645 1145 4694 tum
1157 4635 1369 4709 antecedenter,

161 4735 213 4794 per
225 4715 447 4796 propensionem
461 4737 512 4777 scu
526 4717 704 4796 propositum
724 4727 784 4778 tam
805 4717 953 4776 habitualc
973 4735 1061 4794 quam
1082 4716 1203 4792 actuale,
1219 4724 1281 4780 tum
1302 4734 1368 4774 con-

162 3483 404 3532 Peccatummalithe.
