3250 5176
154 402 266 453 ounsr.
281 377 364 467 aua]
668 403 708 444 na
722 401 865 446 saccaro.
1305 385 1363 448 581

195 545 286 608 XVI.
309 545 410 624 Longe
425 545 604 606 commodius
618 555 648 606 ct
668 545 765 606 verius
788 546 954 624 loquuntur,
970 546 1020 624 qui
1033 545 1208 626 pertendunt
1227 547 1283 608 hoc
1303 568 1363 608 non

152 623 216 686 fieri
229 629 429 704 peractionem
442 627 569 704 aliquam
582 627 710 704 corporis
722 627 752 686 ia
765 627 899 702 animam,
914 626 998 704 quasi
1011 646 1116 705 corpus
1128 627 1252 706 agendo,
1267 627 1364 688 anima

154 725 224 766 vero
237 707 374 785 patiendo
387 707 527 785 paulatim
551 707 733 785 depravetur,
757 707 826 785 quia
848 715 999 786 peccatum
1022 707 1163 786 originale
1182 717 1294 769 neuma
1307 717 1361 786 est,

153 806 212 845 non
225 788 356 865 actionis,
370 808 425 848 nec
435 807 539 865 corpus
553 807 640 865 snpra
654 787 794 865 spharam
819 786 977 846 activitatis
1000 805 1061 847 sua
1084 807 1236 866 assurgere
1256 799 1362 867 potest,

153 875 188 927 ut
200 875 269 945 agat
281 869 313 926 in
326 869 459 946 spiritum
472 867 637 928 immediate
651 877 682 927 et
694 867 833 946 physico;
856 867 924 926 Non
937 867 1024 949 etiam
1046 886 1098 945 per
1121 879 1277 928 conmotam
1287 871 1360 946 phy·

153 947 249 1024 smum,
264 949 359 1026 qualis
372 956 417 1007 est
429 949 551 1026 liquoris
565 948 595 1006 in
609 967 687 1024 vase,
703 949 754 1025 qui
770 967 829 1007 non
843 947 946 1007 cadere
959 956 1056 1026 potest
1069 946 1100 1006 in
1120 949 1246 1008 animam
1259 949 1360 1008 imma-

154 1027 305 1089 terialem:
328 1028 387 1087 Sed
400 1048 452 1106 per
472 1029 658 1088 arctissimam
682 1029 784 1087 animae
797 1037 825 1086 et
844 1029 972 1105 corpora
993 1030 1211 1105 cmjunctiomn
1232 1030 1262 1090 in
1275 1049 1363 1090 anam

153 1109 333 1185 hypostasim,
345 1117 375 1166 et
385 1108 515 1168 intimam
529 1109 679 1187 utriusque
693 1109 857 1186 συμπείθων,
872 1117 1062 1186 motuumque
1075 1108 1113 1167 ad
1127 1129 1158 1168 sc
1172 1109 1297 1170 invicem
1311 1130 1361 1188 ap·

154 1187 286 1265 petitum,
302 1197 332 1248 et
344 1192 425 1282 ῥοπὴν,
441 1209 498 1266 qua
511 1189 591 1248 litut
605 1209 635 1249 se
656 1190 816 1249 arctissime
838 1189 1066 1268 complectantur
1087 1197 1117 1249 et
1136 1189 1271 1268 officiant,
1286 1199 1316 1250 et
1328 1199 1362 1250 ut

153 1286 259 1345 corpus
272 1268 365 1328 tendit
377 1269 409 1328 in
423 1269 547 1328 animam
561 1277 698 1348 tanquam
711 1270 743 1328 in
756 1269 962 1348 perfectionem
976 1268 1120 1328 etbonum
1135 1289 1229 1348 suum,
1243 1271 1286 1330 ita
1298 1271 1360 1330 ani·

153 1367 202 1406 ma
215 1348 316 1409 tcn'dat
328 1348 359 1408 in
373 1369 477 1427 corpus
490 1360 626 1428 tanquam
648 1350 680 1409 in
700 1351 848 1429 proprium
862 1348 1040 1408 domicilium
1061 1367 1153 1426 suum,
1176 1359 1206 1410 et
1219 1370 1361 1428 organum

153 1427 300 1487 actionum
314 1449 444 1506 suarum;
467 1430 506 1490 Et
519 1439 553 1490 ut
573 1430 669 1489 anima
690 1431 803 1508 corpori
827 1449 895 1488 snas
917 1427 1084 1488 affectiones
1104 1430 1306 1508 communicat,
1320 1430 1363 1490 ita

152 1528 257 1586 corpus
270 1529 338 1568 suas
352 1509 555 1587 dispositiones
569 1511 681 1587 animae,
706 1509 784 1570 unde
807 1510 895 1570 etiam
918 1508 1040 1570 resultat
1063 1508 1218 1570 diversitas
1238 1509 1359 1570 inclina-

150 1589 261 1648 tionum
275 1590 306 1648 in
320 1590 443 1649 diversis
460 1591 635 1650 bominibus.

193 1669 301 1731 XVII.
317 1671 383 1730 Hoc
397 1691 467 1730 vero
481 1691 516 1731 eo
529 1671 642 1732 facilius
651 1670 713 1730 lieri
726 1677 830 1749 potest,
840 1669 919 1749 quod
932 1689 999 1729 cum
1013 1669 1109 1729 anima
1121 1670 1235 1750 privata
1248 1670 1287 1731 sit
1296 1672 1363 1750 jus·

153 1749 217 1809 titia
231 1750 372 1828 originali,
388 1771 446 1811 non
460 1752 584 1829 amplius
598 1771 702 1829 corpus
716 1771 816 1830 regere
830 1761 859 1810 et
873 1750 929 1810 sibi
944 1750 1108 1829 subjectum
1121 1751 1244 1811 retinere
1257 1752 1359 1830 possit,

153 1829 232 1907 quod
245 1830 276 1888 in
290 1839 367 1891 statu
387 1830 562 1909 integritatis
580 1831 664 1891 facile
678 1833 843 1911 potuisset3
865 1830 917 1890 sed
934 1831 996 1908 jam
1018 1831 1125 1891 amissa
1145 1831 1203 1891 Dei
1222 1831 1358 1911 imagine,

153 1930 218 1987 quae
231 1911 275 1969 illi
289 1912 363 1971 hano
379 1915 499 1994 inpagis
512 1913 655 1990 praecipue
669 1911 854 1990 largiebatur,
870 1910 1010 1970 naturalis
1024 1911 1095 1971 ordo
1114 1911 1299 1990 perturbatus
1313 1913 1360 1989 sit,

152 1999 186 2050 ut
200 2011 267 2050 caro
280 2013 345 2070 quse
359 2013 459 2071 parere
473 1992 575 2052 debuit
594 1994 657 2072 jam
670 1993 801 2070 imperet,
817 1991 913 2050 anima
926 2011 995 2050 vero
1010 2009 1075 2069 quse
1100 1992 1138 2050 ad
1161 1993 1362 2070 imperandum

151 2071 227 2131 lacta
241 2082 311 2149 erat,
321 2074 384 2151 jam
397 2073 429 2132 in
442 2073 560 2133 alterius
574 2081 746 2151 potestatem
760 2071 972 2150 quodammodo
985 2072 1139 2150 uansierit,
1155 2082 1185 2132 ct
1198 2073 1279 2132 carni
1292 2073 1359 2132 sub-

147 2151 274 2228 jiciatur,
290 2173 324 2212 ac
338 2153 472 2213 deorsum
485 2154 625 2213 trahatur.
667 2153 728 2213 Ubi
741 2173 800 2212 non
814 2161 873 2212 tarn
887 2151 958 2211 ordo
978 2161 1098 2229 naturae,
1113 2172 1200 2230 quam
1222 2153 1286 2212 Lex
1295 2154 1359 2231 jus-

153 2231 224 2291 titire
237 2231 344 2292 divina
368 2233 553 2312 agnoscenda
574 2241 619 2293 ast
632 2241 662 2292 et
680 2233 843 2311 justissima
865 2233 930 2310 ejus
944 2232 1064 2310 sanctio,
1089 2233 1146 2293 hoc
1170 2234 1246 2293 malo
1266 2253 1360 2311 poema

152 2311 318 2372 ulciscentis
330 2315 440 2374 malum
453 2313 527 2373 illud
551 2313 653 2392 culpa,
678 2333 736 2392 quo
759 2313 870 2392 primus
883 2331 989 2392 parcns
1008 2320 1107 2372 noster
1127 2313 1260 2392 spiritum
1281 2315 1361 2373 carni

153 2391 345 2470 subigendum
359 2395 435 2454 ultro
449 2394 605 2473 prostituit.

192 2472 318 2534 XVIII.
341 2475 407 2534 Hoc
421 2483 517 2535 autom
531 2483 616 2553 pecto
631 2475 712 2535 Deus
725 2493 784 2534 non
797 2481 894 2554 potest
914 2473 1025 2534 censeri
1041 2474 1146 2534 author
1164 2475 1286 2552 pcccati,
1308 2474 1361 2534 sed

152 2551 270 2614 vindex.
293 2554 410 2614 Author
431 2563 476 2616 est
490 2554 703 2634 conjunctionis
724 2563 864 2633 tanquam
886 2555 981 2634 operis
1005 2553 1070 2632 sui3
1093 2553 1225 2614 sednon
1248 2555 1361 2634 peccati

151 2640 289 2710 tanquam
312 2634 378 2694 vitii
391 2635 496 2713 alieni3
513 2635 651 2694 Animam
670 2635 822 2714 conjungit
835 2634 948 2713 corpori
969 2634 1007 2694 ad
1031 2635 1281 2696 conservationem
1296 2655 1360 2714 spe·

151 2713 223 2790 ciei3
245 2721 275 2772 et
296 2714 422 2772 animam
439 2716 582 2792 privatam
603 2715 719 2793 justitia
740 2717 853 2794 corpori
873 2722 1007 2793 corrupto
1029 2715 1180 2794 conjungit
1200 2716 1231 2774 in
1245 2736 1360 2794 poenam

150 2793 272 2871 peccati.
314 2793 376 2851 Nec
398 2795 479 2852 Deus
499 2805 544 2854 est
558 2795 749 2874 corruptionis
763 2815 859 2871 causa,
875 2795 945 2854 siin
959 2795 1162 2873 conjunctione
1176 2796 1280 2856 animae
1293 2817 1359 2854 cum

150 2891 269 2950 corpore
283 2880 394 2931 naturae
408 2873 569 2934 institutam
581 2875 678 2952 legem
698 2882 804 2952 tuetur,
824 2895 844 2934 a
856 2893 915 2952 qua
927 2873 1042 2953 proprie
1056 2875 1151 2951 homo,
1167 2894 1205 2934 ex
1219 2874 1362 2935 accidenti

150 2973 220 3012 vcro
234 2961 347 3012 tantum
360 2961 503 3031 peccator,
518 2955 617 3014 oritur.

191 3033 287 3092 XIX.
310 3033 450 3108 Quamvis
471 3053 541 3093 vero
562 3053 621 3092 non
644 3032 738 3092 omnis
758 3033 873 3093 sublata
892 3031 1040 3092 videretur
1060 3031 1222 3110 difficultas,
1244 3052 1309 3111 quae
1330 3033 1361 3094 in

150 3113 206 3172 icto
220 3113 306 3173 modo
320 3114 536 3192 propagationis
550 3112 723 3192 explicando
737 3113 878 3190 occurrit;
902 3112 967 3190 ejus
984 3113 1088 3172 veritas
1109 3121 1206 3172 tamen
1219 3133 1284 3191 quse
1298 3121 1358 3173 tarn

151 3193 227 3252 clare
248 3195 278 3252 in
294 3195 443 3272 Scriptura
456 3194 587 3271 traditur,
610 3201 641 3252 et
663 3213 715 3272 per
726 3192 944 3271 experientiam
966 3191 1158 3268 confirmatur,
1181 3213 1240 3252 non
1263 3193 1360 3254 minus

151 3282 229 3333 certo
243 3275 394 3335 retinenda
407 3283 500 3352 csset;
523 3275 585 3334 Nec
599 3274 624 3333 si
637 3279 665 3332 τὶ
679 3277 730 3341 mis
741 3273 856 3352 assequi
877 3292 936 3332 non
949 3272 1102 3351 possimus,
1116 3277 1144 3331 ri
1159 3271 1195 3333 irs
1208 3283 1361 3352 propterea

150 3354 315 3430 negandum
336 3363 389 3431 est,
415 3354 464 3414 vel
486 3356 516 3414 in
539 3355 659 3416 dubium
685 3354 890 3414 revocandum.
942 3352 1039 3412 Satius
1062 3353 1110 3412 hic
1134 3362 1180 3413 est
1203 3373 1270 3413 curn
1294 3353 1358 3413 Au·

149 3433 268 3572 fguetino
281 3438 394 3496 modum
418 3437 504 3514 hunc,
529 3435 738 3514 qualiscunque
762 3434 809 3511 sit,
825 3437 933 3512 jactem
955 3453 1121 3511 agnoscere,
1140 3437 1276 3494 maritum
1289 3453 1359 3494 vero

162 3513 242 3573 steri.

595 3754 788 3834 QUAESTIO
809 3752 905 3816 XIII.

382 3916 430 3976 De
443 3915 562 3979 Peccata
575 3919 698 3995 Acttcali,
714 3927 741 3977 et
752 3917 839 3978 υανίἰε
853 3918 913 3993 ejus
925 3909 1125 3975 matonam,

234 4140 240 4154 ‚
452 4078 478 4138 I.
498 4081 648 4138 Peccatum
662 4081 773 4138 actuale
786 4085 831 4137 est
844 4075 987 4136 aberratio
1002 4096 1020 4135 a
1034 4077 1114 4154 Lege
1129 4074 1186 4134 Dei
1199 4073 1231 4132 in
1244 4075 1357 4135 actibus

148 4139 389 4246 Qutdpptpffiemum
410 4157 531 4218 internis
553 4169 582 4218 et
604 4159 740 4234 externis,
764 4157 924 4236 procedens
948 4177 966 4215 a
986 4165 1105 4236 peccato
1128 4153 1271 4232 originali,
1293 4164 1357 4215 tan·

312 4233 319 4248 ’
409 4259 496 4316 quam
520 4238 641 4298 effectus
654 4259 672 4298 a
685 4259 781 4314 causa,
807 4237 888 4297 rivus
901 4257 919 4296 a
940 4236 1027 4314 fonte,
1044 4245 1073 4296 et
1086 4243 1169 4295 actus
1183 4235 1359 4294 secundusa

148 4316 250 4395 primo.
291 4318 349 4379 Vel
362 4327 396 4377 ut
409 4319 467 4388 alii,
483 4319 676 4396 concupitum,
693 4318 811 4394 dictum,
831 4317 948 4392 factum,
964 4325 1015 4376 aut
1031 4316 1170 4375 omissum
1186 4323 1287 4374 contra
1300 4315 1355 4374 Lc-

147 4415 224 4474 gem,
239 4397 308 4472 quia
327 4408 386 4456 tam
411 4397 566 4455 omissione
590 4396 794 4472 faciendorum,
810 4413 896 4474 quam
921 4396 1122 4455 commissione
1146 4393 1357 4472 prohibitorum

147 4484 285 4554 patratur,
300 4475 348 4535 vel
362 4478 447 4534 corde
460 4495 512 4553 per
525 4476 716 4553 cogitationes
729 4485 759 4536 et
779 4476 922 4536 desideria
944 4471 1055 4552 illicita,
1070 4475 1120 4533 vel
1140 4493 1190 4532 ore
1201 4492 1255 4550 per
1267 4471 1358 4533 verba

146 4557 268 4634 impura,
283 4555 332 4614 vel
345 4575 430 4632 opere
443 4575 495 4632 per
508 4556 637 4614 actiones
650 4573 764 4634 pravas.
794 4559 913 4614 Actuale
926 4555 1032 4614 dicitnr
1045 4575 1103 4613 non
1117 4563 1176 4612 tam
1197 4551 1276 4629 quod
1290 4561 1357 4612 actu

146 4635 262 4710 existat,
278 4637 346 4714 quia
359 4637 416 4695 hoc
429 4655 488 4693 non
501 4635 598 4695 minua
610 4644 729 4714 peccato
754 4634 888 4713 originali
910 4635 1056 4712 competit,
1076 4651 1164 4711 quam
1177 4631 1257 4711 quod
1275 4632 1313 4692 sit
1326 4633 1357 4690 in

145 4717 315 4795 actionibus,
330 4737 390 4778 non
403 4717 434 4776 in
447 4715 558 4776 habitu.
