3160 5194
217 371 291 436 xxiv
588 385 773 431 remrsrro
791 385 837 430 Ao
856 384 1051 432 sacrosan.

219 549 319 612 tiones
345 547 421 612 solvi
446 552 590 626 possent:
616 565 673 609 uec
698 545 769 609 riva
782 565 856 609 roco
870 551 1043 622 contentus,
1063 544 1180 626 scripto
1192 544 1286 609 etiam
1302 543 1427 626 consig-

220 645 288 707 nari
304 647 366 708 ista
381 644 474 719 uolui,
490 649 527 706 ut
543 641 660 706 firmius
677 643 829 706 momoria
844 643 1056 725 infigerentur.
1107 642 1161 706 Ita
1175 663 1253 724 opus
1269 643 1426 722 paulatim

220 743 327 817 crevit,
355 763 410 805 neo
441 742 507 804 sino
538 740 641 820 aliquo
665 741 770 804 fructu
798 740 1010 805 Studiosorum
1024 741 1166 804 manibus
1191 749 1346 804 nemetum
1361 747 1425 803 est.

220 839 328 918 Atque
344 839 425 902 huuc
439 838 555 903 laboris
570 837 630 901 mei
645 857 770 918 scopum
786 838 862 901 mibi
887 839 1041 903 duntaxat
1055 840 1275 919 proponebam,
1300 857 1356 902 nec
1383 839 1426 901 de

218 935 422 1000 tumultuario
436 956 527 1016 opere
542 923 660 1000 edendo
675 956 810 1015 unquam
825 937 1025 1018 cogitassem
1050 937 1110 1000 nisi
1135 938 1193 1000 hoc
1212 945 1245 999 et
1260 935 1425 998 Studioso-
1537 965 1540 972 .

218 1054 322 1098 sorum
336 1054 453 1115 preces,
470 1041 504 1098 et
520 1033 700 1098 Amicorum
727 1040 809 1109 vota,
836 1041 869 1098 et
895 1055 957 1098 non
980 1035 1091 1099 incerti
1115 1054 1254 1097 rumores
1275 1033 1315 1096 ad
1329 1053 1424 1096 aures

119 1149 127 1160 ·
219 1151 302 1195 meas
316 1132 429 1212 perlati
447 1132 486 1195 de
499 1132 552 1196 illo
568 1133 608 1194 ab
625 1131 694 1194 aliis
707 1152 757 1196 me
780 1132 878 1198 inscio
894 1131 968 1196 alibi
989 1131 1169 1214 evulgando,
1185 1151 1245 1194 non
1259 1137 1324 1192 tam
1339 1129 1423 1193 obti-

217 1231 368 1310 nuissent,
385 1251 475 1310 quam
493 1230 707 1294 extorsissent.
759 1229 792 1292 N
793 1250 811 1294 e
828 1250 901 1311 ergo
916 1230 994 1295 rude
1008 1238 1041 1294 et
1055 1228 1252 1309 indigestum,
1267 1227 1424 1307 variisque

219 1328 338 1390 mendis
353 1334 387 1391 et
401 1328 519 1392 lacunis
533 1327 679 1390 foedatum
704 1327 852 1407 prodiret,
869 1327 1015 1391 constitui
1030 1327 1155 1391 tandem
1179 1331 1243 1388 ἑκὼν
1269 1333 1374 1387 tasoni
1387 1351 1422 1407 yn

219 1425 387 1507 bopprotis
403 1426 461 1489 hoc
476 1447 495 1489 a
510 1445 559 1488 me
573 1424 808 1506 efflagitantium
819 1424 936 1500 cedere,
949 1432 982 1488 et
993 1424 1231 1504 qualemcunque
1242 1423 1321 1486 hauc
1337 1421 1422 1502 opel-

218 1522 289 1599 lam,
300 1521 488 1604 diligentiori
498 1522 589 1602 paulo
599 1541 674 1586 cura
683 1523 872 1602 recognitam
883 1529 916 1586 et
928 1529 1059 1600 auctam,
1064 1529 1096 1586 et
1109 1519 1292 1586 accuratiori
1301 1520 1421 1583 metho-

220 1619 260 1683 do
275 1620 436 1700 digestam,
451 1620 484 1683 in
498 1620 597 1684 lucem
611 1618 746 1694 mittere,
763 1627 800 1681 ut
816 1620 869 1699 qui
886 1619 1089 1683 eruditionem
1104 1640 1164 1683 non
1180 1639 1314 1698 possum,
1329 1618 1422 1682 obsc-

220 1717 325 1796 quium
341 1718 450 1781 saltem
467 1717 583 1798 amicis,
597 1723 630 1780 et
646 1717 783 1779 studium
792 1717 934 1780 raritatis
946 1716 1078 1792 tuenda,
1092 1716 1234 1780 omnibus
1245 1717 1418 1796 probarem.

220 1813 312 1878 Unde
327 1815 353 1878 si
370 1815 437 1894 quis
452 1814 543 1895 plura
556 1814 589 1877 in
603 1813 657 1876 illa
670 1814 837 1896 desiderat,
854 1822 887 1876 et
901 1815 1010 1876 foetum
1025 1815 1106 1878 bunc
1123 1814 1251 1878 crudum
1266 1820 1298 1877 et
1313 1813 1419 1875 imma·

220 1919 324 1974 turum
341 1911 436 1995 dieat,
451 1913 580 1977 babebit
593 1933 641 1974 me
656 1913 864 1994 confitentem,
880 1912 933 1992 qui
949 1911 982 1976 id
996 1912 1114 1992 primus
1129 1911 1286 1992 profiteor,
1302 1917 1335 1974 et
1359 1910 1419 1974 boc

219 2009 313 2072 etiam
328 2011 420 2091 addo,
435 2010 502 2073 tolli
519 2010 622 2092 potins
639 2009 791 2091 debuisse,
807 2031 898 2091 quam
915 2010 1038 2091 exponi.
1088 2010 1164 2072 Ideo
1176 2009 1270 2070 etiam
1285 2007 1419 2070 Institu—

221 2109 315 2172 tionia
336 2108 515 2192 waobptae
531 2109 703 2172 Eloncticoe
713 2127 823 2171 nomeu
831 2107 877 2171 illi
888 2108 1074 2187 impositum,
1084 2126 1124 2168 no
1140 2103 1283 2184 Systema
1296 2104 1420 2183 aliquod

221 2203 394 2286 Theologiae
405 2207 528 2286 plenum
541 2211 574 2267 et
590 2213 768 2268 accuratum
783 2205 834 2267 hic
849 2205 931 2265 tradi
947 2203 1014 2281 quis
1027 2202 1134 2265 credat
1146 2221 1157 2282 5
1183 2200 1233 2262 bic
1244 2199 1325 2261 enim
1342 2200 1419 2263 mibi

219 2319 327 2378 scopus
344 2301 521 2379 propositus
537 2319 618 2362 nunc
635 2299 757 2377 quidem
771 2299 916 2378 nonfuit,
934 2299 988 2360 sed
1004 2305 1126 2358 tantum
1141 2303 1178 2358 ut
1192 2295 1420 2374 praecipuarum

218 2395 513 2476 Controuersiarum,
540 2415 607 2473 qua
632 2394 722 2457 uobis
749 2414 819 2458 cum
834 2391 1033 2458 Adversariis
1047 2412 1109 2473 qua
1122 2392 1278 2456 veteribus
1294 2413 1355 2472 qua
1368 2413 1419 2456 re-

218 2491 406 2556 centioribus
420 2489 627 2566 intercedunt,
643 2499 831 2554 momentum
856 2510 1051 2572 exponerem,
1072 2497 1106 2554 et
1121 2491 1206 2553 filum
1224 2488 1419 2556 Ariadueum

218 2587 401 2652 Junioribus
417 2587 694 2667 subministrarem,
709 2588 797 2667 cujus
814 2609 872 2670 ope
887 2611 926 2653 ex
943 2609 1045 2653 aarum
1058 2588 1237 2668 labyrintho
1252 2607 1286 2652 sc
1298 2588 1419 2652 facilius

219 2685 371 2750 extricare
387 2692 522 2766 possent.
574 2684 650 2748 Cum
664 2687 746 2749 enim
761 2686 795 2750 in
808 2688 867 2750 hoc
886 2686 1022 2750 Eristioo
1038 2687 1151 2766 seculo,
1169 2684 1265 2750 Viros
1280 2686 1341 2749 Dei
1357 2707 1419 2750 non

220 2783 328 2846 deceat
343 2788 465 2846 tantum
482 2782 628 2863 penitiori
644 2781 800 2848 Veritatis
825 2783 939 2848 notitia
960 2785 1094 2848 imbutos
1110 2805 1187 2864 esse,
1215 2791 1278 2868 πρὸς
1304 2792 1334 2846 rt
1351 2793 1418 2860 opto·

219 2889 305 2954 espen
322 2907 363 2942 τοι
381 2889 461 2962 ntyo
477 2889 522 2944 rot
536 2883 620 2956 beck
646 2881 700 2944 sed
717 2889 750 2944 et
764 2882 858 2945 aruns
869 2881 1001 2962 justitia
1016 2882 1204 2962 potentibus,
1221 2890 1254 2945 et
1269 2890 1356 2944 scuto
1371 2881 1419 2943 in-

220 2977 328 3058 primis
348 2977 420 3041 fidel
433 2977 603 3042 instructos
617 2997 685 3042 este
708 2987 773 3054 πρὸς
789 2987 818 3041 rb
836 2988 896 3049 τοῦς
911 2985 1101 3062 ἀντιλέγοντας
1118 2985 1178 3062 ἑλέ)
1186 3005 1253 3062 χειν,
1270 2979 1310 3041 ad
1322 2977 1421 3059 lgnlta

221 3074 344 3140 Satanae
370 3076 434 3140 tela
457 3075 689 3158 restinguenda,
710 3083 743 3139 et
769 3075 970 3142 destruendas
996 3076 1180 3140 munitiones
1208 3085 1241 3140 et
1256 3075 1420 3140 ratiocinia

220 3173 366 3238 adversus
382 3174 587 3255 coguitionem
602 3173 663 3237 Dei
678 3193 712 3238 se
726 3175 894 3250 efferentis,
920 3183 956 3236 nt
970 3173 1068 3238 omnis
1085 3173 1234 3254 cogitatio
1249 3173 1373 3252 captiva
1385 3173 1419 3235 in

220 3271 400 3349 obsequium
417 3271 536 3334 Christi
552 3270 745 3334 abducatur:
771 3271 803 3334 N
805 3293 845 3334 on
858 3271 967 3334 melius
991 3271 1124 3350 prospici
1138 3277 1242 3350 potest
1257 3270 1420 3334 Studioso-

219 3386 288 3430 rum
302 3367 597 3446 profectibus,quam
613 3368 639 3430 si
651 3369 819 3432 doceantur
831 3387 900 3431 cnm
911 3367 1015 3430 tratti
1026 3367 1173 3451 ιᾳῑιιιίἰιιιιι
1182 3375 1327 3442 tractare,
1339 3368 1419 3446 quod

221 3463 294 3526 olim
309 3463 531 3526 AEdifioatores
547 3463 568 3524 J
570 3463 823 3545 erosolymitauos
834 3465 943 3527 fecisse
951 3465 1048 3527 refert
1061 3465 1192 3528 historia
1205 3485 1306 3537 sacra;
1321 3465 1354 3527 id
1371 3473 1420 3528 est

219 3580 288 3623 cum
304 3559 500 3640 candelarem,
517 3559 566 3622 cni
583 3559 659 3622 fides
673 3561 885 3637 inaedificatur,
907 3563 1038 3642 jungere
1062 3565 1178 3646 ἔλεγχοι
1201 3561 1282 3642 falsi,
1299 3582 1359 3641 quo
1372 3581 1419 3626 er-

219 3675 316 3738 rores,
343 3656 454 3737 quibua
469 3655 518 3720 vel
542 3656 659 3720 directe
684 3657 732 3721 vel
758 3657 909 3723 indirecte
934 3659 1112 3740 impugnari
1138 3660 1225 3736 solet,
1249 3658 1345 3722 solide
1369 3679 1418 3723 re·

218 3755 368 3829 fatentur,
398 3760 435 3815 ut
458 3753 591 3818 feliciter
615 3755 759 3834 occupari
784 3763 899 3835 queant
924 3756 957 3819 in
982 3757 1180 3836 expediendis
1195 3763 1245 3819 tot
1260 3757 1419 3837 tantisque

218 3851 442 3916 eonnoversiis
468 3849 667 3932 gravissimis,
694 3871 761 3932 qua
785 3853 878 3918 bodie
901 3853 1087 3936 plusuimis,
1108 3854 1309 3933 prohdolor!
1335 3853 1417 3918 inter

217 3950 409 4015 Christianos
424 3951 555 4031 fervent,
572 3955 605 4012 et
622 3948 792 4013 Ecclesiam
806 3950 935 4016 Domini
947 3952 1059 4015 misere
1073 3951 1220 4016 lacerant.
1271 3949 1352 4028 Quia
1365 3971 1417 4015 ve-

216 4067 253 4110 ro
269 4053 391 4111 constat
407 4068 471 4128 prae
483 4047 604 4112 cacteris
619 4047 788 4126 periculose
802 4049 899 4113 errari
916 4049 1083 4128 saepissime
1099 4049 1183 4111 circa
1192 4048 1416 4112 Controversia

218 4149 344 4219 statum,
362 4165 422 4225 quo
435 4146 589 4226 ignorato,
605 4147 642 4208 fit
656 4151 693 4208 ut
716 4155 843 4230 ἀστόχως
860 4146 1099 4210 Andabatarum
1114 4164 1208 4220 more,
1226 4164 1295 4207 cum
1321 4145 1416 4209 larvis

215 4238 379 4301 infeliciter
394 4242 577 4316 dimicetur3
604 4243 643 4305 Id
659 4242 735 4306 mibi
762 4251 835 4308 anta
860 4243 961 4306 omnia
986 4241 1102 4322 negotii
1127 4241 1208 4317 dedi,
1239 4249 1276 4303 ut
1288 4243 1416 4306 remotis

215 4335 277 4398 illis
292 4354 360 4413 quae
376 4345 449 4398 sunt
466 4341 612 4420 ἐξαγώνια,
631 4340 754 4403 Statum
768 4348 802 4405 et
815 4341 978 4404 Cardinem
993 4339 1182 4420 precipuum
1205 4337 1417 4415 Quaestionum

216 4431 379 4513 diligenter
394 4453 434 4496 ex
451 4437 604 4498 sententia
618 4437 757 4502 Partium
775 4447 923 4519 quantum
950 4437 1015 4501 lieri
1043 4435 1146 4518 potuit
1158 4455 1296 4500 eruerem
1311 4443 1415 4500 etex-

214 4547 369 4608 ponerem‚
396 4537 433 4593 ut
459 4551 496 4594 co
524 4534 616 4596 semel
639 4535 701 4598 rite
720 4537 823 4616 posito
837 4543 870 4600 et
886 4537 1048 4618 explorato
1062 4534 1113 4596 ria
1127 4532 1226 4598 facilis
1240 4533 1281 4596 ad
1296 4531 1416 4614 reliqua

215 4625 468 4705 complanaretur,
484 4628 549 4694 sire
567 4639 823 4703 sarantasmum
839 4631 966 4697 Veritas
977 4639 1058 4695 esset
1068 4629 1264 4705 adstruenda,
1279 4628 1344 4695 sire
1355 4651 1413 4710 per
