<?xml version="1.0" encoding="UTF-8"?>
<!DOCTYPE html PUBLIC "-//W3C//DTD XHTML 1.0 Transitional//EN"
    "http://www.w3.org/TR/xhtml1/DTD/xhtml1-transitional.dtd">
<html xmlns="http://www.w3.org/1999/xhtml" xml:lang="en" lang="en">
 <head>
  <title>
</title>
<meta http-equiv="Content-Type" content="text/html;charset=utf-8" />
  <meta name='ocr-system' content='tesseract 3.04.00' />
  <meta name='ocr-capabilities' content='ocr_page ocr_carea ocr_par ocr_line ocrx_word'/>
</head>
<body>
  <div class='ocr_page' id='page_1' title='image "./francisciturret01pictgoog_0230.png"; bbox 0 0 3152 5178; ppageno 0'>
   <div class='ocr_carea' id='block_1_1' title="bbox 133 366 1338 450">
    <p class='ocr_par' dir='ltr' id='par_1_1' title="bbox 133 366 1338 450">
     <span class='ocr_line' id='line_1_1' title="bbox 133 366 1338 450; baseline 0.002 -20"><span class='ocrx_word' id='word_1_1' title='bbox 133 387 233 438; x_wconf 72' lang='lat' dir='ltr'><strong>cus-er.</strong></span> <span class='ocrx_word' id='word_1_2' title='bbox 248 366 334 450; x_wconf 79' lang='lat' dir='ltr'><strong>rim]</strong></span> <span class='ocrx_word' id='word_1_3' title='bbox 566 389 605 430; x_wconf 82' lang='lat' dir='ltr'><strong>nr</strong></span> <span class='ocrx_word' id='word_1_4' title='bbox 619 391 680 434; x_wconf 83' lang='lat' dir='ltr'><strong>ouo</strong></span> <span class='ocrx_word' id='word_1_5' title='bbox 694 390 764 450; x_wconf 79' lang='lat' dir='ltr'><strong>une,</strong></span> <span class='ocrx_word' id='word_1_6' title='bbox 779 391 817 432; x_wconf 81' lang='lat' dir='ltr'><strong>ur</strong></span> <span class='ocrx_word' id='word_1_7' title='bbox 832 390 931 434; x_wconf 77' lang='lat' dir='ltr'><strong>rnruo.</strong></span> <span class='ocrx_word' id='word_1_8' title='bbox 1281 374 1338 434; x_wconf 75' lang='lat'><strong>175</strong></span> 
     </span>
    </p>
   </div>
   <div class='ocr_carea' id='block_1_2' title="bbox 117 529 1343 1894">
    <p class='ocr_par' dir='ltr' id='par_1_2' title="bbox 124 529 1339 1011">
     <span class='ocr_line' id='line_1_2' title="bbox 128 529 1339 614; baseline 0.003 -26"><span class='ocrx_word' id='word_1_9' title='bbox 128 529 227 604; x_wconf 79' lang='lat' dir='ltr'><strong>cedem,</strong></span> <span class='ocrx_word' id='word_1_10' title='bbox 243 529 268 588; x_wconf 89' lang='lat' dir='ltr'><strong>si</strong></span> <span class='ocrx_word' id='word_1_11' title='bbox 283 529 492 602; x_wconf 80' lang='lat' dir='ltr'><strong>consideretur</strong></span> <span class='ocrx_word' id='word_1_12' title='bbox 504 551 568 592; x_wconf 88' lang='lat' dir='ltr'><strong>oum</strong></span> <span class='ocrx_word' id='word_1_13' title='bbox 579 532 763 614; x_wconf 87' lang='lat' dir='ltr'><strong>oppositione</strong></span> <span class='ocrx_word' id='word_1_14' title='bbox 777 532 900 594; x_wconf 81' lang='lat' dir='ltr'><strong>relative</strong></span> <span class='ocrx_word' id='word_1_15' title='bbox 914 531 953 594; x_wconf 82' lang='lat' dir='ltr'><strong>ed</strong></span> <span class='ocrx_word' id='word_1_16' title='bbox 966 533 1129 608; x_wconf 70' lang='lat' dir='ltr'><strong>emtum,</strong></span> <span class='ocrx_word' id='word_1_17' title='bbox 1144 539 1174 592; x_wconf 91' lang='lat' dir='ltr'><strong>et</strong></span> <span class='ocrx_word' id='word_1_18' title='bbox 1187 540 1274 609; x_wconf 84' lang='lat' dir='ltr'><strong>prout</strong></span> <span class='ocrx_word' id='word_1_19' title='bbox 1286 552 1339 610; x_wconf 89' lang='lat' dir='ltr'><strong>per</strong></span> 
     </span>
     <span class='ocr_line' id='line_1_3' title="bbox 126 608 1336 690; baseline 0.004 -24"><span class='ocrx_word' id='word_1_20' title='bbox 126 608 234 667; x_wconf 88' lang='lat' dir='ltr'><strong>modum</strong></span> <span class='ocrx_word' id='word_1_21' title='bbox 248 610 394 688; x_wconf 85' lang='lat' dir='ltr'><strong>principii</strong></span> <span class='ocrx_word' id='word_1_22' title='bbox 409 612 506 670; x_wconf 72' lang='lat' dir='ltr'><strong>vitalis</strong></span> <span class='ocrx_word' id='word_1_23' title='bbox 519 612 557 671; x_wconf 83' lang='lat' dir='ltr'><strong>sd</strong></span> <span class='ocrx_word' id='word_1_24' title='bbox 569 613 625 671; x_wconf 92' lang='lat' dir='ltr'><strong>hoc</strong></span> <span class='ocrx_word' id='word_1_25' title='bbox 639 613 687 672; x_wconf 88' lang='lat' dir='ltr'><strong>vel</strong></span> <span class='ocrx_word' id='word_1_26' title='bbox 702 613 776 672; x_wconf 90' lang='lat' dir='ltr'><strong>illud</strong></span> <span class='ocrx_word' id='word_1_27' title='bbox 789 623 873 672; x_wconf 80' lang='lat' dir='ltr'><strong>extra</strong></span> <span class='ocrx_word' id='word_1_28' title='bbox 887 633 917 672; x_wconf 91' lang='lat' dir='ltr'><strong>se</strong></span> <span class='ocrx_word' id='word_1_29' title='bbox 931 611 1150 690; x_wconf 87' lang='lat' dir='ltr'><strong>producendum</strong></span> <span class='ocrx_word' id='word_1_30' title='bbox 1164 632 1228 672; x_wconf 84' lang='lat' dir='ltr'><strong>sese</strong></span> <span class='ocrx_word' id='word_1_31' title='bbox 1242 611 1336 673; x_wconf 61' lang='lat' dir='ltr'><strong>detur,</strong></span> 
     </span>
     <span class='ocr_line' id='line_1_4' title="bbox 125 691 1337 770; baseline 0.003 -22"><span class='ocrx_word' id='word_1_32' title='bbox 125 691 215 764; x_wconf 81' lang='lat' dir='ltr'><strong>minet,</strong></span> <span class='ocrx_word' id='word_1_33' title='bbox 238 691 339 768; x_wconf 85' lang='lat' dir='ltr'><strong>possit</strong></span> <span class='ocrx_word' id='word_1_34' title='bbox 365 691 474 752; x_wconf 82' lang='lat' dir='ltr'><strong>hebere</strong></span> <span class='ocrx_word' id='word_1_35' title='bbox 498 691 623 770; x_wconf 76' lang='lat' dir='ltr'><strong>aliquem</strong></span> <span class='ocrx_word' id='word_1_36' title='bbox 644 695 729 770; x_wconf 66' lang='grc' dir='ltr'><strong>ιχὶω</strong></span> <span class='ocrx_word' id='word_1_37' title='bbox 758 703 788 754; x_wconf 82' lang='lat' dir='ltr'><strong>et</strong></span> <span class='ocrx_word' id='word_1_38' title='bbox 819 693 990 755; x_wconf 69' lang='lat' dir='ltr'><strong>relationem</strong></span> <span class='ocrx_word' id='word_1_39' title='bbox 1010 693 1049 752; x_wconf 84' lang='lat' dir='ltr'><strong>ed</strong></span> <span class='ocrx_word' id='word_1_40' title='bbox 1077 692 1251 770; x_wconf 68' lang='lat' dir='ltr'><strong>Cremonis,</strong></span> <span class='ocrx_word' id='word_1_41' title='bbox 1283 713 1337 753; x_wconf 87' lang='lat' dir='ltr'><strong>nec</strong></span> 
     </span>
     <span class='ocr_line' id='line_1_5' title="bbox 124 770 1337 854; baseline 0.006 -27"><span class='ocrx_word' id='word_1_42' title='bbox 124 770 268 847; x_wconf 84' lang='lat' dir='ltr'><strong>multiplex</strong></span> <span class='ocrx_word' id='word_1_43' title='bbox 290 771 349 832; x_wconf 80' lang='lat' dir='ltr'><strong>ille</strong></span> <span class='ocrx_word' id='word_1_44' title='bbox 372 772 476 834; x_wconf 77' lang='lat' dir='ltr'><strong>relatio</strong></span> <span class='ocrx_word' id='word_1_45' title='bbox 496 781 593 851; x_wconf 88' lang='lat' dir='ltr'><strong>potest</strong></span> <span class='ocrx_word' id='word_1_46' title='bbox 613 775 708 852; x_wconf 70' lang='lat' dir='ltr'><strong>magis</strong></span> <span class='ocrx_word' id='word_1_47' title='bbox 731 773 970 854; x_wconf 68' lang='lat' dir='ltr'><strong>compositionem</strong></span> <span class='ocrx_word' id='word_1_48' title='bbox 990 772 1023 834; x_wconf 91' lang='lat' dir='ltr'><strong>in</strong></span> <span class='ocrx_word' id='word_1_49' title='bbox 1046 773 1110 832; x_wconf 88' lang='lat' dir='ltr'><strong>Deo</strong></span> <span class='ocrx_word' id='word_1_50' title='bbox 1124 772 1226 850; x_wconf 83' lang='lat' dir='ltr'><strong>fecere,</strong></span> <span class='ocrx_word' id='word_1_51' title='bbox 1249 793 1337 850; x_wconf 81' lang='lat' dir='ltr'><strong>quem</strong></span> 
     </span>
     <span class='ocr_line' id='line_1_6' title="bbox 680 965 1338 1011; baseline 0.003 -31"><span class='ocrx_word' id='word_1_52' title='bbox 680 979 688 1011; x_wconf 65' lang='lat'>‚</span> <span class='ocrx_word' id='word_1_53' title='bbox 1324 965 1338 982; x_wconf 82' lang='grc'><strong>.</strong></span> 
     </span>
    </p>

    <p class='ocr_par' dir='ltr' id='par_1_3' title="bbox 117 1090 1343 1894">
     <span class='ocr_line' id='line_1_7' title="bbox 154 1090 1343 1172; baseline 0.004 -22"><span class='ocrx_word' id='word_1_54' title='bbox 154 1090 245 1152; x_wconf 80' lang='lat' dir='ltr'>XIV.</span> <span class='ocrx_word' id='word_1_55' title='bbox 269 1091 426 1171; x_wconf 78' lang='lat' dir='ltr'><strong>Quicquid</strong></span> <span class='ocrx_word' id='word_1_56' title='bbox 445 1093 541 1154; x_wconf 82' lang='lat' dir='ltr'><strong>estin</strong></span> <span class='ocrx_word' id='word_1_57' title='bbox 562 1095 627 1156; x_wconf 92' lang='lat' dir='ltr'><strong>Deo</strong></span> <span class='ocrx_word' id='word_1_58' title='bbox 647 1095 802 1158; x_wconf 82' lang='lat' dir='ltr'><strong>essentisle</strong></span> <span class='ocrx_word' id='word_1_59' title='bbox 815 1103 845 1156; x_wconf 84' lang='lat' dir='ltr'><strong>et</strong></span> <span class='ocrx_word' id='word_1_60' title='bbox 858 1095 1032 1170; x_wconf 84' lang='lat' dir='ltr'><strong>sbsolutum,</strong></span> <span class='ocrx_word' id='word_1_61' title='bbox 1048 1102 1094 1154; x_wconf 86' lang='lat' dir='ltr'><strong>cst</strong></span> <span class='ocrx_word' id='word_1_62' title='bbox 1106 1093 1168 1172; x_wconf 88' lang='lat' dir='ltr'><strong>ipse</strong></span> <span class='ocrx_word' id='word_1_63' title='bbox 1183 1093 1284 1170; x_wconf 78' lang='lat' dir='ltr'><strong>Deus3</strong></span> <span class='ocrx_word' id='word_1_64' title='bbox 1306 1103 1343 1172; x_wconf 74' lang='lat' dir='ltr'><strong>et¹</strong></span> 
     </span>
     <span class='ocr_line' id='line_1_8' title="bbox 119 1171 1336 1250; baseline 0.006 -23"><span class='ocrx_word' id='word_1_65' title='bbox 119 1171 156 1228; x_wconf 86' lang='lat' dir='ltr'><strong>sic</strong></span> <span class='ocrx_word' id='word_1_66' title='bbox 175 1171 320 1231; x_wconf 75' lang='lat' dir='ltr'><strong>attribute</strong></span> <span class='ocrx_word' id='word_1_67' title='bbox 335 1174 473 1233; x_wconf 73' lang='lat' dir='ltr'><strong>absolute</strong></span> <span class='ocrx_word' id='word_1_68' title='bbox 494 1173 708 1235; x_wconf 83' lang='lat' dir='ltr'><strong>identificsntur</strong></span> <span class='ocrx_word' id='word_1_69' title='bbox 729 1176 845 1236; x_wconf 76' lang='lat' dir='ltr'><strong>realiter</strong></span> <span class='ocrx_word' id='word_1_70' title='bbox 869 1195 935 1236; x_wconf 88' lang='lat' dir='ltr'><strong>cum</strong></span> <span class='ocrx_word' id='word_1_71' title='bbox 959 1174 1084 1234; x_wconf 83' lang='lat' dir='ltr'><strong>essentis</strong></span> <span class='ocrx_word' id='word_1_72' title='bbox 1107 1173 1217 1250; x_wconf 82' lang='lat' dir='ltr'><strong>dirius,</strong></span> <span class='ocrx_word' id='word_1_73' title='bbox 1242 1183 1272 1234; x_wconf 87' lang='lat' dir='ltr'><strong>et</strong></span> <span class='ocrx_word' id='word_1_74' title='bbox 1292 1175 1336 1234; x_wconf 91' lang='lat' dir='ltr'><strong>illi</strong></span> 
     </span>
     <span class='ocr_line' id='line_1_9' title="bbox 118 1251 1334 1333; baseline 0.004 -24"><span class='ocrx_word' id='word_1_75' title='bbox 118 1251 211 1310; x_wconf 77' lang='lat' dir='ltr'><strong>meunt</strong></span> <span class='ocrx_word' id='word_1_76' title='bbox 224 1253 440 1329; x_wconf 71' lang='lat' dir='ltr'><strong>essentialiter,</strong></span> <span class='ocrx_word' id='word_1_77' title='bbox 463 1274 521 1315; x_wconf 88' lang='lat' dir='ltr'><strong>uon</strong></span> <span class='ocrx_word' id='word_1_78' title='bbox 535 1253 769 1333; x_wconf 74' lang='lat' dir='ltr'><strong>eccidenmliter5</strong></span> <span class='ocrx_word' id='word_1_79' title='bbox 791 1267 820 1316; x_wconf 86' lang='lat' dir='ltr'><strong>st</strong></span> <span class='ocrx_word' id='word_1_80' title='bbox 834 1256 860 1316; x_wconf 88' lang='lat' dir='ltr'><strong>si</strong></span> <span class='ocrx_word' id='word_1_81' title='bbox 873 1255 911 1316; x_wconf 90' lang='lat' dir='ltr'><strong>de</strong></span> <span class='ocrx_word' id='word_1_82' title='bbox 924 1255 990 1316; x_wconf 91' lang='lat' dir='ltr'><strong>Deo</strong></span> <span class='ocrx_word' id='word_1_83' title='bbox 1007 1253 1201 1332; x_wconf 72' lang='lat' dir='ltr'><strong>predicentur</strong></span> <span class='ocrx_word' id='word_1_84' title='bbox 1221 1254 1252 1314; x_wconf 91' lang='lat' dir='ltr'><strong>in</strong></span> <span class='ocrx_word' id='word_1_85' title='bbox 1266 1276 1334 1314; x_wconf 87' lang='lat' dir='ltr'><strong>con-</strong></span> 
     </span>
     <span class='ocr_line' id='line_1_10' title="bbox 117 1335 1335 1414; baseline 0.004 -23"><span class='ocrx_word' id='word_1_86' title='bbox 117 1340 198 1406; x_wconf 86' lang='lat' dir='ltr'><strong>creto,</strong></span> <span class='ocrx_word' id='word_1_87' title='bbox 207 1335 371 1409; x_wconf 75' lang='lat' dir='ltr'><strong>mbjccmm</strong></span> <span class='ocrx_word' id='word_1_88' title='bbox 385 1353 485 1396; x_wconf 84' lang='lat' dir='ltr'><strong>eorum</strong></span> <span class='ocrx_word' id='word_1_89' title='bbox 499 1343 544 1394; x_wconf 85' lang='lat' dir='ltr'><strong>est</strong></span> <span class='ocrx_word' id='word_1_90' title='bbox 553 1343 667 1396; x_wconf 67' lang='lat' dir='ltr'><strong>munim</strong></span> <span class='ocrx_word' id='word_1_91' title='bbox 680 1336 1163 1412; x_wconf 58' lang='lat' dir='ltr'><strong>donominmiosmoninlroesionie.</strong></span> <span class='ocrx_word' id='word_1_92' title='bbox 1188 1335 1335 1414; x_wconf 75' lang='lat' dir='ltr'><strong>Scdquic·</strong></span> 
     </span>
     <span class='ocr_line' id='line_1_11' title="bbox 117 1411 1335 1496; baseline 0.005 -26"><span class='ocrx_word' id='word_1_93' title='bbox 117 1411 182 1488; x_wconf 86' lang='lat' dir='ltr'><strong>quid</strong></span> <span class='ocrx_word' id='word_1_94' title='bbox 195 1421 242 1472; x_wconf 85' lang='lat' dir='ltr'><strong>est</strong></span> <span class='ocrx_word' id='word_1_95' title='bbox 255 1415 420 1492; x_wconf 78' lang='lat' dir='ltr'><strong>personnis</strong></span> <span class='ocrx_word' id='word_1_96' title='bbox 433 1414 591 1476; x_wconf 82' lang='lat' dir='ltr'><strong>etmodsle</strong></span> <span class='ocrx_word' id='word_1_97' title='bbox 603 1415 634 1476; x_wconf 87' lang='lat' dir='ltr'><strong>iu</strong></span> <span class='ocrx_word' id='word_1_98' title='bbox 656 1417 729 1496; x_wconf 92' lang='lat' dir='ltr'><strong>Deo,</strong></span> <span class='ocrx_word' id='word_1_99' title='bbox 749 1427 794 1477; x_wconf 85' lang='lat' dir='ltr'><strong>est</strong></span> <span class='ocrx_word' id='word_1_100' title='bbox 816 1417 935 1496; x_wconf 81' lang='lat' dir='ltr'><strong>quidem</strong></span> <span class='ocrx_word' id='word_1_101' title='bbox 953 1417 1017 1494; x_wconf 81' lang='lat' dir='ltr'><strong>ipse</strong></span> <span class='ocrx_word' id='word_1_102' title='bbox 1038 1416 1119 1476; x_wconf 81' lang='lat' dir='ltr'><strong>Deus</strong></span> <span class='ocrx_word' id='word_1_103' title='bbox 1139 1417 1170 1475; x_wconf 92' lang='lat' dir='ltr'><strong>in</strong></span> <span class='ocrx_word' id='word_1_104' title='bbox 1191 1425 1335 1496; x_wconf 88' lang='lat' dir='ltr'><strong>concreto,</strong></span> 
     </span>
     <span class='ocr_line' id='line_1_12' title="bbox 118 1492 1334 1556; baseline 0.007 -4"><span class='ocrx_word' id='word_1_105' title='bbox 118 1492 166 1552; x_wconf 83' lang='lat' dir='ltr'><strong>sed</strong></span> <span class='ocrx_word' id='word_1_106' title='bbox 178 1512 237 1552; x_wconf 89' lang='lat' dir='ltr'><strong>nou</strong></span> <span class='ocrx_word' id='word_1_107' title='bbox 252 1494 285 1552; x_wconf 89' lang='lat' dir='ltr'><strong>in</strong></span> <span class='ocrx_word' id='word_1_108' title='bbox 300 1495 465 1556; x_wconf 78' lang='lat' dir='ltr'><strong>abstracto.</strong></span> <span class='ocrx_word' id='word_1_109' title='bbox 1330 1508 1334 1518; x_wconf 89' lang='grc'><strong>“</strong></span> 
     </span>
     <span class='ocr_line' id='line_1_13' title="bbox 153 1573 1336 1656; baseline 0.003 -24"><span class='ocrx_word' id='word_1_110' title='bbox 153 1573 224 1634; x_wconf 84' lang='lat' dir='ltr'><strong>XV.</strong></span> <span class='ocrx_word' id='word_1_111' title='bbox 248 1575 414 1636; x_wconf 79' lang='lat' dir='ltr'><strong>Attributc</strong></span> <span class='ocrx_word' id='word_1_112' title='bbox 427 1576 549 1636; x_wconf 79' lang='lat' dir='ltr'><strong>relative</strong></span> <span class='ocrx_word' id='word_1_113' title='bbox 561 1596 621 1638; x_wconf 87' lang='lat' dir='ltr'><strong>non</strong></span> <span class='ocrx_word' id='word_1_114' title='bbox 634 1586 763 1655; x_wconf 78' lang='lat' dir='ltr'><strong>arguunt</strong></span> <span class='ocrx_word' id='word_1_115' title='bbox 775 1578 1021 1656; x_wconf 79' lang='lat' dir='ltr'><strong>compositionem,</strong></span> <span class='ocrx_word' id='word_1_116' title='bbox 1034 1577 1087 1637; x_wconf 85' lang='lat' dir='ltr'><strong>sed</strong></span> <span class='ocrx_word' id='word_1_117' title='bbox 1100 1576 1314 1637; x_wconf 79' lang='lat' dir='ltr'><strong>distinctionem</strong></span> <span class='ocrx_word' id='word_1_118' title='bbox 1327 1597 1336 1655; x_wconf 64' lang='grc' dir='ltr'>ι</span> 
     </span>
     <span class='ocr_line' id='line_1_14' title="bbox 117 1652 1336 1734; baseline 0.003 -22"><span class='ocrx_word' id='word_1_119' title='bbox 117 1653 179 1730; x_wconf 85' lang='lat' dir='ltr'><strong>quie</strong></span> <span class='ocrx_word' id='word_1_120' title='bbox 191 1654 268 1713; x_wconf 74' lang='lat' dir='ltr'><strong>ratio</strong></span> <span class='ocrx_word' id='word_1_121' title='bbox 283 1652 423 1715; x_wconf 79' lang='lat' dir='ltr'><strong>formulis</strong></span> <span class='ocrx_word' id='word_1_122' title='bbox 446 1657 619 1717; x_wconf 80' lang='lat' dir='ltr'><strong>relationum</strong></span> <span class='ocrx_word' id='word_1_123' title='bbox 642 1679 702 1718; x_wconf 87' lang='lat' dir='ltr'><strong>non</strong></span> <span class='ocrx_word' id='word_1_124' title='bbox 725 1667 770 1719; x_wconf 89' lang='lat' dir='ltr'><strong>est</strong></span> <span class='ocrx_word' id='word_1_125' title='bbox 793 1659 897 1734; x_wconf 83' lang='lat' dir='ltr'><strong>inesse,</strong></span> <span class='ocrx_word' id='word_1_126' title='bbox 922 1657 974 1718; x_wconf 86' lang='lat' dir='ltr'><strong>sed</strong></span> <span class='ocrx_word' id='word_1_127' title='bbox 996 1677 1060 1719; x_wconf 86' lang='lat' dir='ltr'><strong>esse</strong></span> <span class='ocrx_word' id='word_1_128' title='bbox 1082 1657 1128 1734; x_wconf 80' lang='lat' dir='ltr'><strong>ed,</strong></span> <span class='ocrx_word' id='word_1_129' title='bbox 1154 1676 1210 1716; x_wconf 83' lang='lat' dir='ltr'><strong>nec</strong></span> <span class='ocrx_word' id='word_1_130' title='bbox 1229 1677 1336 1716; x_wconf 76' lang='lat' dir='ltr'><strong>noveru</strong></span> 
     </span>
     <span class='ocr_line' id='line_1_15' title="bbox 118 1735 1338 1815; baseline 0.005 -24"><span class='ocrx_word' id='word_1_131' title='bbox 118 1735 318 1810; x_wconf 71' lang='lat' dir='ltr'><strong>superaddunt</strong></span> <span class='ocrx_word' id='word_1_132' title='bbox 345 1735 553 1814; x_wconf 82' lang='lat' dir='ltr'><strong>perfectionem</strong></span> <span class='ocrx_word' id='word_1_133' title='bbox 567 1739 709 1815; x_wconf 73' lang='lat' dir='ltr'><strong>essentie,</strong></span> <span class='ocrx_word' id='word_1_134' title='bbox 725 1738 778 1799; x_wconf 86' lang='lat' dir='ltr'><strong>sed</strong></span> <span class='ocrx_word' id='word_1_135' title='bbox 802 1739 1002 1800; x_wconf 80' lang='lat' dir='ltr'><strong>hebitudinem</strong></span> <span class='ocrx_word' id='word_1_136' title='bbox 1016 1745 1130 1797; x_wconf 77' lang='lat' dir='ltr'><strong>tentum</strong></span> <span class='ocrx_word' id='word_1_137' title='bbox 1145 1737 1278 1797; x_wconf 76' lang='lat' dir='ltr'><strong>essentie</strong></span> <span class='ocrx_word' id='word_1_138' title='bbox 1299 1737 1338 1797; x_wconf 88' lang='lat' dir='ltr'><strong>sd</strong></span> 
     </span>
     <span class='ocr_line' id='line_1_16' title="bbox 117 1813 1335 1894; baseline 0.007 -24"><span class='ocrx_word' id='word_1_139' title='bbox 117 1813 168 1872; x_wconf 80' lang='lat' dir='ltr'><strong>elis</strong></span> <span class='ocrx_word' id='word_1_140' title='bbox 179 1815 371 1894; x_wconf 79' lang='lat' dir='ltr'><strong>importent:</strong></span> <span class='ocrx_word' id='word_1_141' title='bbox 393 1815 556 1878; x_wconf 74' lang='lat' dir='ltr'><strong>Paternitss</strong></span> <span class='ocrx_word' id='word_1_142' title='bbox 570 1826 601 1878; x_wconf 87' lang='lat' dir='ltr'><strong>et</strong></span> <span class='ocrx_word' id='word_1_143' title='bbox 613 1818 773 1880; x_wconf 88' lang='lat' dir='ltr'><strong>dominium</strong></span> <span class='ocrx_word' id='word_1_144' title='bbox 786 1839 846 1878; x_wconf 89' lang='lat' dir='ltr'><strong>uon</strong></span> <span class='ocrx_word' id='word_1_145' title='bbox 860 1819 950 1878; x_wconf 85' lang='lat' dir='ltr'><strong>elium</strong></span> <span class='ocrx_word' id='word_1_146' title='bbox 963 1817 1099 1894; x_wconf 82' lang='lat' dir='ltr'><strong>reddunt,</strong></span> <span class='ocrx_word' id='word_1_147' title='bbox 1113 1817 1166 1878; x_wconf 87' lang='lat' dir='ltr'><strong>sed</strong></span> <span class='ocrx_word' id='word_1_148' title='bbox 1179 1815 1263 1878; x_wconf 82' lang='lat' dir='ltr'><strong>sliter</strong></span> <span class='ocrx_word' id='word_1_149' title='bbox 1276 1817 1335 1880; x_wconf 88' lang='lat' dir='ltr'><strong>dis·</strong></span> 
     </span>
    </p>
   </div>
   <div class='ocr_carea' id='block_1_3' title="bbox 15 1897 925 1978">
    <p class='ocr_par' dir='ltr' id='par_1_4' title="bbox 15 1897 925 1978">
     <span class='ocr_line' id='line_1_17' title="bbox 15 1897 925 1978; baseline 0.009 -27"><span class='ocrx_word' id='word_1_150' title='bbox 15 1919 16 1922; x_wconf 42' lang='lat'><em>*</em></span> <span class='ocrx_word' id='word_1_151' title='bbox 115 1905 221 1970; x_wconf 89' lang='lat' dir='ltr'><strong>ponunt</strong></span> <span class='ocrx_word' id='word_1_152' title='bbox 235 1897 446 1974; x_wconf 72' lang='lat' dir='ltr'><strong>possidentem</strong></span> <span class='ocrx_word' id='word_1_153' title='bbox 460 1897 522 1958; x_wconf 89' lang='lat' dir='ltr'><strong>siue</strong></span> <span class='ocrx_word' id='word_1_154' title='bbox 534 1898 619 1958; x_wconf 77' lang='lat' dir='ltr'><strong>relati</strong></span> <span class='ocrx_word' id='word_1_155' title='bbox 632 1900 664 1958; x_wconf 85' lang='lat' dir='ltr'><strong>in</strong></span> <span class='ocrx_word' id='word_1_156' title='bbox 677 1900 741 1978; x_wconf 90' lang='lat' dir='ltr'><strong>ipso</strong></span> <span class='ocrx_word' id='word_1_157' title='bbox 755 1899 925 1958; x_wconf 71' lang='lat' dir='ltr'><strong>mutatione.</strong></span> 
     </span>
    </p>
   </div>
   <div class='ocr_carea' id='block_1_4' title="bbox 115 1974 1337 2138">
    <p class='ocr_par' dir='ltr' id='par_1_5' title="bbox 115 1974 1337 2138">
     <span class='ocr_line' id='line_1_18' title="bbox 150 1974 1336 2056; baseline 0.003 -24"><span class='ocrx_word' id='word_1_158' title='bbox 150 1974 241 2036; x_wconf 85' lang='lat' dir='ltr'>XVI.</span> <span class='ocrx_word' id='word_1_159' title='bbox 266 1977 445 2055; x_wconf 85' lang='lat' dir='ltr'><strong>Proprietes</strong></span> <span class='ocrx_word' id='word_1_160' title='bbox 459 1979 618 2056; x_wconf 79' lang='lat' dir='ltr'><strong>personalis</strong></span> <span class='ocrx_word' id='word_1_161' title='bbox 634 1979 703 2040; x_wconf 82' lang='lat' dir='ltr'><strong>Filii</strong></span> <span class='ocrx_word' id='word_1_162' title='bbox 723 1999 784 2038; x_wconf 86' lang='lat' dir='ltr'><strong>non</strong></span> <span class='ocrx_word' id='word_1_163' title='bbox 803 1979 891 2038; x_wconf 82' lang='lat' dir='ltr'><strong>efficit</strong></span> <span class='ocrx_word' id='word_1_164' title='bbox 903 1985 939 2037; x_wconf 86' lang='lat' dir='ltr'><strong>ut</strong></span> <span class='ocrx_word' id='word_1_165' title='bbox 950 1977 1008 2037; x_wconf 81' lang='lat' dir='ltr'><strong>elie</strong></span> <span class='ocrx_word' id='word_1_166' title='bbox 1021 1977 1061 2037; x_wconf 85' lang='lat' dir='ltr'><strong>sit</strong></span> <span class='ocrx_word' id='word_1_167' title='bbox 1073 1975 1200 2036; x_wconf 72' lang='lat' dir='ltr'><strong>cesentio</strong></span> <span class='ocrx_word' id='word_1_168' title='bbox 1213 1977 1279 2054; x_wconf 83' lang='lat' dir='ltr'><strong>cjtrs</strong></span> <span class='ocrx_word' id='word_1_169' title='bbox 1298 1977 1336 2037; x_wconf 86' lang='lat' dir='ltr'><strong>cb</strong></span> 
     </span>
     <span class='ocr_line' id='line_1_19' title="bbox 115 2056 1337 2138; baseline 0.003 -24"><span class='ocrx_word' id='word_1_170' title='bbox 115 2056 234 2116; x_wconf 83' lang='lat' dir='ltr'><strong>essentie</strong></span> <span class='ocrx_word' id='word_1_171' title='bbox 250 2057 370 2134; x_wconf 65' lang='lat' dir='ltr'><strong>Putris,</strong></span> <span class='ocrx_word' id='word_1_172' title='bbox 385 2067 437 2119; x_wconf 82' lang='lat' dir='ltr'><strong>sut</strong></span> <span class='ocrx_word' id='word_1_173' title='bbox 449 2067 482 2118; x_wconf 91' lang='lat' dir='ltr'><strong>ut</strong></span> <span class='ocrx_word' id='word_1_174' title='bbox 495 2059 621 2120; x_wconf 83' lang='lat' dir='ltr'><strong>essentie</strong></span> <span class='ocrx_word' id='word_1_175' title='bbox 630 2081 668 2119; x_wconf 86' lang='lat' dir='ltr'><strong>ex</strong></span> <span class='ocrx_word' id='word_1_176' title='bbox 683 2059 807 2138; x_wconf 85' lang='lat' dir='ltr'><strong>simplici</strong></span> <span class='ocrx_word' id='word_1_177' title='bbox 816 2058 869 2118; x_wconf 80' lang='lat' dir='ltr'><strong>lint</strong></span> <span class='ocrx_word' id='word_1_178' title='bbox 882 2059 1061 2136; x_wconf 69' lang='lat' dir='ltr'><strong>composite,</strong></span> <span class='ocrx_word' id='word_1_179' title='bbox 1081 2057 1156 2115; x_wconf 91' lang='lat' dir='ltr'><strong>nihil</strong></span> <span class='ocrx_word' id='word_1_180' title='bbox 1169 2056 1246 2116; x_wconf 90' lang='lat' dir='ltr'><strong>enim</strong></span> <span class='ocrx_word' id='word_1_181' title='bbox 1259 2058 1337 2118; x_wconf 83' lang='lat' dir='ltr'><strong>recle</strong></span> 
     </span>
    </p>
   </div>
   <div class='ocr_carea' id='block_1_5' title="bbox 15 2117 1337 2215">
    <p class='ocr_par' dir='ltr' id='par_1_6' title="bbox 15 2117 1337 2215">
     <span class='ocr_line' id='line_1_20' title="bbox 15 2117 1337 2215; baseline -0.001 -17"><span class='ocrx_word' id='word_1_182' title='bbox 15 2117 16 2198; x_wconf 77' lang='grc' dir='ltr'>ἒ</span> <span class='ocrx_word' id='word_1_183' title='bbox 116 2134 190 2195; x_wconf 77' lang='lat' dir='ltr'><strong>unt</strong></span> <span class='ocrx_word' id='word_1_184' title='bbox 203 2140 363 2215; x_wconf 63' lang='lat' dir='ltr'><strong>menes,</strong></span> <span class='ocrx_word' id='word_1_185' title='bbox 377 2138 554 2200; x_wconf 64' lang='lat' dir='ltr'><strong>coenem</strong></span> <span class='ocrx_word' id='word_1_186' title='bbox 568 2139 702 2200; x_wconf 65' lang='lat' dir='ltr'><strong>mestus</strong></span> <span class='ocrx_word' id='word_1_187' title='bbox 716 2139 870 2200; x_wconf 69' lang='lat' dir='ltr'><strong>semem</strong></span> <span class='ocrx_word' id='word_1_188' title='bbox 884 2138 922 2198; x_wconf 70' lang='lat' dir='ltr'><strong>se</strong></span> <span class='ocrx_word' id='word_1_189' title='bbox 942 2137 1060 2198; x_wconf 62' lang='lat' dir='ltr'><strong>essse</strong></span> <span class='ocrx_word' id='word_1_190' title='bbox 1082 2135 1195 2214; x_wconf 54' lang='lat' dir='ltr'><strong>rum</strong></span> <span class='ocrx_word' id='word_1_191' title='bbox 1217 2135 1337 2197; x_wconf 67' lang='lat' dir='ltr'><strong>oceno</strong></span> 
     </span>
    </p>
   </div>
   <div class='ocr_carea' id='block_1_6' title="bbox 15 2215 1338 2538">
    <p class='ocr_par' dir='ltr' id='par_1_7' title="bbox 15 2215 601 2298">
     <span class='ocr_line' id='line_1_21' title="bbox 116 2215 601 2298; baseline 0.012 -24.794"><span class='ocrx_word' id='word_1_192' title='bbox 116 2215 152 2274; x_wconf 90' lang='lat' dir='ltr'><strong>tio</strong></span> <span class='ocrx_word' id='word_1_193' title='bbox 165 2229 263 2278; x_wconf 87' lang='lat' dir='ltr'><strong>sutem</strong></span> <span class='ocrx_word' id='word_1_194' title='bbox 277 2239 349 2278; x_wconf 85' lang='lat' dir='ltr'><strong>non</strong></span> <span class='ocrx_word' id='word_1_195' title='bbox 364 2228 409 2279; x_wconf 89' lang='lat' dir='ltr'><strong>est</strong></span> <span class='ocrx_word' id='word_1_196' title='bbox 422 2219 601 2298; x_wconf 87' lang='lat' dir='ltr'><strong>compositio.</strong></span> 
     </span>
    </p>

    <p class='ocr_par' dir='ltr' id='par_1_8' title="bbox 15 2295 1338 2538">
     <span class='ocr_line' id='line_1_22' title="bbox 15 2295 1338 2378; baseline 0.002 -22"><span class='ocrx_word' id='word_1_197' title='bbox 15 2301 16 2346; x_wconf 66' lang='grc' dir='ltr'>ἒ</span> <span class='ocrx_word' id='word_1_198' title='bbox 153 2297 262 2360; x_wconf 82' lang='lat' dir='ltr'>XVII.</span> <span class='ocrx_word' id='word_1_199' title='bbox 286 2300 400 2359; x_wconf 84' lang='lat' dir='ltr'><strong>Petres</strong></span> <span class='ocrx_word' id='word_1_200' title='bbox 413 2301 487 2359; x_wconf 75' lang='lat' dir='ltr'><strong>hunc</strong></span> <span class='ocrx_word' id='word_1_201' title='bbox 502 2300 559 2359; x_wconf 91' lang='lat' dir='ltr'><strong>Dei</strong></span> <span class='ocrx_word' id='word_1_202' title='bbox 578 2299 793 2378; x_wconf 84' lang='lat' dir='ltr'><strong>simplicitstem</strong></span> <span class='ocrx_word' id='word_1_203' title='bbox 813 2299 920 2378; x_wconf 73' lang='lat' dir='ltr'><strong>sepius</strong></span> <span class='ocrx_word' id='word_1_204' title='bbox 939 2297 1095 2358; x_wconf 79' lang='lat' dir='ltr'><strong>inculcent.</strong></span> <span class='ocrx_word' id='word_1_205' title='bbox 1117 2295 1197 2374; x_wconf 78' lang='lat' dir='ltr'><strong>Aug.</strong></span> <span class='ocrx_word' id='word_1_206' title='bbox 1213 2295 1245 2357; x_wconf 87' lang='lat' dir='ltr'><strong>li.</strong></span> <span class='ocrx_word' id='word_1_207' title='bbox 1259 2317 1288 2356; x_wconf 79' lang='lat' dir='ltr'><strong>r.</strong></span> <span class='ocrx_word' id='word_1_208' title='bbox 1300 2297 1338 2358; x_wconf 89' lang='lat' dir='ltr'><strong>ds</strong></span> 
     </span>
     <span class='ocr_line' id='line_1_23' title="bbox 118 2373 1337 2457; baseline 0.001 -20.922"><span class='ocrx_word' id='word_1_209' title='bbox 118 2373 202 2438; x_wconf 66' lang='lat' dir='ltr'><strong>trini.</strong></span> <span class='ocrx_word' id='word_1_210' title='bbox 223 2399 250 2439; x_wconf 91' lang='lat' dir='ltr'><strong>c.</strong></span> <span class='ocrx_word' id='word_1_211' title='bbox 268 2385 303 2440; x_wconf 93' lang='lat'><strong>1.</strong></span> <span class='ocrx_word' id='word_1_212' title='bbox 330 2379 495 2457; x_wconf 84' lang='lat' dir='ltr'><strong>“Simplex</strong></span> <span class='ocrx_word' id='word_1_213' title='bbox 510 2389 555 2440; x_wconf 89' lang='lat' dir='ltr'><strong>est</strong></span> <span class='ocrx_word' id='word_1_214' title='bbox 569 2380 626 2440; x_wconf 84' lang='lat' dir='ltr'><strong>Dei</strong></span> <span class='ocrx_word' id='word_1_215' title='bbox 639 2389 750 2457; x_wconf 79' lang='lat' dir='ltr'><strong>ustura,</strong></span> <span class='ocrx_word' id='word_1_216' title='bbox 773 2389 803 2440; x_wconf 87' lang='lat' dir='ltr'><strong>et</strong></span> <span class='ocrx_word' id='word_1_217' title='bbox 824 2377 1012 2440; x_wconf 79' lang='lat' dir='ltr'><strong>immutshilis</strong></span> <span class='ocrx_word' id='word_1_218' title='bbox 1037 2388 1124 2456; x_wconf 75' lang='lat' dir='ltr'><strong>atquc</strong></span> <span class='ocrx_word' id='word_1_219' title='bbox 1145 2377 1337 2456; x_wconf 73' lang='lat' dir='ltr'><strong>imperturba-</strong></span> 
     </span>
     <span class='ocr_line' id='line_1_24' title="bbox 120 2459 1336 2538; baseline 0.001 -21"><span class='ocrx_word' id='word_1_220' title='bbox 120 2463 219 2532; x_wconf 56' lang='grc' dir='ltr'><strong>Μαι</strong></span> <span class='ocrx_word' id='word_1_221' title='bbox 233 2460 326 2522; x_wconf 86' lang='lat' dir='ltr'><strong>eliud</strong></span> <span class='ocrx_word' id='word_1_222' title='bbox 339 2469 385 2520; x_wconf 89' lang='lat' dir='ltr'><strong>est</strong></span> <span class='ocrx_word' id='word_1_223' title='bbox 398 2461 470 2538; x_wconf 90' lang='lat' dir='ltr'><strong>ipse,</strong></span> <span class='ocrx_word' id='word_1_224' title='bbox 483 2459 564 2520; x_wconf 81' lang='lat' dir='ltr'><strong>eliud</strong></span> <span class='ocrx_word' id='word_1_225' title='bbox 577 2460 656 2538; x_wconf 87' lang='lat' dir='ltr'><strong>quod</strong></span> <span class='ocrx_word' id='word_1_226' title='bbox 668 2461 757 2521; x_wconf 80' lang='lat' dir='ltr'><strong>hebet</strong></span> <span class='ocrx_word' id='word_1_227' title='bbox 777 2470 807 2520; x_wconf 91' lang='lat' dir='ltr'><strong>et</strong></span> <span class='ocrx_word' id='word_1_228' title='bbox 819 2459 899 2538; x_wconf 87' lang='lat' dir='ltr'><strong>quod</strong></span> <span class='ocrx_word' id='word_1_229' title='bbox 912 2461 986 2536; x_wconf 83' lang='lat' dir='ltr'><strong>est,&#39;&#39;</strong></span> <span class='ocrx_word' id='word_1_230' title='bbox 1008 2467 1039 2518; x_wconf 89' lang='lat' dir='ltr'><strong>et</strong></span> <span class='ocrx_word' id='word_1_231' title='bbox 1050 2459 1102 2520; x_wconf 88' lang='lat' dir='ltr'><strong>lib.</strong></span> <span class='ocrx_word' id='word_1_232' title='bbox 1117 2459 1157 2520; x_wconf 78' lang='lat' dir='ltr'><strong>vi.</strong></span> <span class='ocrx_word' id='word_1_233' title='bbox 1172 2479 1197 2519; x_wconf 87' lang='lat' dir='ltr'><strong>o.</strong></span> <span class='ocrx_word' id='word_1_234' title='bbox 1214 2460 1241 2534; x_wconf 88' lang='grc'><strong>6,</strong></span> <span class='ocrx_word' id='word_1_235' title='bbox 1256 2467 1336 2536; x_wconf 85' lang='lat' dir='ltr'><strong>post-</strong></span> 
     </span>
    </p>
   </div>
   <div class='ocr_carea' id='block_1_7' title="bbox 120 2538 1380 2619">
    <p class='ocr_par' dir='ltr' id='par_1_9' title="bbox 16 2527 1380 2619">
     <span class='ocr_line' id='line_1_25' title="bbox 120 2538 1380 2619; baseline 0.026 -9.331"><span class='ocrx_word' id='word_1_236' title='bbox 120 2539 325 2612; x_wconf 69' lang='lat' dir='ltr'><strong>summouit</strong></span> <span class='ocrx_word' id='word_1_237' title='bbox 346 2541 457 2600; x_wconf 70' lang='lat' dir='ltr'><strong>nuum</strong></span> <span class='ocrx_word' id='word_1_238' title='bbox 479 2541 646 2601; x_wconf 69' lang='lat' dir='ltr'><strong>omnum</strong></span> <span class='ocrx_word' id='word_1_239' title='bbox 671 2559 735 2601; x_wconf 73' lang='lat' dir='ltr'><strong>esse</strong></span> <span class='ocrx_word' id='word_1_240' title='bbox 756 2560 826 2601; x_wconf 76' lang='lat' dir='ltr'><strong>vere</strong></span> <span class='ocrx_word' id='word_1_241' title='bbox 844 2549 874 2602; x_wconf 72' lang='lat' dir='ltr'><strong>et</strong></span> <span class='ocrx_word' id='word_1_242' title='bbox 897 2539 1023 2619; x_wconf 64' lang='lat' dir='ltr'><strong>perteue</strong></span> <span class='ocrx_word' id='word_1_243' title='bbox 1044 2539 1214 2617; x_wconf 74' lang='lat' dir='ltr'><strong>simplicem,</strong></span> <span class='ocrx_word' id='word_1_244' title='bbox 1236 2538 1338 2616; x_wconf 54' lang='lat' dir='ltr'><strong>“disti</strong></span> <span class='ocrx_word' id='word_1_245' title='bbox 1374 2587 1380 2600; x_wconf 66' lang='lat'><strong><em>¹</em></strong></span> 
     </span>
    </p>
   </div>
   <div class='ocr_carea' id='block_1_8' title="bbox 121 2617 1339 3100">
    <p class='ocr_par' dir='ltr' id='par_1_10' title="bbox 121 2617 1339 3100">
     <span class='ocr_line' id='line_1_26' title="bbox 122 2617 1337 2699; baseline -0.001 -21"><span class='ocrx_word' id='word_1_246' title='bbox 122 2617 229 2679; x_wconf 87' lang='lat' dir='ltr'><strong>“Deus</strong></span> <span class='ocrx_word' id='word_1_247' title='bbox 252 2630 359 2682; x_wconf 85' lang='lat' dir='ltr'><strong>sutem</strong></span> <span class='ocrx_word' id='word_1_248' title='bbox 373 2621 428 2681; x_wconf 88' lang='lat' dir='ltr'><strong>etsi</strong></span> <span class='ocrx_word' id='word_1_249' title='bbox 449 2621 603 2699; x_wconf 83' lang='lat' dir='ltr'><strong>multiplex</strong></span> <span class='ocrx_word' id='word_1_250' title='bbox 617 2621 736 2698; x_wconf 81' lang='lat' dir='ltr'><strong>dicetur,</strong></span> <span class='ocrx_word' id='word_1_251' title='bbox 752 2641 821 2681; x_wconf 82' lang='lat' dir='ltr'><strong>vere</strong></span> <span class='ocrx_word' id='word_1_252' title='bbox 834 2631 932 2680; x_wconf 79' lang='lat' dir='ltr'><strong>temen</strong></span> <span class='ocrx_word' id='word_1_253' title='bbox 952 2629 982 2681; x_wconf 87' lang='lat' dir='ltr'><strong>st</strong></span> <span class='ocrx_word' id='word_1_254' title='bbox 1004 2639 1114 2680; x_wconf 83' lang='lat' dir='ltr'><strong>summe</strong></span> <span class='ocrx_word' id='word_1_255' title='bbox 1135 2619 1190 2678; x_wconf 85' lang='lat' dir='ltr'><strong>sim</strong></span> <span class='ocrx_word' id='word_1_256' title='bbox 1211 2618 1262 2678; x_wconf 84' lang='lat' dir='ltr'><strong>lex</strong></span> <span class='ocrx_word' id='word_1_257' title='bbox 1282 2627 1337 2695; x_wconf 84' lang='lat' dir='ltr'><strong>est,</strong></span> 
     </span>
     <span class='ocr_line' id='line_1_27' title="bbox 121 2640 1338 2780; baseline 0.003 -24"><span class='ocrx_word' id='word_1_258' title='bbox 121 2695 220 2758; x_wconf 83' lang='lat' dir='ltr'><strong>dicitrrr</strong></span> <span class='ocrx_word' id='word_1_259' title='bbox 233 2703 320 2761; x_wconf 89' lang='lat' dir='ltr'><strong>enim</strong></span> <span class='ocrx_word' id='word_1_260' title='bbox 334 2721 467 2779; x_wconf 77' lang='lat' dir='ltr'><strong>mugnus,</strong></span> <span class='ocrx_word' id='word_1_261' title='bbox 491 2702 616 2780; x_wconf 78' lang='lat' dir='ltr'><strong>sepiens,</strong></span> <span class='ocrx_word' id='word_1_262' title='bbox 640 2702 751 2779; x_wconf 77' lang='lat' dir='ltr'><strong>bestris,</strong></span> <span class='ocrx_word' id='word_1_263' title='bbox 777 2711 916 2778; x_wconf 74' lang='lat' dir='ltr'><strong>etvetus,</strong></span> <span class='ocrx_word' id='word_1_264' title='bbox 931 2709 962 2761; x_wconf 92' lang='lat' dir='ltr'><strong>et</strong></span> <span class='ocrx_word' id='word_1_265' title='bbox 973 2699 1113 2779; x_wconf 82' lang='lat' dir='ltr'><strong>quicquid</strong></span> <span class='ocrx_word' id='word_1_266' title='bbox 1127 2640 1210 2760; x_wconf 78' lang='lat' dir='ltr'><strong>eliud</strong></span> <span class='ocrx_word' id='word_1_267' title='bbox 1220 2719 1279 2759; x_wconf 86' lang='lat' dir='ltr'><strong>non</strong></span> <span class='ocrx_word' id='word_1_268' title='bbox 1292 2699 1338 2760; x_wconf 90' lang='lat' dir='ltr'><strong>in·</strong></span> 
     </span>
     <span class='ocr_line' id='line_1_28' title="bbox 121 2775 1338 2861; baseline -0.002 -19"><span class='ocrx_word' id='word_1_269' title='bbox 121 2775 203 2856; x_wconf 77' lang='lat' dir='ltr'><strong>digne</strong></span> <span class='ocrx_word' id='word_1_270' title='bbox 226 2781 292 2842; x_wconf 89' lang='lat' dir='ltr'><strong>dici</strong></span> <span class='ocrx_word' id='word_1_271' title='bbox 314 2781 439 2858; x_wconf 82' lang='lat' dir='ltr'><strong>videtur,</strong></span> <span class='ocrx_word' id='word_1_272' title='bbox 460 2781 512 2842; x_wconf 88' lang='lat' dir='ltr'><strong>sed</strong></span> <span class='ocrx_word' id='word_1_273' title='bbox 534 2781 635 2842; x_wconf 84' lang='lat' dir='ltr'><strong>eedem</strong></span> <span class='ocrx_word' id='word_1_274' title='bbox 656 2781 827 2860; x_wconf 75' lang='lat' dir='ltr'><strong>magnitudo</strong></span> <span class='ocrx_word' id='word_1_275' title='bbox 848 2782 913 2861; x_wconf 84' lang='lat' dir='ltr'><strong>ejus</strong></span> <span class='ocrx_word' id='word_1_276' title='bbox 933 2790 988 2858; x_wconf 88' lang='lat' dir='ltr'><strong>est,</strong></span> <span class='ocrx_word' id='word_1_277' title='bbox 1009 2799 1075 2859; x_wconf 77' lang='lat' dir='ltr'><strong>quse</strong></span> <span class='ocrx_word' id='word_1_278' title='bbox 1096 2780 1256 2858; x_wconf 83' lang='lat' dir='ltr'><strong>sepientis;</strong></span> <span class='ocrx_word' id='word_1_279' title='bbox 1277 2799 1338 2840; x_wconf 80' lang='lat' dir='ltr'><strong>non</strong></span> 
     </span>
     <span class='ocr_line' id='line_1_29' title="bbox 123 2859 1336 2940; baseline 0.002 -24"><span class='ocrx_word' id='word_1_280' title='bbox 123 2860 194 2918; x_wconf 86' lang='lat' dir='ltr'><strong>enim</strong></span> <span class='ocrx_word' id='word_1_281' title='bbox 206 2863 290 2924; x_wconf 89' lang='lat' dir='ltr'><strong>mole</strong></span> <span class='ocrx_word' id='word_1_282' title='bbox 306 2881 431 2940; x_wconf 68' lang='lat' dir='ltr'><strong>magnus</strong></span> <span class='ocrx_word' id='word_1_283' title='bbox 444 2871 499 2938; x_wconf 78' lang='lat' dir='ltr'><strong>est,</strong></span> <span class='ocrx_word' id='word_1_284' title='bbox 512 2862 566 2921; x_wconf 89' lang='lat' dir='ltr'><strong>sed</strong></span> <span class='ocrx_word' id='word_1_285' title='bbox 579 2861 695 2939; x_wconf 85' lang='lat' dir='ltr'><strong>virtrrte,</strong></span> <span class='ocrx_word' id='word_1_286' title='bbox 717 2871 749 2922; x_wconf 90' lang='lat' dir='ltr'><strong>et</strong></span> <span class='ocrx_word' id='word_1_287' title='bbox 761 2861 862 2922; x_wconf 80' lang='lat' dir='ltr'><strong>eedem</strong></span> <span class='ocrx_word' id='word_1_288' title='bbox 876 2862 991 2922; x_wconf 79' lang='lat' dir='ltr'><strong>bonitus</strong></span> <span class='ocrx_word' id='word_1_289' title='bbox 1005 2861 1069 2938; x_wconf 87' lang='lat' dir='ltr'><strong>ejus</strong></span> <span class='ocrx_word' id='word_1_290' title='bbox 1083 2869 1208 2938; x_wconf 71' lang='lat' dir='ltr'><strong>estquis</strong></span> <span class='ocrx_word' id='word_1_291' title='bbox 1223 2859 1336 2936; x_wconf 80' lang='lat' dir='ltr'><strong>sepien-</strong></span> 
     </span>
     <span class='ocr_line' id='line_1_30' title="bbox 123 2937 1339 3020; baseline 0.002 -24"><span class='ocrx_word' id='word_1_292' title='bbox 123 2937 159 2996; x_wconf 80' lang='lat' dir='ltr'><strong>tis</strong></span> <span class='ocrx_word' id='word_1_293' title='bbox 171 2949 200 2999; x_wconf 88' lang='lat' dir='ltr'><strong>et</strong></span> <span class='ocrx_word' id='word_1_294' title='bbox 212 2941 393 3020; x_wconf 74' lang='lat' dir='ltr'><strong>magnitudo</strong></span> <span class='ocrx_word' id='word_1_295' title='bbox 407 2949 437 3000; x_wconf 90' lang='lat' dir='ltr'><strong>et</strong></span> <span class='ocrx_word' id='word_1_296' title='bbox 449 2943 567 3002; x_wconf 80' lang='lat' dir='ltr'><strong>veritus.</strong></span> <span class='ocrx_word' id='word_1_297' title='bbox 608 2943 649 3002; x_wconf 76' lang='lat' dir='ltr'><strong>ut</strong></span> <span class='ocrx_word' id='word_1_298' title='bbox 671 2962 730 3002; x_wconf 89' lang='lat' dir='ltr'><strong>nou</strong></span> <span class='ocrx_word' id='word_1_299' title='bbox 744 2951 789 3002; x_wconf 88' lang='lat' dir='ltr'><strong>est</strong></span> <span class='ocrx_word' id='word_1_300' title='bbox 801 2943 844 3001; x_wconf 88' lang='lat' dir='ltr'><strong>ibi</strong></span> <span class='ocrx_word' id='word_1_301' title='bbox 861 2941 941 3001; x_wconf 74' lang='lat' dir='ltr'><strong>ndud</strong></span> <span class='ocrx_word' id='word_1_302' title='bbox 964 2942 1060 3018; x_wconf 79' lang='lat' dir='ltr'><strong>ipsum</strong></span> <span class='ocrx_word' id='word_1_303' title='bbox 1080 2941 1198 3000; x_wconf 73' lang='lat' dir='ltr'><strong>beatum</strong></span> <span class='ocrx_word' id='word_1_304' title='bbox 1219 2959 1292 3014; x_wconf 85' lang='lat' dir='ltr'><strong>esse,</strong></span> <span class='ocrx_word' id='word_1_305' title='bbox 1307 2947 1339 2998; x_wconf 89' lang='lat' dir='ltr'><strong>ct</strong></span> 
     </span>
     <span class='ocr_line' id='line_1_31' title="bbox 124 3017 1337 3100; baseline -0.002 -24"><span class='ocrx_word' id='word_1_306' title='bbox 124 3017 197 3080; x_wconf 73' lang='lat' dir='ltr'><strong>siud</strong></span> <span class='ocrx_word' id='word_1_307' title='bbox 209 3041 356 3100; x_wconf 78' lang='lat' dir='ltr'><strong>magnum</strong></span> <span class='ocrx_word' id='word_1_308' title='bbox 371 3029 401 3081; x_wconf 89' lang='lat' dir='ltr'><strong>et</strong></span> <span class='ocrx_word' id='word_1_309' title='bbox 415 3023 582 3100; x_wconf 77' lang='lat' dir='ltr'><strong>sapientem,</strong></span> <span class='ocrx_word' id='word_1_310' title='bbox 607 3030 658 3082; x_wconf 83' lang='lat' dir='ltr'><strong>aut</strong></span> <span class='ocrx_word' id='word_1_311' title='bbox 679 3042 781 3082; x_wconf 82' lang='lat' dir='ltr'><strong>venun</strong></span> <span class='ocrx_word' id='word_1_312' title='bbox 801 3030 853 3081; x_wconf 82' lang='lat' dir='ltr'><strong>sut</strong></span> <span class='ocrx_word' id='word_1_313' title='bbox 865 3021 973 3081; x_wconf 87' lang='lat' dir='ltr'><strong>bonnm</strong></span> <span class='ocrx_word' id='word_1_314' title='bbox 988 3039 1060 3094; x_wconf 83' lang='lat' dir='ltr'><strong>esee,</strong></span> <span class='ocrx_word' id='word_1_315' title='bbox 1076 3028 1126 3078; x_wconf 87' lang='lat' dir='ltr'><strong>sut</strong></span> <span class='ocrx_word' id='word_1_316' title='bbox 1140 3018 1257 3078; x_wconf 89' lang='lat' dir='ltr'><strong>omnino</strong></span> <span class='ocrx_word' id='word_1_317' title='bbox 1277 3037 1337 3075; x_wconf 89' lang='lat' dir='ltr'><strong>non</strong></span> 
     </span>
    </p>
   </div>
   <div class='ocr_carea' id='block_1_9' title="bbox 16 3097 1337 3180">
    <p class='ocr_par' dir='ltr' id='par_1_11' title="bbox 16 3097 1337 3180">
     <span class='ocr_line' id='line_1_32' title="bbox 16 3097 1337 3180; baseline -0.003 -22"><span class='ocrx_word' id='word_1_318' title='bbox 16 3127 17 3142; x_wconf 59' lang='grc' dir='ltr'>ι</span> <span class='ocrx_word' id='word_1_319' title='bbox 125 3102 211 3160; x_wconf 84' lang='lat' dir='ltr'><strong>esse.”</strong></span> <span class='ocrx_word' id='word_1_320' title='bbox 234 3103 286 3162; x_wconf 83' lang='lat' dir='ltr'><strong>Ite</strong></span> <span class='ocrx_word' id='word_1_321' title='bbox 301 3101 484 3164; x_wconf 70' lang='lat' dir='ltr'><strong>Athanasius</strong></span> <span class='ocrx_word' id='word_1_322' title='bbox 497 3103 528 3162; x_wconf 90' lang='lat' dir='ltr'><strong>in</strong></span> <span class='ocrx_word' id='word_1_323' title='bbox 543 3101 636 3180; x_wconf 85' lang='lat' dir='ltr'><strong>Epist.</strong></span> <span class='ocrx_word' id='word_1_324' title='bbox 651 3101 797 3180; x_wconf 84' lang='lat' dir='ltr'><strong>edEpisc.</strong></span> <span class='ocrx_word' id='word_1_325' title='bbox 813 3101 906 3160; x_wconf 78' lang='lat' dir='ltr'><strong>Afric.</strong></span> <span class='ocrx_word' id='word_1_326' title='bbox 929 3103 948 3134; x_wconf 86' lang='lat'><strong>“</strong></span> <span class='ocrx_word' id='word_1_327' title='bbox 959 3100 1026 3158; x_wconf 79' lang='lat' dir='ltr'><strong>Non</strong></span> <span class='ocrx_word' id='word_1_328' title='bbox 1040 3099 1122 3158; x_wconf 87' lang='lat' dir='ltr'><strong>Deus</strong></span> <span class='ocrx_word' id='word_1_329' title='bbox 1136 3107 1181 3157; x_wconf 87' lang='lat' dir='ltr'><strong>est</strong></span> <span class='ocrx_word' id='word_1_330' title='bbox 1195 3097 1337 3173; x_wconf 87' lang='lat' dir='ltr'><strong>composi·</strong></span> 
     </span>
    </p>
   </div>
   <div class='ocr_carea' id='block_1_10' title="bbox 125 3175 1338 3422">
    <p class='ocr_par' dir='ltr' id='par_1_12' title="bbox 125 3175 1338 3422">
     <span class='ocr_line' id='line_1_33' title="bbox 125 3175 1338 3260; baseline -0.008 -17"><span class='ocrx_word' id='word_1_331' title='bbox 125 3185 175 3255; x_wconf 69' lang='lat' dir='ltr'><strong>tus,</strong></span> <span class='ocrx_word' id='word_1_332' title='bbox 186 3183 236 3260; x_wconf 89' lang='lat' dir='ltr'><strong>qui</strong></span> <span class='ocrx_word' id='word_1_333' title='bbox 251 3183 395 3242; x_wconf 77' lang='lat' dir='ltr'><strong>omniunt</strong></span> <span class='ocrx_word' id='word_1_334' title='bbox 409 3192 507 3243; x_wconf 85' lang='lat' dir='ltr'><strong>essent</strong></span> <span class='ocrx_word' id='word_1_335' title='bbox 516 3183 685 3260; x_wconf 83' lang='lat' dir='ltr'><strong>composuit,</strong></span> <span class='ocrx_word' id='word_1_336' title='bbox 696 3201 791 3259; x_wconf 83' lang='lat' dir='ltr'><strong>neque</strong></span> <span class='ocrx_word' id='word_1_337' title='bbox 800 3181 867 3240; x_wconf 80' lang='lat' dir='ltr'><strong>tulis</strong></span> <span class='ocrx_word' id='word_1_338' title='bbox 878 3180 976 3258; x_wconf 75' lang='lat' dir='ltr'><strong>qualis</strong></span> <span class='ocrx_word' id='word_1_339' title='bbox 985 3187 1061 3254; x_wconf 62' lang='lat' dir='ltr'><strong>sunt</strong></span> <span class='ocrx_word' id='word_1_340' title='bbox 1071 3199 1136 3256; x_wconf 82' lang='lat' dir='ltr'><strong>quae</strong></span> <span class='ocrx_word' id='word_1_341' title='bbox 1147 3177 1198 3256; x_wconf 87' lang='lat' dir='ltr'><strong>per</strong></span> <span class='ocrx_word' id='word_1_342' title='bbox 1207 3175 1338 3236; x_wconf 88' lang='lat' dir='ltr'><strong>Verbum</strong></span> 
     </span>
     <span class='ocr_line' id='line_1_34' title="bbox 126 3256 1338 3342; baseline -0.002 -22"><span class='ocrx_word' id='word_1_343' title='bbox 126 3259 185 3334; x_wconf 85' lang='lat' dir='ltr'><strong>ejus</strong></span> <span class='ocrx_word' id='word_1_344' title='bbox 198 3261 277 3324; x_wconf 77' lang='lat' dir='ltr'><strong>lecte</strong></span> <span class='ocrx_word' id='word_1_345' title='bbox 291 3271 378 3339; x_wconf 87' lang='lat' dir='ltr'><strong>sunt;</strong></span> <span class='ocrx_word' id='word_1_346' title='bbox 401 3263 507 3342; x_wconf 90' lang='lat' dir='ltr'><strong>quippe</strong></span> <span class='ocrx_word' id='word_1_347' title='bbox 520 3264 572 3342; x_wconf 88' lang='lat' dir='ltr'><strong>qui</strong></span> <span class='ocrx_word' id='word_1_348' title='bbox 586 3263 710 3341; x_wconf 78' lang='lat' dir='ltr'><strong>simplex</strong></span> <span class='ocrx_word' id='word_1_349' title='bbox 723 3263 763 3322; x_wconf 87' lang='lat' dir='ltr'><strong>sit</strong></span> <span class='ocrx_word' id='word_1_350' title='bbox 777 3261 949 3338; x_wconf 79' lang='lat' dir='ltr'><strong>substantie,</strong></span> <span class='ocrx_word' id='word_1_351' title='bbox 968 3261 1001 3320; x_wconf 88' lang='lat' dir='ltr'><strong>in</strong></span> <span class='ocrx_word' id='word_1_352' title='bbox 1020 3279 1079 3337; x_wconf 85' lang='lat' dir='ltr'><strong>que</strong></span> <span class='ocrx_word' id='word_1_353' title='bbox 1091 3259 1172 3320; x_wconf 85' lang='lat' dir='ltr'><strong>nulle</strong></span> <span class='ocrx_word' id='word_1_354' title='bbox 1186 3265 1233 3318; x_wconf 87' lang='lat' dir='ltr'><strong>est</strong></span> <span class='ocrx_word' id='word_1_355' title='bbox 1244 3256 1338 3339; x_wconf 72' lang='lat' dir='ltr'><strong>queli-</strong></span> 
     </span>
     <span class='ocr_line' id='line_1_35' title="bbox 127 3342 905 3422; baseline 0.004 -23"><span class='ocrx_word' id='word_1_356' title='bbox 127 3345 167 3399; x_wconf 86' lang='lat' dir='ltr'><strong>tes</strong></span> <span class='ocrx_word' id='word_1_357' title='bbox 179 3361 275 3422; x_wconf 85' lang='lat' dir='ltr'><strong>neque</strong></span> <span class='ocrx_word' id='word_1_358' title='bbox 288 3343 359 3422; x_wconf 83' lang='lat' dir='ltr'><strong>ulls,</strong></span> <span class='ocrx_word' id='word_1_359' title='bbox 375 3352 409 3404; x_wconf 91' lang='lat' dir='ltr'><strong>ut</strong></span> <span class='ocrx_word' id='word_1_360' title='bbox 422 3343 553 3404; x_wconf 85' lang='lat' dir='ltr'><strong>Jeeobus</strong></span> <span class='ocrx_word' id='word_1_361' title='bbox 566 3350 697 3420; x_wconf 80' lang='lat' dir='ltr'><strong>testetur,</strong></span> <span class='ocrx_word' id='word_1_362' title='bbox 712 3342 905 3402; x_wconf 83' lang='lat' dir='ltr'><strong>immutstio.”</strong></span> 
     </span>
    </p>
   </div>
   <div class='ocr_carea' id='block_1_11' title="bbox 576 3581 885 3804">
    <p class='ocr_par' dir='ltr' id='par_1_13' title="bbox 576 3581 885 3804">
     <span class='ocr_line' id='line_1_36' title="bbox 576 3581 885 3659; baseline 0.006 -17"><span class='ocrx_word' id='word_1_363' title='bbox 576 3582 771 3659; x_wconf 80' lang='lat' dir='ltr'><strong>oumsmo</strong></span> <span class='ocrx_word' id='word_1_364' title='bbox 792 3581 885 3644; x_wconf 80' lang='lat' dir='ltr'><strong>vul.</strong></span> 
     </span>
     <span class='ocr_line' id='line_1_37' title="bbox 581 3761 885 3804; baseline 0.007 -2"><span class='ocrx_word' id='word_1_365' title='bbox 581 3761 621 3803; x_wconf 70' lang='lat' dir='ltr'><strong>DE</strong></span> <span class='ocrx_word' id='word_1_366' title='bbox 635 3761 811 3804; x_wconf 69' lang='lat' dir='ltr'><strong>mimum</strong></span> <span class='ocrx_word' id='word_1_367' title='bbox 823 3763 885 3804; x_wconf 78' lang='lat' dir='ltr'><strong>nm.</strong></span> 
     </span>
    </p>
   </div>
   <div class='ocr_carea' id='block_1_12' title="bbox 137 3898 1338 3984">
    <p class='ocr_par' dir='ltr' id='par_1_14' title="bbox 137 3898 1338 3984">
     <span class='ocr_line' id='line_1_38' title="bbox 137 3898 1338 3984; baseline 0 -24"><span class='ocrx_word' id='word_1_368' title='bbox 137 3899 176 3960; x_wconf 78' lang='lat' dir='ltr'><strong>An</strong></span> <span class='ocrx_word' id='word_1_369' title='bbox 187 3906 263 3964; x_wconf 71' lang='lat' dir='ltr'><strong>Dones</strong></span> <span class='ocrx_word' id='word_1_370' title='bbox 276 3905 313 3965; x_wconf 84' lang='lat' dir='ltr'><strong>sit</strong></span> <span class='ocrx_word' id='word_1_371' title='bbox 326 3904 460 3984; x_wconf 76' lang='lat' dir='ltr'><strong>Irpinitus</strong></span> <span class='ocrx_word' id='word_1_372' title='bbox 473 3903 584 3964; x_wconf 82' lang='lat' dir='ltr'><strong>ratione</strong></span> <span class='ocrx_word' id='word_1_373' title='bbox 596 3905 758 3964; x_wconf 73' lang='lat' dir='ltr'><strong>Essmtioe!</strong></span> <span class='ocrx_word' id='word_1_374' title='bbox 780 3903 892 3964; x_wconf 84' lang='lat' dir='ltr'><strong>Affirm.</strong></span> <span class='ocrx_word' id='word_1_375' title='bbox 907 3911 1009 3964; x_wconf 79' lang='lat' dir='ltr'><strong>contre</strong></span> <span class='ocrx_word' id='word_1_376' title='bbox 1025 3900 1121 3963; x_wconf 76' lang='lat' dir='ltr'><strong>Soein.</strong></span> <span class='ocrx_word' id='word_1_377' title='bbox 1137 3898 1338 3964; x_wconf 82' lang='lat' dir='ltr'><strong>etVorstinm.</strong></span> 
     </span>
    </p>
   </div>
   <div class='ocr_carea' id='block_1_13' title="bbox 137 4057 1339 4383">
    <p class='ocr_par' dir='ltr' id='par_1_15' title="bbox 137 4057 1339 4383">
     <span class='ocr_line' id='line_1_39' title="bbox 172 4057 1338 4143; baseline -0.004 -18"><span class='ocrx_word' id='word_1_378' title='bbox 172 4059 194 4120; x_wconf 88' lang='grc' dir='ltr'><strong>Ι.</strong></span> <span class='ocrx_word' id='word_1_379' title='bbox 214 4064 442 4143; x_wconf 74' lang='lat' dir='ltr'><strong>Simplicitatem</strong></span> <span class='ocrx_word' id='word_1_380' title='bbox 457 4063 514 4123; x_wconf 87' lang='lat' dir='ltr'><strong>Dei</strong></span> <span class='ocrx_word' id='word_1_381' title='bbox 527 4063 637 4142; x_wconf 82' lang='lat' dir='ltr'><strong>excipit</strong></span> <span class='ocrx_word' id='word_1_382' title='bbox 658 4065 758 4142; x_wconf 87' lang='lat' dir='ltr'><strong>ejusI</strong></span> <span class='ocrx_word' id='word_1_383' title='bbox 792 4065 874 4140; x_wconf 75' lang='lat' dir='ltr'><strong>niem,</strong></span> <span class='ocrx_word' id='word_1_384' title='bbox 889 4083 955 4141; x_wconf 80' lang='lat' dir='ltr'><strong>qum</strong></span> <span class='ocrx_word' id='word_1_385' title='bbox 976 4081 1015 4120; x_wconf 74' lang='lat' dir='ltr'><strong>en</strong></span> <span class='ocrx_word' id='word_1_386' title='bbox 1035 4079 1119 4137; x_wconf 68' lang='lat' dir='ltr'><strong>aquo</strong></span> <span class='ocrx_word' id='word_1_387' title='bbox 1132 4077 1185 4136; x_wconf 81' lang='lat' dir='ltr'><strong>per</strong></span> <span class='ocrx_word' id='word_1_388' title='bbox 1205 4057 1263 4117; x_wconf 78' lang='lat' dir='ltr'><strong>elis</strong></span> <span class='ocrx_word' id='word_1_389' title='bbox 1280 4057 1338 4120; x_wconf 86' lang='lat' dir='ltr'><strong>Dei</strong></span> 
     </span>
     <span class='ocr_line' id='line_1_40' title="bbox 137 4137 1337 4240; baseline 0 -40"><span class='ocrx_word' id='word_1_390' title='bbox 137 4142 263 4205; x_wconf 65' lang='lat' dir='ltr'><strong>sterium</strong></span> <span class='ocrx_word' id='word_1_391' title='bbox 277 4144 460 4221; x_wconf 83' lang='lat' dir='ltr'><strong>diffunditur,</strong></span> <span class='ocrx_word' id='word_1_392' title='bbox 476 4164 528 4222; x_wconf 87' lang='lat' dir='ltr'><strong>per</strong></span> <span class='ocrx_word' id='word_1_393' title='bbox 541 4163 628 4240; x_wconf 73' lang='lat' dir='ltr'><strong>quem</strong></span> <span class='ocrx_word' id='word_1_394' title='bbox 642 4154 746 4204; x_wconf 83' lang='lat' dir='ltr'><strong>nstrue</strong></span> <span class='ocrx_word' id='word_1_395' title='bbox 781 4143 861 4202; x_wconf 69' lang='lat' dir='ltr'><strong>’vina</strong></span> <span class='ocrx_word' id='word_1_396' title='bbox 874 4141 1035 4218; x_wconf 84' lang='lat' dir='ltr'><strong>concipitur</strong></span> <span class='ocrx_word' id='word_1_397' title='bbox 1055 4159 1072 4197; x_wconf 84' lang='lat' dir='ltr'><strong>e</strong></span> <span class='ocrx_word' id='word_1_398' title='bbox 1086 4137 1171 4197; x_wconf 85' lang='lat' dir='ltr'><strong>nobis</strong></span> <span class='ocrx_word' id='word_1_399' title='bbox 1189 4145 1223 4196; x_wconf 87' lang='lat' dir='ltr'><strong>ut</strong></span> <span class='ocrx_word' id='word_1_400' title='bbox 1235 4157 1337 4200; x_wconf 81' lang='lat' dir='ltr'><strong>cerens</strong></span> 
     </span>
     <span class='ocr_line' id='line_1_41' title="bbox 137 4217 1337 4312; baseline -0.003 -30"><span class='ocrx_word' id='word_1_401' title='bbox 137 4223 204 4282; x_wconf 82' lang='lat' dir='ltr'><strong>omni</strong></span> <span class='ocrx_word' id='word_1_402' title='bbox 216 4225 342 4286; x_wconf 87' lang='lat' dir='ltr'><strong>termino</strong></span> <span class='ocrx_word' id='word_1_403' title='bbox 356 4234 387 4285; x_wconf 90' lang='lat' dir='ltr'><strong>et</strong></span> <span class='ocrx_word' id='word_1_404' title='bbox 400 4224 625 4303; x_wconf 77' lang='lat' dir='ltr'><strong>imperfectione,</strong></span> <span class='ocrx_word' id='word_1_405' title='bbox 640 4233 702 4284; x_wconf 87' lang='lat' dir='ltr'><strong>tum</strong></span> <span class='ocrx_word' id='word_1_406' title='bbox 713 4223 824 4283; x_wconf 88' lang='lat' dir='ltr'><strong>rstione</strong></span> <span class='ocrx_word' id='word_1_407' title='bbox 835 4222 957 4281; x_wconf 72' lang='grc' dir='ltr'>ωιοιιιίω</span> <span class='ocrx_word' id='word_1_408' title='bbox 965 4239 1017 4299; x_wconf 89' lang='lat' dir='ltr'><strong>per</strong></span> <span class='ocrx_word' id='word_1_409' title='bbox 1026 4217 1337 4312; x_wconf 61' lang='lat' dir='ltr'><strong>inwnmrclcsseiildu·</strong></span> 
     </span>
     <span class='ocr_line' id='line_1_42' title="bbox 137 4299 1339 4383; baseline -0.007 -18"><span class='ocrx_word' id='word_1_410' title='bbox 137 4307 189 4378; x_wconf 69' lang='lat' dir='ltr'><strong>mn,</strong></span> <span class='ocrx_word' id='word_1_411' title='bbox 203 4313 265 4364; x_wconf 88' lang='lat' dir='ltr'><strong>tum</strong></span> <span class='ocrx_word' id='word_1_412' title='bbox 278 4305 394 4365; x_wconf 76' lang='lat' dir='ltr'><strong>ntione</strong></span> <span class='ocrx_word' id='word_1_413' title='bbox 408 4305 567 4364; x_wconf 73' lang='lat' dir='ltr'><strong>dmutionie</strong></span> <span class='ocrx_word' id='word_1_414' title='bbox 585 4325 637 4383; x_wconf 88' lang='lat' dir='ltr'><strong>per</strong></span> <span class='ocrx_word' id='word_1_415' title='bbox 653 4303 844 4378; x_wconf 61' lang='lat' dir='ltr'><strong>mundatem,</strong></span> <span class='ocrx_word' id='word_1_416' title='bbox 859 4310 922 4361; x_wconf 83' lang='lat' dir='ltr'><strong>tum</strong></span> <span class='ocrx_word' id='word_1_417' title='bbox 942 4299 1054 4360; x_wconf 72' lang='lat' dir='ltr'><strong>rodone</strong></span> <span class='ocrx_word' id='word_1_418' title='bbox 1074 4299 1339 4373; x_wconf 74' lang='lat' dir='ltr'><strong>ciratmscrnptrom&#39;s</strong></span> 
     </span>
    </p>
   </div>
   <div class='ocr_carea' id='block_1_14' title="bbox 137 4377 1339 4784">
    <p class='ocr_par' dir='ltr' id='par_1_16' title="bbox 137 4377 1339 4784">
     <span class='ocr_line' id='line_1_43' title="bbox 137 4377 1336 4520; baseline -0.002 -80"><span class='ocrx_word' id='word_1_419' title='bbox 137 4384 225 4520; x_wconf 42' lang='grc' dir='ltr'>ποιὰ.</span> <span class='ocrx_word' id='word_1_420' title='bbox 234 4385 333 4445; x_wconf 88' lang='lat' dir='ltr'><strong>locum</strong></span> <span class='ocrx_word' id='word_1_421' title='bbox 347 4405 401 4464; x_wconf 88' lang='lat' dir='ltr'><strong>per</strong></span> <span class='ocrx_word' id='word_1_422' title='bbox 415 4385 633 4446; x_wconf 74' lang='lat' dir='ltr'><strong>immensitatem.</strong></span> <span class='ocrx_word' id='word_1_423' title='bbox 663 4385 726 4444; x_wconf 85' lang='lat' dir='ltr'><strong>Nos</strong></span> <span class='ocrx_word' id='word_1_424' title='bbox 739 4383 787 4442; x_wconf 87' lang='lat' dir='ltr'><strong>hio</strong></span> <span class='ocrx_word' id='word_1_425' title='bbox 800 4383 837 4441; x_wconf 90' lang='lat' dir='ltr'><strong>de</strong></span> <span class='ocrx_word' id='word_1_426' title='bbox 851 4381 945 4466; x_wconf 83' lang='lat' dir='ltr'><strong>prime</strong></span> <span class='ocrx_word' id='word_1_427' title='bbox 958 4379 1082 4459; x_wconf 82' lang='lat' dir='ltr'><strong>egimus,</strong></span> <span class='ocrx_word' id='word_1_428' title='bbox 1090 4398 1150 4438; x_wconf 87' lang='lat' dir='ltr'><strong>non</strong></span> <span class='ocrx_word' id='word_1_429' title='bbox 1164 4377 1201 4438; x_wconf 87' lang='lat' dir='ltr'><strong>de</strong></span> <span class='ocrx_word' id='word_1_430' title='bbox 1214 4379 1336 4457; x_wconf 76' lang='lat' dir='ltr'><strong>ceteris,</strong></span> 
     </span>
     <span class='ocr_line' id='line_1_44' title="bbox 167 4465 1339 4654; baseline -0.004 -49"><span class='ocrx_word' id='word_1_431' title='bbox 167 4465 283 4654; x_wconf 47' lang='lat' dir='ltr'><strong>szmm</strong></span> <span class='ocrx_word' id='word_1_432' title='bbox 295 4473 410 4544; x_wconf 55' lang='lat' dir='ltr'><strong>pom</strong></span> <span class='ocrx_word' id='word_1_433' title='bbox 435 4544 477 4604; x_wconf 80' lang='grc' dir='ltr'><strong>ΙΙ,</strong></span> <span class='ocrx_word' id='word_1_434' title='bbox 500 4545 566 4604; x_wconf 85' lang='lat' dir='ltr'><strong>Non</strong></span> <span class='ocrx_word' id='word_1_435' title='bbox 586 4544 684 4623; x_wconf 77' lang='lat' dir='ltr'><strong>egitur</strong></span> <span class='ocrx_word' id='word_1_436' title='bbox 696 4544 745 4603; x_wconf 87' lang='lat' dir='ltr'><strong>hic</strong></span> <span class='ocrx_word' id='word_1_437' title='bbox 759 4543 796 4604; x_wconf 91' lang='lat' dir='ltr'><strong>de</strong></span> <span class='ocrx_word' id='word_1_438' title='bbox 810 4542 958 4602; x_wconf 81' lang='lat' dir='ltr'><strong>Infinitete</strong></span> <span class='ocrx_word' id='word_1_439' title='bbox 974 4540 1130 4618; x_wconf 79' lang='lat' dir='ltr'><strong>improprie</strong></span> <span class='ocrx_word' id='word_1_440' title='bbox 1150 4539 1192 4600; x_wconf 83' lang='lat' dir='ltr'><strong>its</strong></span> <span class='ocrx_word' id='word_1_441' title='bbox 1205 4537 1292 4616; x_wconf 77' lang='lat' dir='ltr'><strong>diets,</strong></span> <span class='ocrx_word' id='word_1_442' title='bbox 1307 4547 1339 4600; x_wconf 83' lang='lat' dir='ltr'><strong>et</strong></span> 
     </span>
     <span class='ocr_line' id='line_1_45' title="bbox 208 4609 1339 4717; baseline -0.007 -30"><span class='ocrx_word' id='word_1_443' title='bbox 208 4609 342 4716; x_wconf 37' lang='lat'><strong>2¹:2¹3&amp;</strong></span> <span class='ocrx_word' id='word_1_444' title='bbox 393 4627 491 4702; x_wconf 77' lang='lat' dir='ltr'><strong>quood</strong></span> <span class='ocrx_word' id='word_1_445' title='bbox 502 4645 561 4702; x_wconf 84' lang='lat' dir='ltr'><strong>nos,</strong></span> <span class='ocrx_word' id='word_1_446' title='bbox 576 4633 610 4685; x_wconf 93' lang='lat' dir='ltr'><strong>ut</strong></span> <span class='ocrx_word' id='word_1_447' title='bbox 622 4643 760 4685; x_wconf 86' lang='lat' dir='ltr'><strong>numerus</strong></span> <span class='ocrx_word' id='word_1_448' title='bbox 773 4624 923 4685; x_wconf 75' lang='lat' dir='ltr'><strong>selmum</strong></span> <span class='ocrx_word' id='word_1_449' title='bbox 936 4622 985 4717; x_wconf 72' lang='lat' dir='ltr'><strong>rel</strong></span> <span class='ocrx_word' id='word_1_450' title='bbox 995 4641 1091 4717; x_wconf 71' lang='lat' dir='ltr'><strong>urente</strong></span> <span class='ocrx_word' id='word_1_451' title='bbox 1103 4621 1193 4680; x_wconf 79' lang='lat' dir='ltr'><strong>meris</strong></span> <span class='ocrx_word' id='word_1_452' title='bbox 1207 4619 1339 4713; x_wconf 77' lang='lat' dir='ltr'><strong>infinitus</strong></span> 
     </span>
     <span class='ocr_line' id='line_1_46' title="bbox 391 4703 1339 4784; baseline -0.006 -19"><span class='ocrx_word' id='word_1_453' title='bbox 391 4705 506 4782; x_wconf 72' lang='lat' dir='ltr'><strong>moion,</strong></span> <span class='ocrx_word' id='word_1_454' title='bbox 517 4705 586 4784; x_wconf 85' lang='lat' dir='ltr'><strong>quis</strong></span> <span class='ocrx_word' id='word_1_455' title='bbox 593 4705 676 4767; x_wconf 86' lang='lat' dir='ltr'><strong>illum</strong></span> <span class='ocrx_word' id='word_1_456' title='bbox 687 4725 746 4766; x_wconf 87' lang='lat' dir='ltr'><strong>non</strong></span> <span class='ocrx_word' id='word_1_457' title='bbox 758 4705 947 4784; x_wconf 68' lang='lat' dir='ltr'><strong>insequimur,</strong></span> <span class='ocrx_word' id='word_1_458' title='bbox 957 4703 1026 4763; x_wconf 77' lang='lat' dir='ltr'><strong>lroet</strong></span> <span class='ocrx_word' id='word_1_459' title='bbox 1038 4721 1070 4761; x_wconf 89' lang='lat' dir='ltr'><strong>m</strong></span> <span class='ocrx_word' id='word_1_460' title='bbox 1081 4720 1116 4762; x_wconf 79' lang='lat' dir='ltr'><strong>sc</strong></span> <span class='ocrx_word' id='word_1_461' title='bbox 1125 4719 1289 4760; x_wconf 72' lang='lat' dir='ltr'><strong>escuem</strong></span> <span class='ocrx_word' id='word_1_462' title='bbox 1300 4706 1339 4759; x_wconf 82' lang='lat' dir='ltr'><strong>ert</strong></span> 
     </span>
    </p>
   </div>
   <div class='ocr_carea' id='block_1_15' title="bbox 0 0 1580 5178">
    <p class='ocr_par' dir='ltr' id='par_1_17' title="bbox 0 0 1580 5178">
     <span class='ocr_line' id='line_1_47' title="bbox 0 0 1580 5178; baseline 0 0"><span class='ocrx_word' id='word_1_463' title='bbox 0 0 1580 5178; x_wconf 95' lang='lat' dir='ltr'><strong> </strong></span> 
     </span>
    </p>
   </div>
  </div>
 </body>
</html>
