3152 5178
230 311 288 370 190
712 326 803 369 roone
816 327 951 368 merrus.
1235 307 1367 388 [curaer.
1382 327 1444 370 m.

227 476 339 544 nuans
360 467 508 547 praeroso
521 465 598 526 enim
612 446 657 527 an
675 467 801 526 meo
814 466 857 526 ru
869 466 973 526 nere
987 465 1174 544 sapuere„
1198 464 1379 526 remoneo
1391 475 1445 528 est

227 549 353 608 hortatio
376 549 415 608 ad
436 568 508 626 opus
521 545 647 622 virtutis,
661 547 711 605 vel
731 547 893 608 dehortatio
913 566 931 605 a
954 547 1107 606 contremo.
1148 545 1235 621 Quod
1259 547 1445 624 siquaedam
1567 605 1568 648 p

227 628 429 706 proediotiones
442 636 563 705 possunt
576 625 614 685 ad
627 627 819 686 hortationem
838 626 988 686 homiuum
1008 625 1111 700 facere,
1133 645 1193 684 non
1214 627 1355 702 sequitur,
1377 647 1444 687 non

228 728 292 767 esse
326 708 515 767 raedicticnes.
530 704 1301 782 Anhecdicidefuturisquibnsdam,nonomnibus?
1317 706 1445 767 Sedcur

229 787 284 847 hoo
313 787 485 847 enonnullis
493 786 613 862 dicetur,
623 805 681 846 non
690 785 725 844 de
735 786 887 846 omnibns?
900 786 981 844 nulla
988 785 1166 844 diversitatis
1173 785 1442 864 retiodaripotest.

269 867 343 927 XV.
364 870 393 927 3.
415 867 489 942 Quia
501 865 557 925 hoc
570 875 673 926 nature
687 865 743 924 Dei
756 865 965 943 perfectissima
974 863 1084 942 exigit3
1105 865 1349 944 namsicognitio
1358 866 1441 926 futu-
1567 903 1568 938 ι

227 965 326 1006 rorum
339 955 384 1007 est
397 946 536 1024 perfectio
555 946 586 1004 in
605 946 751 1020 creaturis
766 945 858 1004 multo
877 945 971 1022 magis
993 945 1047 1003 erit
1067 943 1098 1002 ln
1119 945 1193 1004 Deo.
1236 944 1353 1004 Deinde
1367 946 1443 1024 quie
1567 955 1568 1024 ι

228 1035 273 1086 est
287 1027 442 1099 conticin-
462 1026 541 1104 quod
553 1045 612 1084 non
625 1033 705 1085 essm
715 1031 820 1101 tamem
834 1023 893 1083 nisi
905 1023 1033 1102 cognitio
1046 1025 1110 1101 ejus
1124 1023 1163 1082 ad
1177 1026 1274 1084 omnis
1288 1046 1320 1084 se
1335 1034 1441 1086 exten-
1567 1061 1568 1106 1

228 1104 317 1180 deret,
332 1126 391 1164 non
404 1105 491 1165 modo
503 1105 648 1183 praeterite
661 1113 690 1165 et
703 1104 864 1183 praesentio,
879 1103 932 1164 sed
944 1104 1031 1163 etiem
1041 1103 1146 1180 futura,
1161 1112 1222 1164 tam
1236 1105 1445 1184 contingentia
1567 1109 1568 1178 Τ

228 1204 313 1263 quam
328 1186 499 1245 necessaria.
520 1191 548 1244 2.
563 1185 632 1263 quie
645 1192 689 1244 est
702 1181 905 1266 melimine-ac,
920 1183 1000 1260 quod
1011 1203 1071 1242 non
1084 1193 1183 1260 posset
1196 1183 1233 1243 de
1247 1204 1283 1243 ea
1296 1185 1366 1260 dici,
1380 1185 1443 1246 nisi
1567 1201 1568 1240 3

227 1265 412 1342 penetissime
426 1273 532 1340 nosset,
547 1283 606 1324 uon
625 1264 712 1324 modo
726 1266 924 1342 cogitationes,
946 1263 1067 1322 consilia
1079 1271 1110 1322 et
1125 1262 1248 1324 effectus
1261 1265 1368 1340 cordis,
1385 1266 1442 1324 sed

227 1345 315 1404 etiam
328 1345 407 1424 ipsas
420 1345 624 1423 propensIones
637 1354 667 1404 et
680 1344 882 1422 dispositiones
902 1343 1069 1420 priusquam
1083 1342 1114 1400 in
1127 1351 1226 1403 ectum
1239 1352 1356 1420 exeant,
1372 1345 1394 1404 J
1395 1365 1440 1405 er.
1567 1403 1568 1420 ι

228 1425 300 1484 xvii.
315 1427 343 1500 9,
368 1427 424 1501 10;
446 1425 517 1485 Job.
538 1424 642 1482 xxxiv.
664 1427 722 1498 213
744 1424 831 1484 Joan.
847 1424 877 1482 ii.
891 1427 940 1498 24,
962 1425 1021 1497 253
1043 1421 1113 1482 Act.
1128 1422 1146 1482 i.
1162 1426 1220 1500 24;
1242 1433 1274 1484 st
1292 1423 1389 1502 Apoc.
1404 1425 1439 1484 ii.

228 1506 278 1563 23.
305 1507 334 1564 3.
358 1504 572 1580 Omniproeeene,
588 1523 652 1581 quse
666 1503 800 1563 omnibus
814 1503 951 1562 creaturis
961 1502 1069 1580 ubique
1082 1510 1112 1561 et
1122 1501 1223 1562 infime
1236 1503 1330 1580 adest,
1343 1512 1374 1564 et
1386 1524 1443 1566 eas

227 1591 325 1642 movet
339 1591 369 1642 et
382 1584 451 1660 egit,
467 1592 620 1660 antequem
634 1584 744 1661 seipsas
756 1591 893 1642 moveant
905 1582 954 1640 rel
970 1589 1068 1659 agant.

268 1663 358 1722 XVI.
379 1666 409 1722 4.
431 1663 587 1722 Decretum
603 1662 797 1724 Providentiae
810 1683 874 1722 eam
887 1670 953 1740 post
966 1681 998 1721 sc
1018 1661 1107 1720 trahit
1122 1662 1297 1737 necessario,
1313 1663 1383 1741 quie
1402 1673 1441 1724 ut

228 1742 366 1820 quicquid
379 1743 417 1802 sit
430 1743 461 1800 in
474 1751 611 1820 tempora,
627 1742 709 1802 Deus
724 1742 942 1802 immutabiliter
955 1740 1032 1818 apud
1053 1760 1084 1800 se
1104 1740 1243 1817 decrevit,
1259 1743 1309 1802 vel
1322 1743 1440 1804 efficere
1567 1779 1568 1800 ι

227 1821 467 1900 velpermittere;
490 1823 537 1882 Ita
547 1823 634 1882 debet
646 1821 836 1884 infallibiliter
845 1821 918 1881 illud
926 1840 1011 1880 omne
1020 1820 1154 1898 praescire
1164 1843 1172 1881 ε
1181 1822 1264 1897 ratio,
1280 1822 1350 1899 quia
1360 1843 1436 1900 prse-

228 1900 348 1962 scientie
363 1903 419 1962 Dei
433 1903 562 1981 sequiurr
576 1903 639 1981 ejus
653 1902 808 1978 decretum,
823 1909 854 1961 et
866 1909 899 1962 ιιι
919 1901 1066 1961 decretum
1079 1901 1186 1960 mutari
1198 1920 1258 1960 non
1271 1910 1378 1978 potest,
1394 1904 1440 1962 ita

228 2000 282 2041 nec
296 1982 416 2042 scientia
428 1983 493 2061 ejus
506 1983 588 2042 felli:
611 1983 659 2042 Pa
674 2002 741 2042 cxv.
757 1985 785 2043 3.
799 1984 879 2041 Deus
899 1990 993 2040 meter
1006 1981 1036 2039 in
1049 1981 1122 2038 coleh
1136 1990 1183 2054 eet,
1199 1981 1336 2058 quiequid
1346 1985 1440 2042 voluit

219 2062 308 2135 secab-
323 2063 407 2122 Rom.
422 2062 519 2123 xtee.
534 2065 587 2121 Ex
595 2083 635 2137 eo,
645 2083 781 2139 pereum,
790 2065 868 2121 etad
876 2061 1038 2137 emmeant
1047 2061 1159 2134 omnim
1170 2061 1248 2138 pr.
1259 2061 1280 2121 i.
1294 2063 1342 2120 11.
1368 2065 1437 2124 Om-

227 2142 278 2200 m'a
291 2143 351 2218 nqit
363 2163 400 2201 ex
413 2143 526 2202 comalio
539 2143 688 2202 voluntati
700 2161 767 2202 sun.
809 2141 911 2218 Neque
924 2141 988 2200 loce
1007 2149 1129 2218 possunt
1148 2140 1248 2200 referri
1268 2149 1385 2200 tantum
1399 2143 1439 2202 od

227 2239 340 2357 elpequee
354 2222 436 2314 Deus
450 2221 512 2300 ipse
522 2221 599 2314 iecit,
611 2241 748 2314 nonverp
762 2220 922 2297 adeoque
936 2219 1149 2314 sbnhominibus
1158 2219 1221 2280 fieri
1235 2219 1354 2313 debent,
1370 2241 1441 2298 quse

227 2300 766 2456 Prdiiidldntiibwdiiniiraeaiiiiijnebtioeiildii
777 2299 1438 2458 iiiciiilbdrtseiieildiiiinuidalinuuienmldnrirnixoliesiidb³

226 2457 381 2534 quominus
395 2459 449 2517 sub
464 2458 527 2535 ejus
542 2458 690 2517 seientiam
704 2467 734 2517 et
747 2459 894 2517 decretum
908 2457 1020 2535 cedant,
1036 2467 1070 2518 nt
1082 2467 1183 2536 poetae
1196 2459 1318 2519 drocen.

267 2537 375 2596 XVII.
397 2536 480 2596 Licet
493 2537 609 2596 difficile
623 2537 661 2596 sit
674 2538 789 2615 assequi
802 2537 928 2615 modum,
951 2558 1008 2615 quo
1024 2539 1104 2597 Deus
1124 2538 1220 2598 future
1233 2538 1441 2618 contingentia

226 2625 304 2675 certo
318 2616 417 2692 novit;
437 2636 497 2677 non
510 2625 606 2676 tamen
620 2625 771 2695 propterea
780 2617 915 2696 neganda
924 2626 969 2677 est
978 2637 1024 2678 ree
1038 2617 1109 2695 ipse,
1121 2636 1186 2695 quse
1194 2624 1238 2677 tot
1251 2617 1325 2678 locIs
1336 2619 1437 2699 Scrip-

226 2703 299 2754 turee
312 2704 342 2755 et
354 2696 514 2756 rationibus
528 2697 721 2756 confirmatur.

527 2775 653 2837 XVIII.
675 2776 856 2854 Praecipuum
864 2776 1081 2837 hmdamentum
1094 2775 1228 2836 Scientioe
1238 2775 1440 2839 dirinoeoiroe
1567 2769 1568 2780 ¹

246 2838 451 2944 Fffiffiff¹¹¹fl⁰'
486 2855 583 2916 futnro
610 2856 815 2935 contingentia,
838 2876 897 2916 non
921 2865 973 2933 est,
996 2857 1044 2915 vel
1066 2875 1216 2916 coumrum
1238 2857 1438 2919 secundarum

487 2945 598 3012 nature,
646 2957 691 2996 uae
722 2937 892 3014 supponitur
925 2956 988 2996 esse
1016 2933 1155 3016 ὶδιιίφομ,
1184 2935 1232 2996 vel
1260 2936 1437 3015 simpliciter

227 3011 362 3074 Essentie
377 3014 493 3093 Divina,
508 3025 541 3076 nt
554 2955 702 3076 imitabilis
716 3037 734 3075 a
747 3017 895 3093 creatoris,
909 3026 939 3077 et
952 3024 985 3076 ut
994 3025 1096 3094 potens
1106 3015 1157 3074 illa
1169 3013 1337 3093 producere,
1354 3018 1438 3096 quod

226 3101 271 3152 cst
285 3093 503 3156 fundumentum
522 3096 722 3174 possibilitatis
742 3115 856 3174 rerum;
878 3096 929 3156 sed
949 3099 1090 3155 dccrcnrm
1109 3095 1210 3170 solum,
1226 3114 1278 3172 per
1291 3097 1375 3173 qnod
1388 3117 1437 3158 res

226 3191 245 3230 e
259 3183 335 3234 stetu
348 3175 549 3252 possibilitatis
568 3184 718 3236 transcunt
738 3176 776 3235 ed
796 3184 903 3236 statum
923 3174 1106 3251 firtoritionie,
1121 3175 1223 3251 inquo
1237 3194 1272 3233 ca
1291 3183 1437 3254 tanquam

225 3251 367 3328 praefinite
380 3262 410 3313 et
423 3263 502 3314 certo
515 3255 611 3315 futura
625 3256 722 3317 videt:
764 3257 804 3316 Et
817 3257 886 3334 quia
899 3256 956 3314 Dei
975 3254 1121 3314 decretum
1134 3273 1193 3313 non
1207 3264 1341 3315 versetur
1356 3257 1437 3316 cirea

226 3349 295 3406 reru,
311 3332 363 3390 sed
377 3332 463 3392 etiam
477 3335 553 3393 circe
563 3335 681 3394 modum
694 3335 745 3412 rei,
760 3333 800 3394 id.
811 3345 844 3396 ut
857 3356 903 3395 res
916 3335 967 3394 fiat
976 3335 1203 3412 juxtenaturam
1211 3353 1315 3412 osneae,
1331 3354 1435 3396 neces·

225 3409 301 3468 sario
315 3411 340 3470 ei
353 3412 522 3489 necessarie,
537 3413 628 3473 libere
642 3415 667 3473 si
680 3414 779 3492 libere,
798 3415 880 3476 Dens
899 3415 979 3474 videt
993 3434 1027 3474 ea
1039 3414 1071 3472 in
1084 3413 1208 3490 decreto,
1223 3433 1282 3472 non
1295 3415 1386 3475 modo
1400 3425 1436 3476 ut

225 3497 304 3548 certo
318 3489 422 3566 futura,
438 3491 489 3550 ssd
502 3492 589 3552 etlem
602 3502 635 3553 ut
649 3503 726 3554 certo
741 3494 837 3555 future
850 3495 1057 3572 contingenter.

266 3568 361 3628 XIX.
383 3569 511 3644 Quorum
525 3592 583 3632 non
596 3581 641 3633 est
654 3573 845 3634 determinata
853 3575 968 3650 veritos,
980 3592 1079 3633 eorum
1092 3591 1150 3631 non
1164 3579 1259 3650 potest
1273 3591 1338 3634 esse
1353 3583 1435 3634 certa

225 3655 255 3707 et
268 3647 429 3709 infallibilis
450 3650 577 3728 scientia,
600 3653 626 3712 si
645 3653 777 3714 absolute
791 3662 821 3714 et
842 3653 1006 3714 omnimodo
1026 3661 1094 3712 sunt
1114 3651 1356 3728 indeterminata3
1379 3654 1433 3714 sed

224 3727 321 3788 futura
335 3730 531 3808 contingentis
544 3731 614 3791 tolia
633 3752 692 3792 non
713 3742 798 3794 sunt:
840 3735 914 3793 Nam
928 3733 954 3792 ei
974 3740 1041 3792 sunt
1053 3731 1275 3790 indeterminata
1294 3743 1433 3810 respectu

225 3825 319 3868 oeusoe
334 3810 475 3886 secundae,
492 3811 565 3870 etin
578 3812 689 3890 seipsis,
711 3832 770 3872 non
784 3822 852 3874 sunt
864 3820 995 3890 respectu
1017 3830 1110 3871 cnusae
1123 3811 1232 3888 prime,
1247 3831 1314 3888 quoe
1326 3829 1430 3872 eorum

225 3886 421 3949 futur-itionem
442 3891 589 3968 decrevit3
612 3893 637 3952 si
650 3893 871 3953 indeterminata
883 3903 928 3952 eet
948 3911 1046 3952 eorum
1059 3891 1167 3950 veritas
1180 3900 1308 3966 repectu
1328 3893 1430 3968 nostri,

224 3968 275 4044 qui
288 3989 347 4029 non
361 3989 514 4048 possumus
527 3971 626 4032 videre
640 3991 698 4050 quo
712 3992 743 4033 se
757 3972 928 4032 inclinatura
948 3971 986 4031 sit
1006 3989 1093 4030 cause
1107 3969 1233 4030 secunda
1245 3969 1348 4047 libera,
1370 3991 1432 4030 non

224 4056 269 4107 est
282 4049 349 4109 talis
362 4061 488 4128 respectu
501 4052 567 4127 Dei,
582 4051 629 4111 cui
643 4052 739 4112 omnic
751 4051 847 4113 firtnra
860 4051 1049 4111 obversantur
1062 4058 1094 4110 ut
1107 4049 1269 4127 praesentia.

265 4126 343 4188 XX.
366 4129 433 4190 Non
446 4139 490 4191 est
503 4129 643 4192 ιιι-ὕστατοι
656 4131 734 4192 idem
747 4131 805 4192 dici
817 4130 953 4210 possibile
962 4140 991 4191 et
1004 4129 1181 4208 Impossibile
1193 4123 1288 4206 simul,
1304 4128 1357 4189 sad
1370 4130 1432 4190 κατ’

224 4203 293 4264 ἅλλα
305 4213 351 4268 ul
362 4207 450 4286 ium
472 4211 609 4290 possibile
622 4220 755 4290 respectu
775 4211 909 4290 potentin
930 4229 981 4270 seu
995 4229 1088 4269 canen
1103 4208 1245 4284 secunde,
1261 4209 1291 4267 iu
1312 4227 1345 4268 ee
1359 4229 1428 4270 oon·

224 4285 356 4347 siderate
375 4299 405 4350 et
424 4291 456 4349 iu
477 4309 563 4352 sensu
583 4291 688 4367 dinco,
702 4299 732 4351 et
752 4290 929 4369 impossibile
949 4287 1106 4349 secundum
1125 4287 1204 4366 quid,
1219 4308 1257 4348 ex
1270 4288 1429 4366 hypothesi

224 4361 333 4424 decreti
353 4377 383 4428 et
401 4371 590 4446 prescientia
611 4371 677 4430 Dei.
718 4371 765 4431 Ita
778 4369 915 4448 possibile
928 4369 984 4430 fuit
1004 4369 1150 4430 Christum
1162 4388 1222 4428 non
1238 4368 1379 4447 cruciligi,
1402 4369 1428 4430 si

225 4439 306 4532 Dens
319 4446 467 4524 voluisset,
483 4459 513 4510 et
526 4450 702 4528 impossibile
715 4459 832 4530 propter
845 4449 1009 4510 decretum:
1029 4448 1107 4527 quod
1121 4467 1191 4526 ergo
1205 4448 1236 4506 in
1246 4467 1334 4508 senso
1348 4469 1426 4508 com·

223 4527 327 4594 posito,
342 4532 372 4582 et
386 4529 534 4604 supposito
545 4530 601 4590 Dei
615 4530 730 4590 decreto
745 4529 781 4590 de
794 4529 961 4590 futuritione
975 4529 1024 4606 rei,
1036 4538 1082 4589 est
1095 4527 1272 4606 impossibile
1283 4547 1342 4587 non
1352 4527 1425 4606 fieri,

224 4604 321 4658 umen
334 4599 365 4660 ln
379 4621 466 4664 sensu
479 4607 575 4669 diuiso
588 4617 618 4669 et
632 4610 757 4688 seposito
770 4630 806 4671 eo
819 4609 944 4686 decreto,
959 4608 1096 4690 possibile
1109 4615 1186 4670 esset
1198 4627 1257 4668 non
1270 4606 1343 4668 lieri.
