3174 5174
260 356 319 412 472
745 371 835 412 rocus
850 367 970 412 srxrus.
1270 347 1399 431 [comer.
1414 369 1468 412 vrr.

261 521 296 572 ut
318 516 403 572 “non
417 512 493 573 sinet
504 531 558 573 nos
571 513 676 574 tentari
699 531 787 590 supra
807 511 839 570 id
861 511 940 590 quod
961 529 1123 590 possumus,
1137 509 1191 570 aed
1203 529 1274 570 vero
1295 529 1363 570 cum
1376 519 1470 571 tenta·

262 593 342 652 tione
363 601 480 672 prestet
500 593 587 652 etiam
609 593 729 668 exitum,
753 603 785 651 ut
798 593 943 670 possimus
965 591 1137 667 sustinere,”
1153 595 1169 650 l
1185 589 1251 650 Cor.
1270 609 1301 648 x.
1318 592 1367 648 13.
1383 589 1471 650 Unde

264 673 392 750 August.
406 673 456 732 lib.
471 691 500 732 v.
519 671 587 732 adv.
601 672 623 732 J
625 673 693 732 ulia.
709 671 809 748 Pelag.
826 692 852 732 c.
866 672 907 730 iii.
949 673 968 704 “
978 670 1057 746 Quid
1078 679 1232 730 astantem
1246 668 1327 746 quod
1339 669 1473 746 quotidie

264 752 395 827 dicimus,
409 771 446 810 ne
460 771 513 810 nos
526 751 633 811 inferes
646 752 677 810 in
690 753 887 827 tentationem,
902 749 959 810 nisi
973 759 1006 810 ut
1025 769 1084 808 non
1104 749 1251 810 tradamur
1264 749 1473 826 concupiscen-

262 831 311 889 tiis
324 831 439 907 nostris,
453 831 652 909 unusquisque
675 832 753 890 enirn
766 839 925 890 tentatura
946 829 1178 908 concupiscentia
1191 847 1244 888 sua
1263 829 1428 888 abstractus
1442 839 1475 888 ct

263 910 418 970 illectus?¹'
441 911 481 969 Et
494 931 539 988 ep.
554 913 603 970 89.
618 911 656 970 ad
669 930 719 987 qu.
733 916 761 970 2.
805 914 824 944 ‘⁶
834 911 879 969 Ne
892 928 946 970 nos
959 909 1080 970 induces
1098 909 1129 968 in
1148 907 1348 984 tentationem,
1362 908 1473 968 intelli·

264 989 350 1065 gitur,
365 1008 402 1050 ne
415 990 516 1048 inferri
528 990 688 1050 deserendo
701 991 879 1068 permittas”

436 1135 442 1148 ,
565 1070 678 1130 XXX.
700 1069 784 1144 Quod
797 1070 907 1138 Jerem.
921 1087 973 1128 xx.
998 1072 1026 1128 7.
1047 1066 1161 1143 moiun,
1176 1065 1323 1128 &ductu
1342 1087 1388 1126 mc
1408 1069 1473 1128 Do-

300 1131 466 1240 E}0{⁰}¹}⁰‘7¹J·
524 1151 605 1225 minc,
621 1159 649 1210 ct
660 1153 787 1210 seducte
800 1169 869 1226 cum,
884 1167 944 1208 non
956 1155 1003 1208 est
1015 1149 1056 1207 ita
1066 1146 1273 1224 accipiendum,
1289 1147 1375 1224 qussi
1389 1147 1475 1208 Deus

361 1225 368 1238 '
413 1225 420 1238 “
524 1249 591 1288 curn
604 1230 635 1288 in
649 1228 779 1290 fraudem
792 1238 823 1288 et
842 1248 968 1288 errorem
989 1227 1146 1287 induxerit.
1188 1226 1271 1286 Licet
1294 1227 1373 1285 euim
1388 1227 1475 1286 Deus

263 1307 376 1368 dicetur
388 1307 544 1386 aliquando
557 1309 688 1386 posuisse
703 1309 833 1386 spiritum
846 1307 990 1367 mendacii
1002 1309 1033 1366 in
1046 1326 1096 1366 ore
1106 1305 1244 1366 sueorum
1259 1305 1476 1384 Prophetarum

264 1387 389 1463 Achabi,
399 1399 497 1447 temen
506 1387 565 1447 dici
572 1407 630 1447 non
640 1397 744 1465 potest,
750 1387 843 1448 ullum
853 1395 1016 1448 sanctourm
1028 1386 1246 1464 Prophetarum,
1253 1405 1326 1462 quoe
1338 1385 1470 1445 Deusin·

264 1467 394 1543 spiravit,
406 1468 447 1526 ita
456 1487 583 1545 unquam
594 1487 713 1543 errasse,
718 1477 752 1527 ut
762 1468 792 1526 iu
801 1468 916 1526 nominc
924 1467 980 1526 Dci
988 1467 1094 1526 falsum
1102 1465 1212 1544 aliquid
1219 1464 1402 1544 prachxerit3
1422 1465 1476 1524 vel

265 1545 303 1682 hp)
309 1547 617 1686 proplpeticosppundeire,
632 1546 786 1686 licepdalias
799 1547 1037 1686 llilffibllellinpn
1050 1545 1153 1684 fovrppt,
1173 1545 1326 1682 averittpte
1331 1565 1474 1682 &mquam

266 1645 413 1686 serrari.
578 1645 739 1686 versrme
885 1647 915 1684 m
1012 1669 1019 1684 .
1146 1643 1184 1684 rer
1231 1643 1309 1682 une
1361 1643 1474 1684 recum

265 1708 337 1762 scta
350 1704 466 1764 videtur
479 1705 643 1781 deductim,
659 1707 690 1764 irr
709 1645 815 1765 bonhh
835 1714 946 1783 partem
966 1645 1097 1765 elimatur
1116 1723 1169 1782 pro
1182 1647 1304 1777 dlliccre,
1323 1704 1472 1780 putem,

259 1787 444 1860 peruadere,
459 1784 604 1861 quomodo
618 1793 648 1845 et
661 1784 731 1845 alibi
744 1785 876 1862 sumitur,
891 1785 966 1846 Gen.
981 1785 1022 1844 ix.
1037 1787 1085 1860 II,
1098 1783 1186 1842 Prov.
1200 1803 1273 1842 xxv.
1286 1786 1332 1860 15,
1343 1783 1419 1842 Hos.
1433 1784 1469 1844 ii.

267 1866 319 1940 143
334 1863 389 1922 hoc
400 1883 486 1923 sensu
495 1865 639 1941 pellexisti
646 1885 698 1941 mc,
710 1874 737 1925 ct
744 1868 878 1942 pellectus
883 1865 942 1944 fici,
953 1864 984 1923 id
994 1872 1039 1923 est
1049 1863 1087 1922 ed
1096 1861 1309 1940 suscipiendam
1319 1871 1348 1922 ct
1356 1861 1471 1922 obcun-

264 1941 333 2000 dam
352 1942 530 2003 functionem
549 1963 652 2021 meam,
666 1963 696 2022 q.
710 1944 749 2020 d.,
763 1945 810 2004 'Iu
823 1964 898 2006 unus
920 1943 993 2004 mihi
1005 1944 1110 2002 author
1122 1963 1155 2002 es
1167 1942 1328 2002 vocationis
1341 1960 1426 2017 mese,
1441 1952 1475 2004 et

264 2023 411 2082 recusanti
424 2023 483 2082 vim
497 2023 709 2102 quodammodo
722 2023 854 2084 attulisti.
882 2024 940 2083 Vel
953 2024 979 2082 si
992 2024 1023 2081 in
1037 2023 1142 2082 malam
1156 2031 1267 2100 partem
1277 2021 1404 2082 sumitur
1416 2041 1473 2101 pro

266 2100 442 2178 seductione,
457 2111 491 2163 ut
507 2103 613 2164 Erech.
628 2104 690 2164 xiv.
704 2106 733 2180 9,
754 2103 941 2183 hypothetice
960 2103 1016 2162 hoc
1036 2101 1274 2179 intelligendum:
1298 2101 1330 2161 si
1351 2121 1409 2178 ego
1424 2122 1471 2162 se-

265 2180 371 2242 ductus
385 2201 457 2256 eum,
469 2190 503 2242 ut
513 2183 679 2243 seducerem
689 2183 771 2260 alios,
782 2191 868 2260 prout
877 2183 1088 2242 calumniantur
1097 2182 1196 2241 hostes
1206 2181 1272 2256 mei,
1283 2180 1330 2242 Tu
1341 2181 1472 2241 Domine

264 2279 311 2318 me
332 2261 491 2338 seduxisti;
513 2261 556 2320 At
576 2263 631 2322 hoc
651 2262 765 2340 salsum,
788 2263 869 2340 Ergo
888 2271 918 2322 et
938 2261 1027 2337 illud;
1051 2261 1094 2322 Ut
1113 2261 1154 2321 ita
1168 2261 1312 2338 significet
1324 2259 1356 2318 in
1371 2260 1472 2320 Deum

265 2338 403 2397 doctrine
416 2359 477 2399 suae
491 2341 639 2399 authorem
653 2342 781 2401 recidere
797 2361 896 2401 eorum
910 2341 1090 2416 calumniasp
1107 2340 1211 2399 Velut
1224 2339 1314 2398 verba
1332 2339 1472 2399 humani-

262 2426 311 2475 tus
325 2416 474 2476 dictasint
488 2418 646 2478 secuudum
660 2439 777 2480 sensum
791 2421 894 2496 carnis,
909 2429 939 2480 et
955 2420 1043 2480 animi
1062 2419 1315 2498 perturbationem,
1330 2419 1473 2479 nimimm
1575 2467 1576 2492 ,

262 2504 296 2556 ut
309 2495 453 2556 Ieremias
471 2515 509 2556 cx
530 2497 695 2558 infirmitate
716 2508 746 2558 et
764 2499 876 2576 judicio
889 2499 985 2561 carnis
998 2509 1143 2578 queratur,
1158 2519 1189 2558 se
1203 2517 1221 2556 e
1235 2498 1299 2557 Deo
1313 2497 1474 2576 deceptum
1575 2533 1576 2550 ι

263 2573 360 2648 fuisse,
375 2575 462 2652 idque
476 2575 545 2654 quia
558 2596 596 2636 ex
616 2577 672 2636 Dei
685 2577 783 2637 verbis
803 2597 952 2657 perperam
973 2580 1136 2656 intellectis,
1156 2579 1244 2654 longe
1258 2577 1316 2636 alia
1329 2589 1475 2656 expertus
1569 2646 1572 2657 Ι

261 2653 348 2712 fuerit
371 2673 458 2730 quam
479 2655 696 2716 existimaverat
714 2657 810 2717 Deum
830 2659 887 2717 sibi
907 2659 1058 2736 indicasse,
1079 2677 1139 2717 non
1158 2657 1244 2735 culpa
1261 2656 1394 2733 dicentis,
1415 2659 1473 2718 wd
1571 2666 1575 2694 l

262 2732 424 2810 audientis3
445 2753 503 2794 non
517 2735 594 2794 enim
608 2735 722 2796 dixerat
736 2737 827 2812 Deus,
842 2737 924 2797 illurn
941 2739 1014 2796 nihil
1034 2757 1194 2816 passurum,
1209 2736 1261 2795 sed
1275 2757 1306 2796 aa
1320 2755 1387 2795 curn
1401 2757 1472 2797 essa

261 2811 459 2874 liberaturum.
497 2813 528 2874 si
543 2815 612 2873 alibi
625 2818 756 2877 seducere
769 2816 875 2876 dicitur
889 2818 1057 2895 Prophetas,
1069 2817 1118 2876 vel
1131 2817 1277 2895 populum,
1293 2816 1392 2875 Erech
1402 2817 1470 2876 xirr.

262 2892 299 2967 9;
321 2892 431 2953 Jcrern.
452 2895 492 2952 iv.
514 2897 560 2968 10,
582 2895 638 2954 hoc
658 2904 720 2956 tum
744 2895 782 2956 ad
809 2896 1026 2974 permissionem
1050 2905 1079 2956 et
1100 2896 1292 2956 desertionem
1307 2896 1365 2956 Dei
1391 2895 1470 2958 bene
1574 2891 1575 2908 ¹

262 2970 392 3046 refertur,
408 2974 476 3050 quia
490 2975 774 3051 permittithomines
788 2975 891 3053 decipi,
905 2995 959 3036 nec
979 2976 1215 3055 impedimentum
1228 2975 1321 3034 ullum
1335 2976 1468 3053 opponit,

259 3059 323 3110 tum
333 3051 371 3110 ad
383 3051 498 3113 Satenae
508 3053 700 3130 truditioncm,
711 3057 780 3134 quia
789 3056 877 3115 tradit
889 3057 1003 3115 Satanae
1013 3065 1044 3114 et
1052 3055 1256 3133 impostoribus
1266 3054 1466 3133 decipiendos.

434 3189 449 3202 ,,
565 3133 696 3194 XXXI.
711 3135 807 3209 Quum
820 3135 891 3195 Jobi
905 3135 956 3194 xii.
968 3137 1014 3210 16,
1028 3139 1074 3194 17.
1095 3136 1156 3194 Dei
1167 3135 1272 3194 dicitur
1285 3153 1343 3192 csse
1353 3155 1468 3210 masis,

326 3201 346 3233 ²·
373 3188 404 3232 ⁰¹³
432 3203 458 3236 ¹²·
497 3223 503 3247 ι
524 3223 552 3274 er
564 3233 665 3273 mare
677 3215 799 3290 fasee,
820 3223 916 3292 potest
936 3213 1068 3273 suasam
1088 3213 1221 3292 rucene,
1243 3213 1292 3273 ver
1312 3213 1344 3271 n
1364 3213 1468 3272 estivo

523 3295 588 3352 Deo
601 3303 642 3352 cst
653 3314 763 3370 mons,
778 3304 806 3353 et
817 3294 1043 3368 morcsacicnc,
1054 3301 1087 3352 ut
1100 3294 1202 3354 innuat
1211 3301 1273 3352 tum
1287 3293 1402 3371 decepti
1411 3293 1466 3352 ho·

261 3367 347 3427 minis
361 3370 562 3446 ignorantiam,
578 3381 640 3430 turn
660 3373 849 3450 impostorum
862 3381 892 3432 et
912 3373 1096 3449 deceptorum
1115 3373 1265 3447 melitium,
1281 3371 1344 3431 Deo
1364 3371 1396 3430 id
1416 3382 1467 3432 est

260 3445 367 3504 divine
391 3449 580 3540 providentie
597 3451 750 3541 inservire,
765 3453 849 3527 quasi
868 3451 947 3511 illius
969 3451 1161 3528 admisistras,
1185 3451 1255 3510 dum
1278 3450 1356 3509 nimi.
1379 3450 1465 3510 Deus

259 3527 831 3682 ltztltlllltttttttlzt
844 3531 1319 3688 ttt‘tttttltttult,
1328 3549 1466 3685 ²323

260 3702 370 3758 arona,
387 3681 440 3742 &c
455 3685 524 3762 quic.
537 3695 657 3763 uterque
671 3697 716 3746 est
730 3689 760 3746 in
775 3688 832 3747 Dei
845 3697 995 3766 potestate,
1011 3688 1052 3748 ita
1064 3699 1097 3748 ut
1110 3709 1195 3749 uerno
1209 3697 1285 3748 erret
1307 3689 1357 3749 vel
1371 3690 1403 3747 in
1419 3709 1464 3749 er·

259 3783 354 3830 rorem
368 3763 494 3840 inducat,
509 3765 565 3824 nisi
579 3775 665 3844 prout
676 3767 740 3826 Deo
753 3768 826 3827 libet
835 3768 1008 3844 permittere,
1018 3768 1070 3846 qui
1080 3787 1204 3828 errorem
1214 3767 1461 3844 etseductionern,

259 3855 290 3901 et
303 3843 450 3920 impedire,
466 3853 495 3903 ct
508 3845 609 3904 tollere
623 3856 730 3923 posset,
746 3847 771 3905 si
784 3847 893 3923 vellct3
915 3846 973 3908 Vel
987 3848 1056 3925 quis
1068 3847 1130 3925 ipse
1140 3847 1255 3908 errandi
1265 3855 1358 3924 actus,
1369 3867 1461 3926 quau·

258 3921 297 3980 do
311 3923 415 4000 aliquis
430 3924 550 3998 seducit,
565 3933 609 3984 est
623 3945 641 3984 a
655 3926 728 3986 Deo.
947 3967 950 3976 ·

300 4001 449 4062 XXXII.
471 4002 566 4077 Quum
581 4003 652 4064 dicit
664 4007 753 4080 Dese,
769 4005 856 4066 Erec.
870 4025 922 4065 xx.
937 4007 987 4082 25,
1002 4008 1021 4042 “
1032 4025 1063 4066 se
1084 4007 1198 4067 dedisse
1212 4007 1320 4085 populo
1334 4025 1390 4066 suo
1404 4015 1460 4066 eta·

258 4087 322 4139 tuta
335 4100 395 4139 non
408 4081 492 4156 bons,
506 4101 558 4160 per
571 4102 636 4159 quse
650 4103 708 4142 non
798 4084 820 4142 't
833 4084 962 4160 vivere,”
979 4084 1030 4144 ubi
1049 4105 1109 4145 non
1128 4086 1215 4146 modo
1229 4085 1348 4158 ridetur
1359 4105 1460 4163 pecca·

257 4168 319 4218 tum
333 4160 506 4236 permittere,
523 4161 674 4222 sedetiam
691 4103 899 4240 julihffloeus
919 4165 1112 4224 diversimode
1130 4165 1293 4242 exponitur.
1336 4164 1460 4240 Quidam

256 4257 308 4316 per
330 4248 437 4297 statmo
458 4261 515 4299 uon
529 4242 601 4300 bonu
623 4242 790 4320 intelligunt
801 4251 954 4322 precepta
974 4243 1155 4304 idololatriae
1169 4245 1339 4318 Gentilium,
1354 4245 1461 4322 quibus

257 4317 338 4376 Deus
352 4317 442 4376 iratus
455 4321 593 4396 populum
608 4339 692 4380 suum
713 4323 882 4400 subjecerat,
897 4342 1020 4400 quorum
1040 4323 1204 4384 observatio
1224 4333 1348 4382 mortem
1362 4325 1406 4384 eis
1420 4323 1460 4383 ai·

255 4395 342 4455 ferret
356 4405 500 4472 aeternam,
515 4407 549 4458 ut
562 4402 670 4458 dedt'asc
688 4400 809 4476 dicaurr,
823 4405 892 4478 quia
906 4403 1039 4479 pcnufflt
1055 4405 1095 4462 cic
1115 4405 1190 4478 dart,
1205 4403 1255 4462 val
1268 4403 1338 4480 quia
1357 4423 1409 4462 eos
1428 4413 1461 4462 ut

255 4492 308 4530 sus
321 4475 528 4549 gubernatione
542 4478 678 4555 indignos
689 4480 770 4556 justo
784 4500 836 4541 suo
847 4481 960 4558 judicio
973 4483 1143 4556 excoecavit,
1159 4492 1189 4542 et
1206 4483 1327 4559 imperio
1343 4483 1461 4543 Satanae

253 4553 436 4640 manciparit,
453 4563 486 4613 ut
498 4557 648 4616 mendacio
662 4557 820 4633 obedirent,
835 4580 864 4637 q.
879 4561 917 4635 d.,
934 4562 1065 4622 Mentem
1078 4561 1150 4640 ipsis
1164 4561 1267 4636 ademi,
1282 4561 1325 4621 ita
1337 4571 1371 4621 ut
1386 4563 1460 4622 meis

251 4625 366 4698 legibus
380 4634 560 4708 contempus,
576 4636 631 4711 ipsi
645 4635 701 4696 sibi
715 4637 796 4714 leges
810 4638 937 4714 facerent
950 4638 1037 4700 dures
1051 4649 1080 4700 ct
1094 4640 1264 4700 mortiferas.
1306 4640 1371 4700 Alii
1380 4661 1459 4700 conr·
