3250 5176
167 399 277 457 oussr.
292 381 340 466 11.]
584 402 623 442 na
637 401 745 443 arsaso
759 403 910 447 suerrum.
1309 387 1365 445 601

167 548 205 609 ad
220 555 328 608 certum
343 544 450 624 agendi
462 543 579 605 modum
592 544 680 604 fuerit
692 544 890 606 determinata
933 547 1004 622 Quae
1016 547 1133 607 servitu
1160 554 1257 607 tamen
1267 567 1366 608 veram

169 639 198 689 ct
212 628 394 688 essentialem
407 625 550 686 libertatis
564 625 703 685 rationem
717 625 941 706 haudquaquam
960 628 1081 704 avertit;
1103 629 1175 688 alias
1200 649 1230 688 se
1250 638 1367 689 ueretur

169 709 286 768 habitus
300 708 447 767 destruere
461 707 649 781 voluntatem,
661 725 748 782 quam
761 707 914 784 perficiant
923 708 1020 785 potius
1029 715 1058 766 et
1066 707 1207 768 facilitant
1215 649 1253 766 al
1266 729 1365 786 opera-

169 790 287 850 tionem.
330 787 408 846 Hine
421 787 455 845 fit
468 795 502 846 ut
514 786 644 862 duplices
665 797 733 847 sunt
753 787 870 846 habitus
892 787 1024 864 morales,
1047 788 1098 847 alii
1119 788 1196 866 boni,
1213 789 1262 846 alii
1276 791 1364 866 mali;

171 870 280 948 duplex
293 869 381 928 etiam
394 866 462 926 inde
475 867 610 926 irascatur
623 867 748 943 acuas,
764 867 821 925 alia
835 868 953 943 justitie
973 867 1005 926 in
1026 868 1111 945 bono,
1137 869 1195 928 alia
1210 871 1324 946 pcccati
1334 872 1366 929 in

171 951 247 1009 malo
261 959 290 1009 et
304 949 438 1024 miseria;
461 947 523 1007 Ista
537 966 601 1024 quse
622 947 759 1007 convenit
773 948 881 1006 homini
903 948 933 1006 in
948 955 1026 1007 statu
1038 949 1158 1026 peccati,
1171 949 1207 1008 ds
1221 969 1280 1028 qua
1293 951 1315 1012 J
1316 951 1363 1009 oh.

170 1031 231 1088 viii.
247 1033 295 1106 34,
319 1028 484 1106 “Quisquis
497 1027 547 1086 dat
561 1045 677 1105 operam
690 1035 817 1104 peccato,
840 1047 941 1087 servus
962 1037 1007 1088 cst
1026 1029 1167 1107 peccati,’'
1182 1038 1211 1089 et
1226 1031 1310 1089 Rom.
1325 1031 1365 1089 vi.

173 1115 219 1186 17,
237 1108 363 1168 “Eratis
377 1107 455 1167 servi
467 1108 578 1185 peccati
590 1108 617 1183 ;'’
640 1108 697 1166 Illa
710 1128 775 1186 quae
788 1108 832 1166 illi
846 1109 984 1188 competit
996 1109 1027 1167 in
1041 1117 1119 1169 statu
1132 1110 1242 1186 gratias,
1258 1110 1294 1169 de
1308 1131 1366 1188 qua

172 1191 258 1249 Rom.
270 1189 312 1248 vi.
330 1190 376 1262 18,
393 1191 495 1246 “nunc
508 1187 621 1246 liberati
636 1196 793 1266 apeccato,
810 1189 887 1248 servi
901 1188 969 1249 facti
979 1189 1049 1249 eatis
1059 1189 1211 1267 justitiae,'’
1227 1211 1292 1268 quae
1307 1211 1366 1250 ser·

171 1271 251 1330 vitus
265 1289 335 1328 vers
347 1268 465 1327 libertas
479 1275 531 1342 est,
546 1276 579 1327 ut
590 1268 728 1328 servitute
742 1269 854 1347 peccati
867 1269 948 1328 nulla
962 1271 1065 1346 verior,
1080 1271 1161 1329 nulla
1173 1271 1305 1330 miserior
1318 1291 1366 1330 oc-

171 1351 276 1424 currit,
298 1348 416 1406 minime
429 1347 506 1406 enim
520 1347 588 1424 iacit
602 1348 680 1425 quod
691 1349 763 1425 vult,
776 1349 825 1427 qui
836 1358 954 1427 peccato
964 1351 1062 1424 servit,
1073 1349 1143 1410 facit
1155 1350 1232 1410 enim
1246 1351 1365 1410 inclma-

172 1431 250 1489 tione
264 1428 438 1506 particulari,
454 1428 531 1506 quod
544 1427 662 1487 minime
676 1429 740 1488 vult
754 1429 920 1504 universali,
943 1447 1043 1488 omnes
1064 1430 1140 1488 euim
1161 1430 1319 1490 universali
1337 1439 1367 1492 ct

170 1509 296 1569 naturali
309 1509 438 1586 appetitu
452 1508 507 1566 sibi
521 1507 629 1566 bonum
643 1517 673 1567 et
686 1508 894 1567 beatitudinem
909 1529 1022 1587 semper
1035 1517 1183 1587 appetunt

212 1589 273 1649 IX.
302 1590 402 1666 Atque
422 1587 489 1647 hinc
509 1595 590 1666 patet
609 1607 759 1665 perperam
781 1588 970 1666 adversarios,
996 1597 1026 1648 et
1049 1590 1207 1666 praesertim
1219 1591 1367 1668 Bellarm„

169 1670 221 1729 lib.
236 1670 275 1728 iv.
291 1668 327 1727 de
341 1689 401 1746 gra.
417 1676 448 1727 et
459 1668 510 1727 lib.
526 1666 597 1726 arbi.
612 1688 637 1726 c.
653 1670 681 1744 6,
704 1668 826 1728 Nostros
848 1669 1002 1745 criminari,
1018 1669 1096 1747 quod
1117 1691 1227 1730 aucum
1241 1671 1369 1731 dixerint

171 1750 321 1810 arbitrium
333 1749 364 1806 in
378 1757 456 1808 statu
468 1747 589 1826 peccati,
604 1748 688 1825 quasi
702 1767 736 1807 eo
751 1749 814 1826 ipso
833 1748 1029 1809 destrueretur
1051 1751 1114 1828 ejus
1134 1751 1271 1828 libertas;
1295 1752 1369 1827 Quia

170 1831 212 1890 ita
230 1837 412 1906 nuncupatur
420 1829 530 1906 praevia
545 1827 701 1906 Scriptura,
717 1828 877 1906 etquidem
892 1849 957 1888 cum
972 1830 1080 1907 duplici
1093 1830 1273 1908 limitatione,
1288 1835 1314 1892 1.
1327 1833 1370 1892 Ut

171 1931 287 1970 servum
302 1910 480 1986 intelligatur
493 1928 552 1968 non
566 1910 688 1967 obsolute
701 1917 730 1968 et
738 1911 862 1986 physice,
878 1910 930 1969 sed
943 1912 1040 1985 relate,
1046 1920 1113 1988 post
1123 1913 1233 1988 lapsam
1246 1913 1277 1970 in
1292 1920 1369 1972 statu

171 1990 298 2068 peccati5
322 1993 350 2048 2.
366 1990 432 2048 Nou
447 1988 616 2066 simpliciter
629 1989 706 2048 circa
719 2009 803 2049 omne
818 1990 964 2068 objectum
976 1991 1116 2067 naturale,
1133 1991 1227 2068 civile,
1243 2000 1294 2051 aut
1307 2013 1368 2051 mo·

170 2071 231 2130 rale
245 2079 405 2146 extumum,
428 2069 479 2128 sed
487 2069 631 2148 praecipue
646 2069 722 2128 circa
735 2071 880 2148 objectum
895 2070 1042 2148 spirituale
1056 2091 1108 2149 per
1121 2091 1152 2130 se
1166 2071 1282 2148 bonurn,
1298 2091 1369 2150 quo·

169 2152 256 2210 modo
270 2149 396 2226 arrepta
416 2149 453 2208 ad
468 2150 576 2209 bouum
590 2150 693 2209 fortius
707 2151 851 2226 asseritur,
874 2150 927 2210 sed
947 2150 1072 2210 essentia
1090 2151 1232 2211 libertatis
1247 2171 1306 2210 non
1319 2152 1368 2212 de·

172 2231 310 2308 struitur;
332 2231 400 2309 quia
414 2231 483 2290 lieet
496 2239 630 2308 peccator
642 2231 684 2289 ita
698 2231 736 2290 sit
749 2232 929 2309 mancipatus
950 2231 1036 2307 malo,
1058 2239 1091 2291 ut
1115 2252 1173 2290 nou
1196 2233 1288 2308 possit
1312 2253 1371 2294 uon

170 2331 298 2388 peccare,
323 2332 382 2371 uon
403 2310 510 2371 desinit
528 2320 624 2371 umen
647 2311 792 2370 liberrime
816 2319 846 2371 et
868 2331 980 2371 summa
999 2331 1065 2370 cum
1088 2312 1219 2371 lubentia
1242 2332 1370 2390 peccare.

173 2391 252 2450 Hine
269 2392 291 2453 J
292 2392 436 2467 ausanius,
451 2392 482 2451 li.
497 2391 538 2451 iii.
553 2392 590 2451 de
606 2392 666 2451 Sta.
681 2400 741 2451 nat.
752 2391 810 2470 lap.
826 2412 850 2451 c.
866 2394 894 2468 5,
915 2391 1049 2470 agnoscit
1063 2392 1222 2452 Lutlaerum
1237 2413 1295 2451 uon
1312 2395 1370 2470 pri·

171 2491 250 2530 muru
264 2493 369 2531 nomeu
384 2472 469 2532 Servi
482 2471 594 2531 arbitrii
606 2472 761 2546 invenisse,
778 2472 830 2532 sed
844 2480 973 2532 secutum
988 2472 1077 2532 fuisse
1092 2471 1301 2550 Augustinum,
1320 2473 1372 2551 qui

171 2551 207 2610 de
232 2572 267 2611 eo
287 2553 401 2630 jamdiu
424 2553 466 2612 ita
483 2554 597 2612 locutus
618 2551 720 2629 fuerat,
737 2553 855 2613 Euchir.
871 2553 909 2612 ad
922 2553 1008 2612 Laur.
1024 2574 1050 2612 c.
1065 2555 1113 2628 30,
1129 2563 1159 2613 et
1172 2553 1222 2612 lib.
1238 2553 1277 2612 iii.
1294 2562 1371 2614 cont.

171 2631 244 2691 duas
258 2653 303 2709 cp.
319 2632 399 2691 Pela.
414 2653 439 2690 c.
455 2635 481 2707 8,
494 2642 524 2692 ct
539 2633 599 2692 suis
614 2644 764 2693 succenset
777 2633 828 2712 qui
842 2653 948 2693 nomeu
963 2635 1040 2694 servi
1053 2634 1165 2693 arbitrii
1179 2641 1246 2693 ante
1261 2633 1369 2694 Luthe-

170 2732 234 2769 rum
249 2713 381 2788 ignotum
390 2711 478 2770 luisse
488 2713 705 2790 pertendebant.
742 2713 821 2792 Aug.
831 2714 868 2773 de
879 2715 1008 2792 Corrept.
1023 2723 1052 2773 et
1068 2714 1149 2773 Grat.
1164 2735 1189 2773 c.
1207 2717 1262 2774 13:
1285 2717 1303 2747 “
1313 2714 1370 2773 Ar·

170 2791 289 2849 bitrium
314 2791 460 2865 Liberum,
486 2792 538 2850 sed
559 2813 616 2851 non
637 2793 798 2870 liberatum,
822 2794 945 2853 liberum
971 2795 1101 2870 justitias,
1133 2795 1244 2872 peceati
1275 2803 1371 2854 autem

170 2891 289 2946 sucum,
305 2889 363 2947 quo
377 2870 535 2930 volvuntur
548 2892 600 2949 per
613 2873 744 2932 diversas
757 2873 861 2932 noxias
875 2873 1057 2950 cupiditates,
1073 2875 1122 2932 alii
1136 2874 1238 2950 magis,
1254 2875 1304 2932 alii
1318 2875 1370 2932 mi-

171 2970 235 3026 nus,
252 2949 304 3010 sod
317 2968 418 3008 omues
438 2951 536 3008 mali.’'
578 2951 618 3010 Et
642 2953 746 3010 Enchi.
768 2973 793 3010 c.
817 2955 864 3028 30,
890 2953 1018 3010 “Homo
1038 2953 1130 3012 libero
1152 2953 1271 3012 arbitrio
1294 2954 1370 3012 male

171 3040 266 3108 utens,
282 3039 311 3090 et
325 3051 356 3090 se
370 3029 497 3108 perdidit
511 3037 541 3089 et
554 3030 677 3108 ipsum.''

284 3128 286 3134 ’
474 3109 516 3169 X.
524 3110 641 3185 Quarto,
649 3109 1067 3186 Quoaducccssr'totemcuentus.
1089 3111 1371 3191 Nametsiquicquid

434 3198 486 3266 est,
502 3191 619 3268 quando
641 3201 693 3266 est,
713 3193 875 3252 racematio
890 3200 942 3268 est,
959 3193 1000 3251 ita
1013 3200 1117 3251 utnon
1131 3193 1223 3269 possit
1246 3193 1371 3271 amplius

432 3291 492 3330 non
512 3292 592 3348 esse;
615 3290 673 3330 nou
687 3272 783 3330 minus
796 3281 893 3332 tamen
906 3273 997 3332 libere
1020 3273 1069 3332 vel
1090 3273 1292 3350 contingenter
1311 3273 1372 3332 fieri

170 3351 283 3428 dicitur,
299 3363 385 3430 prout
397 3374 416 3412 a
429 3353 525 3411 causis
548 3352 648 3411 liberis
669 3352 718 3410 vel
740 3353 975 3430 contingentibus
992 3352 1117 3431 pendet:
1139 3353 1207 3430 quia
1228 3353 1371 3412 certitudo

170 3440 200 3491 et
210 3433 317 3492 verius
331 3433 494 3495 existentia
508 3433 550 3490 rei
564 3452 622 3491 non
636 3440 732 3510 potest
744 3433 898 3492 essentiam
913 3434 977 3510 ejus
997 3441 1118 3493 mutare.

473 3512 533 3571 XI.
556 3512 695 3587 Quamvis
709 3513 844 3572 voluntas
857 3513 949 3573 libem
963 3513 1019 3590 sit;
1040 3514 1096 3574 hoc
1109 3533 1168 3573 nou
1182 3514 1279 3573 obstet
1299 3534 1369 3592 quo·

314 3579 382 3626 ⁵⁰¹⁰·
432 3592 528 3653 miuus
541 3593 748 3653 determinetur
761 3613 779 3651 a
794 3593 867 3667 Deo,
881 3602 911 3653 et
924 3593 968 3652 illi
986 3613 1100 3672 semper
1121 3595 1221 3670 subsit,
1246 3595 1314 3670 quia
1335 3596 1370 3652 li·

273 3652 338 3684 num.
432 3673 529 3734 bertas
542 3674 666 3733 istanou
685 3683 730 3733 est
748 3674 881 3732 absoluta
899 3683 928 3734 et
946 3673 1152 3752 independens,
1173 3695 1207 3732 ac
1226 3671 1369 3750 Albana,

170 3774 235 3832 que
250 3756 304 3815 soli
320 3757 383 3815 Deo
397 3754 542 3831 competit,
559 3755 611 3814 sed
623 3754 748 3814 limitata
761 3762 790 3813 et
804 3753 987 3831 dependens:
1009 3754 1081 3812 alias
1101 3753 1126 3812 si
1146 3753 1227 3812 nulla
1247 3754 1370 3812 facultas

171 3835 262 3894 libera
275 3836 368 3911 datur,
382 3835 440 3895 nisi
458 3854 523 3911 quae
537 3835 610 3892 nulli
625 3834 726 3909 subsit,
747 3841 797 3893 aut
816 3853 874 3892 non
896 3833 1012 3896 dabitur
1028 3833 1059 3891 in
1077 3833 1216 3893 creaturis
1234 3833 1371 3894 voluntas

170 3915 269 3990 libera,
285 3925 335 3975 aut
349 3916 442 3974 omnis
456 3935 543 3974 causa
557 3914 683 3974 secunda
694 3914 748 3972 erit
761 3914 862 3992 prima.

211 3996 289 4054 XII.
312 3996 456 4056 Voluntas
470 3995 575 4054 dicitur
589 3994 707 4052 domina
720 4013 837 4053 suorum
850 4001 975 4072 actuum,
991 4013 1051 4053 non
1070 3993 1202 4054 absolute
1216 4003 1246 4054 et
1259 3994 1368 4072 simpli-

170 4076 248 4152 citer,
264 4077 348 4154 qussi
362 4076 399 4134 ab
413 4076 476 4153 ipsa
489 4075 627 4153 penderet
642 4094 754 4152 semper
767 4094 818 4133 eos
831 4075 934 4133 elicere
948 4074 997 4134 vel
1010 4093 1069 4133 non
1082 4075 1202 4151 elicere,
1223 4075 1279 4134 hae
1293 4075 1370 4134 enim

169 4158 280 4216 ratione
294 4177 352 4216 non
366 4164 462 4234 potest
480 4175 539 4214 uon
553 4155 672 4214 subesse
686 4163 716 4214 et
731 4155 794 4214 Deo
808 4164 838 4214 et
851 4154 1029 4215 intellectui:
1051 4154 1102 4214 sed
1117 4155 1276 4215 secundum
1289 4155 1369 4233 quid,

169 4237 280 4296 radone
294 4247 410 4296 actuum
424 4236 637 4312 imperatorum,
661 4253 735 4314 quos
749 4234 871 4312 imperat
884 4235 1020 4313 potentia
1034 4235 1225 4312 inferioribus,
1248 4255 1307 4295 non
1326 4256 1369 4296 ra-

170 4315 249 4374 tione
262 4317 432 4390 elicitorum,
448 4316 499 4392 qui
512 4335 570 4374 nou
584 4323 707 4394 possunt
720 4315 778 4374 dici
798 4315 913 4395 proprie
933 4316 1092 4376 voluntatis
1106 4316 1226 4394 imperio
1241 4316 1369 4390 subesse,

171 4413 237 4452 cum
261 4394 319 4453 sint
340 4394 517 4471 ipsissimum
541 4396 700 4456 voluntatis
714 4395 874 4473 imperium,
897 4416 956 4475 quo
978 4396 1099 4456 aliarum
1122 4395 1292 4456 facultatum
1314 4396 1371 4454 sibi

171 4473 366 4551 subjectarum
380 4482 462 4532 actus
475 4475 605 4552 imperat.

212 4553 308 4612 XIII.
330 4553 475 4612 Voluntas
488 4563 584 4631 potest
598 4555 728 4632 spectari,
744 4555 792 4614 vel
814 4555 903 4615 relate
926 4555 964 4614 ad
987 4555 1135 4615 decretum
1148 4562 1178 4614 et
1199 4573 1371 4614 concursum

172 4633 237 4709 Dei,
250 4632 297 4692 vel
312 4631 547 4693 contradistincte
569 4634 607 4692 ad
620 4635 816 4712 intellectum
847 4635 940 4694 Priori
954 4655 1041 4696 sensu
1054 4643 1132 4694 recte
1146 4634 1253 4694 dicitur
1266 4635 1307 4694 ita
1320 4634 1370 4694 de-

170 4713 318 4793 terminari
332 4733 350 4771 a
365 4713 437 4788 Deo,
453 4721 486 4772 ut
500 4713 625 4792 seipsam
639 4715 726 4774 etiam
740 4715 928 4790 determinet;
951 4717 1020 4793 quia
1038 4722 1071 4774 ut
1093 4734 1180 4792 supra
1200 4714 1305 4790 visum,
1329 4715 1372 4774 sic

170 4795 251 4856 Deus
266 4802 365 4854 moret
379 4802 579 4872 creaturaque
594 4813 678 4854 suum
692 4794 752 4855 illis
767 4804 877 4856 motum
891 4795 1053 4872 relinquat:
1076 4793 1135 4855 Sed
1148 4795 1299 4873 posteriori
1313 4813 1372 4852 nou

204 3177 226 3222 t.
242 3176 379 3224 Necessitas

235 3241 345 3282 eventus.
