<?xml version="1.0" encoding="UTF-8"?>
<!DOCTYPE html PUBLIC "-//W3C//DTD XHTML 1.0 Transitional//EN"
    "http://www.w3.org/TR/xhtml1/DTD/xhtml1-transitional.dtd">
<html xmlns="http://www.w3.org/1999/xhtml" xml:lang="en" lang="en">
 <head>
  <title>
</title>
<meta http-equiv="Content-Type" content="text/html;charset=utf-8" />
  <meta name='ocr-system' content='tesseract 3.04.00' />
  <meta name='ocr-capabilities' content='ocr_page ocr_carea ocr_par ocr_line ocrx_word'/>
</head>
<body>
  <div class='ocr_page' id='page_1' title='image "./francisciturret01pictgoog_0522.png"; bbox 0 0 3174 5174; ppageno 0'>
   <div class='ocr_carea' id='block_1_1' title="bbox 127 333 1334 415">
    <p class='ocr_par' dir='ltr' id='par_1_1' title="bbox 127 333 1334 415">
     <span class='ocr_line' id='line_1_1' title="bbox 127 333 1334 415; baseline 0.002 -21"><span class='ocrx_word' id='word_1_1' title='bbox 127 353 242 403; x_wconf 71' lang='lat' dir='ltr'><strong>eunus.</strong></span> <span class='ocrx_word' id='word_1_2' title='bbox 259 333 329 415; x_wconf 76' lang='lat' dir='ltr'><strong>vm]</strong></span> <span class='ocrx_word' id='word_1_3' title='bbox 562 353 601 394; x_wconf 85' lang='lat' dir='ltr'><strong>ns</strong></span> <span class='ocrx_word' id='word_1_4' title='bbox 616 353 818 396; x_wconf 77' lang='lat' dir='ltr'><strong>euuvrnsnnus</strong></span> <span class='ocrx_word' id='word_1_5' title='bbox 832 351 892 396; x_wconf 81' lang='lat' dir='ltr'><strong>unu.</strong></span> <span class='ocrx_word' id='word_1_6' title='bbox 1277 341 1334 398; x_wconf 76' lang='grc'><strong>467</strong></span> 
     </span>
    </p>
   </div>
   <div class='ocr_carea' id='block_1_2' title="bbox 123 479 1344 2566">
    <p class='ocr_par' dir='ltr' id='par_1_2' title="bbox 123 479 1334 891">
     <span class='ocr_line' id='line_1_2' title="bbox 123 479 1334 575; baseline 0.006 -23"><span class='ocrx_word' id='word_1_7' title='bbox 123 494 267 554; x_wconf 71' lang='lat' dir='ltr'><strong>uenena</strong></span> <span class='ocrx_word' id='word_1_8' title='bbox 277 498 468 568; x_wconf 77' lang='lat' dir='ltr'><strong>excecentuc,</strong></span> <span class='ocrx_word' id='word_1_9' title='bbox 478 487 497 551; x_wconf 71' lang='lat' dir='ltr'><strong>i</strong></span> <span class='ocrx_word' id='word_1_10' title='bbox 506 485 608 552; x_wconf 73' lang='lat' dir='ltr'><strong>Thess.</strong></span> <span class='ocrx_word' id='word_1_11' title='bbox 618 493 652 554; x_wconf 84' lang='lat' dir='ltr'><strong>il.</strong></span> <span class='ocrx_word' id='word_1_12' title='bbox 662 495 689 570; x_wconf 77' lang='lat'><strong>9,</strong></span> <span class='ocrx_word' id='word_1_13' title='bbox 704 483 750 570; x_wconf 91' lang='lat' dir='ltr'><strong>ll,</strong></span> <span class='ocrx_word' id='word_1_14' title='bbox 763 495 852 554; x_wconf 82' lang='lat' dir='ltr'><strong>llOor.</strong></span> <span class='ocrx_word' id='word_1_15' title='bbox 864 493 904 553; x_wconf 87' lang='lat' dir='ltr'><strong>i&#39;v.</strong></span> <span class='ocrx_word' id='word_1_16' title='bbox 915 497 943 571; x_wconf 84' lang='lat'><strong>4,</strong></span> <span class='ocrx_word' id='word_1_17' title='bbox 955 479 1004 554; x_wconf 86' lang='lat' dir='ltr'><strong>vel</strong></span> <span class='ocrx_word' id='word_1_18' title='bbox 1015 503 1048 554; x_wconf 91' lang='lat' dir='ltr'><strong>ut</strong></span> <span class='ocrx_word' id='word_1_19' title='bbox 1058 496 1231 572; x_wconf 70' lang='lat' dir='ltr'><strong>Accusator-i,</strong></span> <span class='ocrx_word' id='word_1_20' title='bbox 1243 479 1334 575; x_wconf 79' lang='lat' dir='ltr'><strong>quum</strong></span> 
     </span>
     <span class='ocr_line' id='line_1_3' title="bbox 127 591 708 732; baseline 0.002 -18.99"><span class='ocrx_word' id='word_1_21' title='bbox 127 591 708 732; x_wconf 57' lang='lat' dir='ltr'><strong>stt,</strong></span> 
     </span>
     <span class='ocr_line' id='line_1_4' title="bbox 125 674 1333 813; baseline 0.002 -20"><span class='ocrx_word' id='word_1_22' title='bbox 125 742 157 793; x_wconf 86' lang='lat' dir='ltr'><strong>et</strong></span> <span class='ocrx_word' id='word_1_23' title='bbox 170 749 292 811; x_wconf 84' lang='lat' dir='ltr'><strong>corpore</strong></span> <span class='ocrx_word' id='word_1_24' title='bbox 305 697 336 793; x_wconf 67' lang='lat' dir='ltr'><strong>dt</strong></span> <span class='ocrx_word' id='word_1_25' title='bbox 348 732 461 812; x_wconf 86' lang='lat' dir='ltr'><strong>spiritu,</strong></span> <span class='ocrx_word' id='word_1_26' title='bbox 476 747 534 810; x_wconf 83' lang='lat' dir='ltr'><strong>quo</strong></span> <span class='ocrx_word' id='word_1_27' title='bbox 548 741 634 792; x_wconf 85' lang='lat' dir='ltr'><strong>sensu</strong></span> <span class='ocrx_word' id='word_1_28' title='bbox 647 674 815 793; x_wconf 58' lang='lat' dir='ltr'><strong>bodilone</strong></span> <span class='ocrx_word' id='word_1_29' title='bbox 827 747 846 792; x_wconf 82' lang='lat' dir='ltr'><strong>o</strong></span> <span class='ocrx_word' id='word_1_30' title='bbox 860 734 952 794; x_wconf 79' lang='lat' dir='ltr'><strong>Paulo</strong></span> <span class='ocrx_word' id='word_1_31' title='bbox 966 735 1091 796; x_wconf 72' lang='grc' dir='ltr'>ιναιιὶιιιν</span> <span class='ocrx_word' id='word_1_32' title='bbox 1100 735 1225 813; x_wconf 74' lang='lat' dir='ltr'><strong>Sateue,</strong></span> <span class='ocrx_word' id='word_1_33' title='bbox 1239 700 1333 796; x_wconf 53' lang='lat'>1001}</span> 
     </span>
     <span class='ocr_line' id='line_1_5' title="bbox 125 807 900 891; baseline 0.003 -20"><span class='ocrx_word' id='word_1_34' title='bbox 125 833 157 872; x_wconf 81' lang='lat' dir='ltr'><strong>v.</strong></span> <span class='ocrx_word' id='word_1_35' title='bbox 172 815 202 888; x_wconf 77' lang='lat'><strong>5,</strong></span> <span class='ocrx_word' id='word_1_36' title='bbox 217 820 248 872; x_wconf 88' lang='lat' dir='ltr'><strong>et</strong></span> <span class='ocrx_word' id='word_1_37' title='bbox 262 813 444 891; x_wconf 84' lang='lat' dir='ltr'><strong>Hymensens</strong></span> <span class='ocrx_word' id='word_1_38' title='bbox 457 821 488 873; x_wconf 87' lang='lat' dir='ltr'><strong>et</strong></span> <span class='ocrx_word' id='word_1_39' title='bbox 500 811 678 889; x_wconf 80' lang='lat' dir='ltr'><strong>Alexender,</strong></span> <span class='ocrx_word' id='word_1_40' title='bbox 696 807 711 872; x_wconf 93' lang='lat' dir='ltr'><strong>l</strong></span> <span class='ocrx_word' id='word_1_41' title='bbox 727 814 802 872; x_wconf 78' lang='lat' dir='ltr'><strong>llm.</strong></span> <span class='ocrx_word' id='word_1_42' title='bbox 816 811 835 872; x_wconf 84' lang='lat' dir='ltr'><strong>i.</strong></span> <span class='ocrx_word' id='word_1_43' title='bbox 851 815 900 874; x_wconf 72' lang='grc' dir='ltr'><strong>ιθ.</strong></span> 
     </span>
    </p>

    <p class='ocr_par' dir='ltr' id='par_1_3' title="bbox 126 882 1340 1852">
     <span class='ocr_line' id='line_1_6' title="bbox 170 882 1328 970; baseline 0.002 -19"><span class='ocrx_word' id='word_1_44' title='bbox 170 893 282 952; x_wconf 88' lang='lat' dir='ltr'>XVII.</span> <span class='ocrx_word' id='word_1_45' title='bbox 306 894 396 952; x_wconf 77' lang='lat' dir='ltr'><strong>Setun</strong></span> <span class='ocrx_word' id='word_1_46' title='bbox 406 900 503 952; x_wconf 83' lang='lat' dir='ltr'><strong>eutem</strong></span> <span class='ocrx_word' id='word_1_47' title='bbox 516 892 648 952; x_wconf 80' lang='lat' dir='ltr'><strong>bisarium</strong></span> <span class='ocrx_word' id='word_1_48' title='bbox 659 893 720 970; x_wconf 82' lang='lat' dir='ltr'><strong>egit</strong></span> <span class='ocrx_word' id='word_1_49' title='bbox 732 893 764 951; x_wconf 92' lang='lat' dir='ltr'><strong>in</strong></span> <span class='ocrx_word' id='word_1_50' title='bbox 774 882 914 968; x_wconf 85' lang='lat' dir='ltr'><strong>homiues,</strong></span> <span class='ocrx_word' id='word_1_51' title='bbox 926 892 976 953; x_wconf 90' lang='lat' dir='ltr'><strong>vel</strong></span> <span class='ocrx_word' id='word_1_52' title='bbox 988 903 1110 970; x_wconf 77' lang='lat' dir='ltr'><strong>externe,</strong></span> <span class='ocrx_word' id='word_1_53' title='bbox 1124 893 1265 954; x_wconf 76' lang='lat' dir='ltr'><strong>tentando</strong></span> <span class='ocrx_word' id='word_1_54' title='bbox 1276 912 1328 954; x_wconf 86' lang='lat' dir='ltr'><strong>cor</strong></span> 
     </span>
     <span class='ocr_line' id='line_1_7' title="bbox 126 939 1337 1052; baseline 0.002 -21"><span class='ocrx_word' id='word_1_55' title='bbox 126 971 217 1032; x_wconf 91' lang='lat' dir='ltr'><strong>modo</strong></span> <span class='ocrx_word' id='word_1_56' title='bbox 236 991 290 1052; x_wconf 88' lang='lat' dir='ltr'><strong>per</strong></span> <span class='ocrx_word' id='word_1_57' title='bbox 303 973 482 1051; x_wconf 84' lang='lat' dir='ltr'><strong>objectorum</strong></span> <span class='ocrx_word' id='word_1_58' title='bbox 500 972 580 1032; x_wconf 87' lang='lat' dir='ltr'><strong>cerni</strong></span> <span class='ocrx_word' id='word_1_59' title='bbox 600 980 748 1052; x_wconf 51' lang='lat' dir='ltr'><strong>mutorum</strong></span> <span class='ocrx_word' id='word_1_60' title='bbox 767 973 1001 1052; x_wconf 81' lang='lat' dir='ltr'><strong>propositionem,</strong></span> <span class='ocrx_word' id='word_1_61' title='bbox 1023 982 1056 1034; x_wconf 86' lang='lat' dir='ltr'><strong>ut</strong></span> <span class='ocrx_word' id='word_1_62' title='bbox 1076 973 1114 1034; x_wconf 88' lang='lat' dir='ltr'><strong>ed</strong></span> <span class='ocrx_word' id='word_1_63' title='bbox 1136 973 1282 1033; x_wconf 79' lang='lat' dir='ltr'><strong>licentium</strong></span> <span class='ocrx_word' id='word_1_64' title='bbox 1306 939 1337 1034; x_wconf 84' lang='lat' dir='ltr'><strong>el</strong></span> 
     </span>
     <span class='ocr_line' id='line_1_8' title="bbox 126 1050 1335 1132; baseline 0.001 -20"><span class='ocrx_word' id='word_1_65' title='bbox 126 1052 319 1112; x_wconf 79' lang='lat' dir='ltr'><strong>rebellionem</strong></span> <span class='ocrx_word' id='word_1_66' title='bbox 333 1051 471 1131; x_wconf 81' lang='lat' dir='ltr'><strong>Impellet,</strong></span> <span class='ocrx_word' id='word_1_67' title='bbox 485 1061 520 1112; x_wconf 91' lang='lat' dir='ltr'><strong>nt</strong></span> <span class='ocrx_word' id='word_1_68' title='bbox 533 1051 628 1111; x_wconf 85' lang='lat' dir='ltr'><strong>visum</strong></span> <span class='ocrx_word' id='word_1_69' title='bbox 640 1051 673 1110; x_wconf 82' lang='lat' dir='ltr'><strong>ln</strong></span> <span class='ocrx_word' id='word_1_70' title='bbox 690 1051 791 1132; x_wconf 90' lang='lat' dir='ltr'><strong>primis</strong></span> <span class='ocrx_word' id='word_1_71' title='bbox 809 1053 995 1132; x_wconf 77' lang='lat' dir='ltr'><strong>perentibus3</strong></span> <span class='ocrx_word' id='word_1_72' title='bbox 1017 1053 1103 1113; x_wconf 90' lang='lat' dir='ltr'><strong>modo</strong></span> <span class='ocrx_word' id='word_1_73' title='bbox 1124 1071 1175 1132; x_wconf 89' lang='lat' dir='ltr'><strong>per</strong></span> <span class='ocrx_word' id='word_1_74' title='bbox 1189 1050 1335 1114; x_wconf 76' lang='lat' dir='ltr'><strong>calamite-</strong></span> 
     </span>
     <span class='ocr_line' id='line_1_9' title="bbox 128 1131 1336 1212; baseline 0.002 -21"><span class='ocrx_word' id='word_1_75' title='bbox 128 1139 193 1192; x_wconf 83' lang='lat' dir='ltr'><strong>tum</strong></span> <span class='ocrx_word' id='word_1_76' title='bbox 206 1131 394 1192; x_wconf 71' lang='lat' dir='ltr'><strong>etmalorum</strong></span> <span class='ocrx_word' id='word_1_77' title='bbox 407 1131 621 1208; x_wconf 76' lang='lat' dir='ltr'><strong>immissionem,</strong></span> <span class='ocrx_word' id='word_1_78' title='bbox 636 1139 670 1192; x_wconf 89' lang='lat' dir='ltr'><strong>ut</strong></span> <span class='ocrx_word' id='word_1_79' title='bbox 683 1132 721 1193; x_wconf 86' lang='lat' dir='ltr'><strong>ud</strong></span> <span class='ocrx_word' id='word_1_80' title='bbox 735 1131 963 1210; x_wconf 72' lang='lat' dir='ltr'><strong>desperationem</strong></span> <span class='ocrx_word' id='word_1_81' title='bbox 977 1133 1145 1212; x_wconf 84' lang='lat' dir='ltr'><strong>preeeIpltet,</strong></span> <span class='ocrx_word' id='word_1_82' title='bbox 1160 1141 1194 1194; x_wconf 90' lang='lat' dir='ltr'><strong>ut</strong></span> <span class='ocrx_word' id='word_1_83' title='bbox 1212 1133 1244 1192; x_wconf 89' lang='lat' dir='ltr'><strong>ln</strong></span> <span class='ocrx_word' id='word_1_84' title='bbox 1257 1133 1279 1194; x_wconf 88' lang='lat' dir='ltr'>J</span> <span class='ocrx_word' id='word_1_85' title='bbox 1280 1133 1336 1193; x_wconf 84' lang='lat' dir='ltr'><strong>obe</strong></span> 
     </span>
     <span class='ocr_line' id='line_1_10' title="bbox 129 1208 1337 1296; baseline 0 -24"><span class='ocrx_word' id='word_1_86' title='bbox 129 1221 160 1272; x_wconf 86' lang='lat' dir='ltr'><strong>et</strong></span> <span class='ocrx_word' id='word_1_87' title='bbox 173 1212 241 1272; x_wconf 80' lang='lat' dir='ltr'><strong>eliis</strong></span> <span class='ocrx_word' id='word_1_88' title='bbox 255 1211 459 1288; x_wconf 66' lang='lat' dir='ltr'><strong>observatum</strong></span> <span class='ocrx_word' id='word_1_89' title='bbox 479 1211 537 1271; x_wconf 87' lang='lat' dir='ltr'><strong>Vel</strong></span> <span class='ocrx_word' id='word_1_90' title='bbox 551 1212 665 1287; x_wconf 68' lang='lat' dir='ltr'><strong>interm,</strong></span> <span class='ocrx_word' id='word_1_91' title='bbox 677 1210 708 1270; x_wconf 91' lang='lat' dir='ltr'><strong>in</strong></span> <span class='ocrx_word' id='word_1_92' title='bbox 720 1212 901 1292; x_wconf 74' lang='lat' dir='ltr'><strong>ptentesiem</strong></span> <span class='ocrx_word' id='word_1_93' title='bbox 913 1213 1035 1292; x_wconf 84' lang='lat' dir='ltr'><strong>egendo,</strong></span> <span class='ocrx_word' id='word_1_94' title='bbox 1047 1222 1078 1273; x_wconf 91' lang='lat' dir='ltr'><strong>et</strong></span> <span class='ocrx_word' id='word_1_95' title='bbox 1089 1231 1142 1291; x_wconf 90' lang='lat' dir='ltr'><strong>per</strong></span> <span class='ocrx_word' id='word_1_96' title='bbox 1154 1208 1337 1296; x_wconf 77' lang='lat' dir='ltr'><strong>phantasiam</strong></span> 
     </span>
     <span class='ocr_line' id='line_1_11' title="bbox 129 1289 1336 1430; baseline 0.003 -80"><span class='ocrx_word' id='word_1_97' title='bbox 129 1289 285 1352; x_wconf 77' lang='lat' dir='ltr'><strong>efficiendo</strong></span> <span class='ocrx_word' id='word_1_98' title='bbox 297 1291 733 1430; x_wconf 53' lang='lat' dir='ltr'><strong>intelleetnmffluntesmetun</strong></span> <span class='ocrx_word' id='word_1_99' title='bbox 747 1307 846 1352; x_wconf 81' lang='lat' dir='ltr'><strong>eorum</strong></span> <span class='ocrx_word' id='word_1_100' title='bbox 860 1293 1112 1371; x_wconf 67' lang='lat' dir='ltr'><strong>repraesentatione</strong></span> <span class='ocrx_word' id='word_1_101' title='bbox 1126 1304 1191 1371; x_wconf 85' lang='lat' dir='ltr'><strong>queo</strong></span> <span class='ocrx_word' id='word_1_102' title='bbox 1204 1293 1336 1354; x_wconf 80' lang='lat' dir='ltr'><strong>homines</strong></span> 
     </span>
     <span class='ocr_line' id='line_1_12' title="bbox 131 1371 1337 1452; baseline 0.002 -22"><span class='ocrx_word' id='word_1_103' title='bbox 131 1371 281 1449; x_wconf 85' lang='lat' dir='ltr'><strong>seducere,</strong></span> <span class='ocrx_word' id='word_1_104' title='bbox 297 1380 327 1432; x_wconf 89' lang='lat' dir='ltr'><strong>et</strong></span> <span class='ocrx_word' id='word_1_105' title='bbox 340 1372 459 1431; x_wconf 77' lang='lat' dir='ltr'><strong>incitare</strong></span> <span class='ocrx_word' id='word_1_106' title='bbox 524 1371 641 1447; x_wconf 83' lang='lat' dir='ltr'><strong>melum,</strong></span> <span class='ocrx_word' id='word_1_107' title='bbox 656 1371 705 1431; x_wconf 87' lang='lat' dir='ltr'><strong>vel</strong></span> <span class='ocrx_word' id='word_1_108' title='bbox 723 1391 859 1432; x_wconf 85' lang='lat' dir='ltr'><strong>revocure</strong></span> <span class='ocrx_word' id='word_1_109' title='bbox 873 1392 891 1432; x_wconf 82' lang='lat' dir='ltr'><strong>e</strong></span> <span class='ocrx_word' id='word_1_110' title='bbox 903 1373 980 1432; x_wconf 89' lang='lat' dir='ltr'><strong>bono</strong></span> <span class='ocrx_word' id='word_1_111' title='bbox 993 1382 1123 1452; x_wconf 84' lang='lat' dir='ltr'><strong>possunt,</strong></span> <span class='ocrx_word' id='word_1_112' title='bbox 1138 1373 1189 1433; x_wconf 85' lang='lat' dir='ltr'><strong>vel</strong></span> <span class='ocrx_word' id='word_1_113' title='bbox 1201 1374 1337 1433; x_wconf 81' lang='lat' dir='ltr'><strong>humores</strong></span> 
     </span>
     <span class='ocr_line' id='line_1_13' title="bbox 128 1447 1337 1530; baseline 0.002 -20"><span class='ocrx_word' id='word_1_114' title='bbox 128 1451 286 1528; x_wconf 85' lang='lat' dir='ltr'><strong>movendo,</strong></span> <span class='ocrx_word' id='word_1_115' title='bbox 311 1460 342 1512; x_wconf 90' lang='lat' dir='ltr'><strong>et</strong></span> <span class='ocrx_word' id='word_1_116' title='bbox 363 1469 416 1530; x_wconf 87' lang='lat' dir='ltr'><strong>per</strong></span> <span class='ocrx_word' id='word_1_117' title='bbox 439 1451 574 1510; x_wconf 88' lang='lat' dir='ltr'><strong>humores</strong></span> <span class='ocrx_word' id='word_1_118' title='bbox 597 1451 741 1529; x_wconf 82' lang='lat' dir='ltr'><strong>oppetitur</strong></span> <span class='ocrx_word' id='word_1_119' title='bbox 769 1451 896 1529; x_wconf 83' lang='lat' dir='ltr'><strong>corporIe</strong></span> <span class='ocrx_word' id='word_1_120' title='bbox 919 1452 1073 1512; x_wconf 81' lang='lat' dir='ltr'><strong>excitando</strong></span> <span class='ocrx_word' id='word_1_121' title='bbox 1095 1452 1144 1511; x_wconf 80' lang='lat' dir='ltr'><strong>rel</strong></span> <span class='ocrx_word' id='word_1_122' title='bbox 1164 1451 1203 1512; x_wconf 89' lang='lat' dir='ltr'><strong>ed</strong></span> <span class='ocrx_word' id='word_1_123' title='bbox 1226 1447 1337 1512; x_wconf 75' lang='lat' dir='ltr'><strong>tutan·</strong></span> 
     </span>
     <span class='ocr_line' id='line_1_14' title="bbox 129 1529 1338 1610; baseline 0.001 -20"><span class='ocrx_word' id='word_1_124' title='bbox 129 1531 268 1590; x_wconf 77' lang='lat' dir='ltr'><strong>mendum</strong></span> <span class='ocrx_word' id='word_1_125' title='bbox 281 1531 441 1606; x_wconf 86' lang='lat' dir='ltr'><strong>libidinem,</strong></span> <span class='ocrx_word' id='word_1_126' title='bbox 456 1531 505 1589; x_wconf 73' lang='lat' dir='ltr'><strong>rel</strong></span> <span class='ocrx_word' id='word_1_127' title='bbox 518 1529 556 1589; x_wconf 84' lang='lat' dir='ltr'><strong>ed</strong></span> <span class='ocrx_word' id='word_1_128' title='bbox 573 1530 646 1590; x_wconf 85' lang='lat' dir='ltr'><strong>irem</strong></span> <span class='ocrx_word' id='word_1_129' title='bbox 660 1531 868 1609; x_wconf 71' lang='lat' dir='ltr'><strong>connitendum,</strong></span> <span class='ocrx_word' id='word_1_130' title='bbox 889 1540 918 1592; x_wconf 89' lang='lat' dir='ltr'><strong>et</strong></span> <span class='ocrx_word' id='word_1_131' title='bbox 936 1531 974 1592; x_wconf 86' lang='lat' dir='ltr'><strong>ed</strong></span> <span class='ocrx_word' id='word_1_132' title='bbox 992 1531 1049 1591; x_wconf 86' lang='lat' dir='ltr'><strong>elis</strong></span> <span class='ocrx_word' id='word_1_133' title='bbox 1068 1531 1208 1609; x_wconf 79' lang='lat' dir='ltr'><strong>Ieciends,</strong></span> <span class='ocrx_word' id='word_1_134' title='bbox 1227 1551 1292 1610; x_wconf 81' lang='lat' dir='ltr'><strong>quae</strong></span> <span class='ocrx_word' id='word_1_135' title='bbox 1310 1537 1338 1591; x_wconf 78' lang='lat' dir='ltr'><strong>ri</strong></span> 
     </span>
     <span class='ocr_line' id='line_1_15' title="bbox 127 1611 1339 1691; baseline 0.001 -21"><span class='ocrx_word' id='word_1_136' title='bbox 127 1614 246 1690; x_wconf 66' lang='grc' dir='ltr'><strong>θυμιῶν,</strong></span> <span class='ocrx_word' id='word_1_137' title='bbox 268 1611 319 1670; x_wconf 76' lang='lat' dir='ltr'><strong>vel</strong></span> <span class='ocrx_word' id='word_1_138' title='bbox 341 1617 368 1672; x_wconf 78' lang='lat' dir='ltr'><strong>et</strong></span> <span class='ocrx_word' id='word_1_139' title='bbox 391 1612 566 1687; x_wconf 61' lang='lat' dir='ltr'><strong>lectorensis,</strong></span> <span class='ocrx_word' id='word_1_140' title='bbox 588 1624 710 1688; x_wconf 87' lang='lat' dir='ltr'><strong>quorum</strong></span> <span class='ocrx_word' id='word_1_141' title='bbox 733 1626 840 1690; x_wconf 79' lang='lat' dir='ltr'><strong>magne</strong></span> <span class='ocrx_word' id='word_1_142' title='bbox 864 1619 908 1671; x_wconf 90' lang='lat' dir='ltr'><strong>est</strong></span> <span class='ocrx_word' id='word_1_143' title='bbox 927 1611 974 1670; x_wconf 83' lang='lat' dir='ltr'><strong>vis</strong></span> <span class='ocrx_word' id='word_1_144' title='bbox 993 1611 1023 1669; x_wconf 91' lang='lat' dir='ltr'><strong>in</strong></span> <span class='ocrx_word' id='word_1_145' title='bbox 1043 1611 1160 1673; x_wconf 86' lang='lat' dir='ltr'><strong>homine</strong></span> <span class='ocrx_word' id='word_1_146' title='bbox 1179 1611 1339 1691; x_wconf 70' lang='lat' dir='ltr'><strong>praesertim</strong></span> 
     </span>
     <span class='ocr_line' id='line_1_16' title="bbox 130 1686 1340 1852; baseline 0.002 -23"><span class='ocrx_word' id='word_1_147' title='bbox 130 1691 302 1848; x_wconf 73' lang='lat' dir='ltr'><strong>uses</strong></span> <span class='ocrx_word' id='word_1_148' title='bbox 317 1691 580 1831; x_wconf 64' lang='lat' dir='ltr'><strong>sessus</strong></span> <span class='ocrx_word' id='word_1_149' title='bbox 594 1686 1340 1852; x_wconf 53' lang='lat' dir='ltr'><strong>suessesettusssssm</strong></span> 
     </span>
    </p>

    <p class='ocr_par' dir='ltr' id='par_1_4' title="bbox 134 1815 1344 2566">
     <span class='ocr_line' id='line_1_17' title="bbox 1207 1815 1338 1850; baseline 0 -20"><span class='ocrx_word' id='word_1_150' title='bbox 1207 1815 1215 1850; x_wconf 96' lang='lat'><strong>,</strong></span> <span class='ocrx_word' id='word_1_151' title='bbox 1331 1815 1338 1830; x_wconf 94' lang='lat'><strong>.</strong></span> 
     </span>
     <span class='ocr_line' id='line_1_18' title="bbox 134 1867 1340 2008; baseline 0.002 -20"><span class='ocrx_word' id='word_1_152' title='bbox 134 1867 200 1912; x_wconf 56' lang='lat' dir='ltr'><strong>xm</strong></span> <span class='ocrx_word' id='word_1_153' title='bbox 235 1895 242 1928; x_wconf 68' lang='grc'><strong>’</strong></span> <span class='ocrx_word' id='word_1_154' title='bbox 440 1921 566 1990; x_wconf 84' lang='lat' dir='ltr'><strong>XVIII.</strong></span> <span class='ocrx_word' id='word_1_155' title='bbox 576 1929 683 2006; x_wconf 84' lang='lat' dir='ltr'><strong>Tertio,</strong></span> <span class='ocrx_word' id='word_1_156' title='bbox 697 1935 802 2008; x_wconf 72' lang='lat' dir='ltr'><strong>preter</strong></span> <span class='ocrx_word' id='word_1_157' title='bbox 817 1929 931 1990; x_wconf 70' lang='lat' dir='ltr'><strong>Selenes</strong></span> <span class='ocrx_word' id='word_1_158' title='bbox 945 1927 1137 2006; x_wconf 70' lang='lat' dir='ltr'><strong>traditionem,</strong></span> <span class='ocrx_word' id='word_1_159' title='bbox 1153 1927 1239 1991; x_wconf 79' lang='lat' dir='ltr'><strong>detur</strong></span> <span class='ocrx_word' id='word_1_160' title='bbox 1252 1927 1340 1990; x_wconf 84' lang='lat' dir='ltr'><strong>etism</strong></span> 
     </span>
     <span class='ocr_line' id='line_1_19' title="bbox 136 1995 1341 2114; baseline 0.001 -47"><span class='ocrx_word' id='word_1_161' title='bbox 136 1997 167 2046; x_wconf 75' lang='lat'><strong>⁸·</strong></span> <span class='ocrx_word' id='word_1_162' title='bbox 177 1995 378 2114; x_wconf 33' lang='lat' dir='ltr'><strong>Iffifflaffl</strong></span> <span class='ocrx_word' id='word_1_163' title='bbox 397 2027 604 2088; x_wconf 75' lang='lat' dir='ltr'><strong>nonnunquam</strong></span> <span class='ocrx_word' id='word_1_164' title='bbox 618 2009 729 2068; x_wconf 65' lang='lat' dir='ltr'><strong>intumo</strong></span> <span class='ocrx_word' id='word_1_165' title='bbox 743 2009 875 2104; x_wconf 73' lang='lat' dir='ltr'><strong>quedam</strong></span> <span class='ocrx_word' id='word_1_166' title='bbox 886 2009 947 2103; x_wconf 72' lang='lat' dir='ltr'><strong>Ilei</strong></span> <span class='ocrx_word' id='word_1_167' title='bbox 964 2008 995 2068; x_wconf 92' lang='lat' dir='ltr'><strong>ln</strong></span> <span class='ocrx_word' id='word_1_168' title='bbox 1009 2007 1125 2069; x_wconf 89' lang='lat' dir='ltr'><strong>homine</strong></span> <span class='ocrx_word' id='word_1_169' title='bbox 1138 2011 1274 2104; x_wconf 80' lang='lat' dir='ltr'><strong>operatip,</strong></span> <span class='ocrx_word' id='word_1_170' title='bbox 1289 2027 1341 2088; x_wconf 88' lang='lat' dir='ltr'><strong>per</strong></span> 
     </span>
     <span class='ocr_line' id='line_1_20' title="bbox 134 2087 1341 2248; baseline -0.005 -14"><span class='ocrx_word' id='word_1_171' title='bbox 134 2169 249 2234; x_wconf 88' lang='lat' dir='ltr'><strong>consilii</strong></span> <span class='ocrx_word' id='word_1_172' title='bbox 263 2168 316 2246; x_wconf 87' lang='lat' dir='ltr'><strong>sui,</strong></span> <span class='ocrx_word' id='word_1_173' title='bbox 332 2187 390 2248; x_wconf 86' lang='lat' dir='ltr'><strong>quo</strong></span> <span class='ocrx_word' id='word_1_174' title='bbox 397 2089 910 2247; x_wconf 54' lang='lat' dir='ltr'><strong>(leudpliciiellsuddloldbo(libithldrnblll1²³</strong></span> <span class='ocrx_word' id='word_1_175' title='bbox 902 2087 1121 2246; x_wconf 43' lang='lat' dir='ltr'><strong>xdilellt‘lrcdll</strong></span> <span class='ocrx_word' id='word_1_176' title='bbox 1125 2095 1341 2246; x_wconf 61' lang='lat' dir='ltr'><strong>lldgerlsudbbbeill</strong></span> 
     </span>
     <span class='ocr_line' id='line_1_21' title="bbox 134 2245 1341 2326; baseline -0.003 -14"><span class='ocrx_word' id='word_1_177' title='bbox 134 2270 223 2312; x_wconf 75' lang='lat' dir='ltr'><strong>mmu</strong></span> <span class='ocrx_word' id='word_1_178' title='bbox 238 2249 366 2324; x_wconf 76' lang='lat' dir='ltr'><strong>Domini,</strong></span> <span class='ocrx_word' id='word_1_179' title='bbox 380 2249 500 2310; x_wconf 82' lang='lat' dir='ltr'><strong>utillud</strong></span> <span class='ocrx_word' id='word_1_180' title='bbox 514 2247 633 2308; x_wconf 86' lang='lat' dir='ltr'><strong>inclinet</strong></span> <span class='ocrx_word' id='word_1_181' title='bbox 646 2265 817 2326; x_wconf 86' lang='lat' dir='ltr'><strong>quecunque</strong></span> <span class='ocrx_word' id='word_1_182' title='bbox 830 2247 984 2308; x_wconf 85' lang='lat' dir='ltr'><strong>voluerit.”</strong></span> <span class='ocrx_word' id='word_1_183' title='bbox 1027 2247 1067 2309; x_wconf 79' lang='lat' dir='ltr'><strong>st</strong></span> <span class='ocrx_word' id='word_1_184' title='bbox 1080 2245 1219 2326; x_wconf 82' lang='lat' dir='ltr'><strong>Augusti.</strong></span> <span class='ocrx_word' id='word_1_185' title='bbox 1232 2247 1284 2308; x_wconf 89' lang='lat' dir='ltr'><strong>lib.</strong></span> <span class='ocrx_word' id='word_1_186' title='bbox 1299 2245 1341 2308; x_wconf 83' lang='lat' dir='ltr'><strong>iil.</strong></span> 
     </span>
     <span class='ocr_line' id='line_1_22' title="bbox 135 2325 1342 2407; baseline -0.003 -15"><span class='ocrx_word' id='word_1_187' title='bbox 135 2340 212 2392; x_wconf 88' lang='lat' dir='ltr'><strong>cent.</strong></span> <span class='ocrx_word' id='word_1_188' title='bbox 227 2330 303 2391; x_wconf 87' lang='lat' dir='ltr'><strong>Juli.</strong></span> <span class='ocrx_word' id='word_1_189' title='bbox 318 2349 380 2407; x_wconf 85' lang='lat' dir='ltr'><strong>cep.</strong></span> <span class='ocrx_word' id='word_1_190' title='bbox 396 2331 424 2404; x_wconf 83' lang='lat'><strong>3,</strong></span> <span class='ocrx_word' id='word_1_191' title='bbox 441 2331 460 2364; x_wconf 85' lang='lat'><strong>“</strong></span> <span class='ocrx_word' id='word_1_192' title='bbox 472 2330 553 2388; x_wconf 88' lang='lat' dir='ltr'><strong>Deus</strong></span> <span class='ocrx_word' id='word_1_193' title='bbox 573 2337 708 2407; x_wconf 84' lang='lat' dir='ltr'><strong>operetur</strong></span> <span class='ocrx_word' id='word_1_194' title='bbox 727 2325 757 2385; x_wconf 93' lang='lat' dir='ltr'><strong>in</strong></span> <span class='ocrx_word' id='word_1_195' title='bbox 778 2327 913 2388; x_wconf 86' lang='lat' dir='ltr'><strong>cordibus</strong></span> <span class='ocrx_word' id='word_1_196' title='bbox 933 2327 1082 2388; x_wconf 89' lang='lat' dir='ltr'><strong>hominum</strong></span> <span class='ocrx_word' id='word_1_197' title='bbox 1103 2328 1141 2387; x_wconf 87' lang='lat' dir='ltr'><strong>ed</strong></span> <span class='ocrx_word' id='word_1_198' title='bbox 1161 2325 1342 2404; x_wconf 75' lang='lat' dir='ltr'><strong>inclinandas</strong></span> 
     </span>
     <span class='ocr_line' id='line_1_23' title="bbox 135 2405 1342 2488; baseline -0.003 -16"><span class='ocrx_word' id='word_1_199' title='bbox 135 2429 236 2472; x_wconf 84' lang='lat' dir='ltr'><strong>eorum</strong></span> <span class='ocrx_word' id='word_1_200' title='bbox 250 2409 416 2470; x_wconf 80' lang='lat' dir='ltr'><strong>voluntttes</strong></span> <span class='ocrx_word' id='word_1_201' title='bbox 429 2423 601 2487; x_wconf 87' lang='lat' dir='ltr'><strong>quoeunque</strong></span> <span class='ocrx_word' id='word_1_202' title='bbox 614 2405 748 2482; x_wconf 79' lang='lat' dir='ltr'><strong>voluerit,</strong></span> <span class='ocrx_word' id='word_1_203' title='bbox 764 2405 826 2468; x_wconf 86' lang='lat' dir='ltr'><strong>sive</strong></span> <span class='ocrx_word' id='word_1_204' title='bbox 839 2405 878 2467; x_wconf 85' lang='lat' dir='ltr'><strong>ed</strong></span> <span class='ocrx_word' id='word_1_205' title='bbox 897 2407 974 2467; x_wconf 85' lang='lat' dir='ltr'><strong>bone</strong></span> <span class='ocrx_word' id='word_1_206' title='bbox 992 2425 1045 2488; x_wconf 89' lang='lat' dir='ltr'><strong>pro</strong></span> <span class='ocrx_word' id='word_1_207' title='bbox 1064 2425 1117 2468; x_wconf 88' lang='lat' dir='ltr'><strong>sue</strong></span> <span class='ocrx_word' id='word_1_208' title='bbox 1136 2407 1342 2486; x_wconf 85' lang='lat' dir='ltr'><strong>misericordie,</strong></span> 
     </span>
     <span class='ocr_line' id='line_1_24' title="bbox 137 2486 1344 2566; baseline -0.003 -15"><span class='ocrx_word' id='word_1_209' title='bbox 137 2491 199 2551; x_wconf 83' lang='lat' dir='ltr'><strong>eive</strong></span> <span class='ocrx_word' id='word_1_210' title='bbox 213 2489 253 2550; x_wconf 81' lang='lat' dir='ltr'><strong>ed</strong></span> <span class='ocrx_word' id='word_1_211' title='bbox 266 2489 343 2548; x_wconf 81' lang='lat' dir='ltr'><strong>mele</strong></span> <span class='ocrx_word' id='word_1_212' title='bbox 391 2509 409 2547; x_wconf 92' lang='lat' dir='ltr'><strong>o</strong></span> <span class='ocrx_word' id='word_1_213' title='bbox 427 2487 537 2548; x_wconf 86' lang='lat' dir='ltr'><strong>meritls</strong></span> <span class='ocrx_word' id='word_1_214' title='bbox 550 2503 659 2564; x_wconf 88' lang='lat' dir='ltr'><strong>eorum,</strong></span> <span class='ocrx_word' id='word_1_215' title='bbox 681 2487 793 2565; x_wconf 90' lang='lat' dir='ltr'><strong>judicio</strong></span> <span class='ocrx_word' id='word_1_216' title='bbox 806 2486 906 2565; x_wconf 85' lang='lat' dir='ltr'><strong>utique</strong></span> <span class='ocrx_word' id='word_1_217' title='bbox 921 2505 982 2564; x_wconf 88' lang='lat' dir='ltr'><strong>suo,</strong></span> <span class='ocrx_word' id='word_1_218' title='bbox 998 2487 1153 2566; x_wconf 77' lang='lat' dir='ltr'><strong>aliquando</strong></span> <span class='ocrx_word' id='word_1_219' title='bbox 1167 2495 1275 2566; x_wconf 87' lang='lat' dir='ltr'><strong>eperto,</strong></span> <span class='ocrx_word' id='word_1_220' title='bbox 1291 2487 1344 2547; x_wconf 87' lang='lat' dir='ltr'><strong>uli·</strong></span> 
     </span>
    </p>
   </div>
   <div class='ocr_carea' id='block_1_3' title="bbox 9 2567 1345 2809">
    <p class='ocr_par' dir='ltr' id='par_1_5' title="bbox 9 2567 1345 2809">
     <span class='ocr_line' id='line_1_25' title="bbox 9 2567 1340 2650; baseline 0.002 -24"><span class='ocrx_word' id='word_1_221' title='bbox 9 2581 11 2626; x_wconf 69' lang='grc' dir='ltr'>ι</span> <span class='ocrx_word' id='word_1_222' title='bbox 136 2569 254 2650; x_wconf 83' lang='lat' dir='ltr'><strong>quendo</strong></span> <span class='ocrx_word' id='word_1_223' title='bbox 269 2587 321 2629; x_wconf 93' lang='lat' dir='ltr'><strong>ooc</strong></span> <span class='ocrx_word' id='word_1_224' title='bbox 384 2610 392 2645; x_wconf 88' lang='lat'><strong>,</strong></span> <span class='ocrx_word' id='word_1_225' title='bbox 407 2584 521 2646; x_wconf 87' lang='lat' dir='ltr'><strong>semper</strong></span> <span class='ocrx_word' id='word_1_226' title='bbox 533 2575 630 2628; x_wconf 63' lang='lat' dir='ltr'><strong>nmen</strong></span> <span class='ocrx_word' id='word_1_227' title='bbox 638 2567 750 2646; x_wconf 86' lang='lat' dir='ltr'><strong>justo.&#39;&#39;</strong></span> <span class='ocrx_word' id='word_1_228' title='bbox 793 2567 859 2627; x_wconf 89' lang='lat' dir='ltr'><strong>Hoc</strong></span> <span class='ocrx_word' id='word_1_229' title='bbox 873 2585 943 2627; x_wconf 84' lang='lat' dir='ltr'><strong>vero</strong></span> <span class='ocrx_word' id='word_1_230' title='bbox 956 2567 1019 2628; x_wconf 89' lang='lat' dir='ltr'><strong>fieri</strong></span> <span class='ocrx_word' id='word_1_231' title='bbox 1032 2575 1135 2646; x_wconf 87' lang='lat' dir='ltr'><strong>potest,</strong></span> <span class='ocrx_word' id='word_1_232' title='bbox 1150 2567 1199 2627; x_wconf 84' lang='lat' dir='ltr'><strong>vel</strong></span> <span class='ocrx_word' id='word_1_233' title='bbox 1213 2567 1340 2645; x_wconf 84' lang='lat' dir='ltr'><strong>objecto-</strong></span> 
     </span>
     <span class='ocr_line' id='line_1_26' title="bbox 10 2643 1345 2730; baseline -0.004 -17"><span class='ocrx_word' id='word_1_234' title='bbox 10 2673 11 2700; x_wconf 75' lang='grc' dir='ltr'>ι</span> <span class='ocrx_word' id='word_1_235' title='bbox 136 2671 201 2712; x_wconf 86' lang='lat' dir='ltr'><strong>mm</strong></span> <span class='ocrx_word' id='word_1_236' title='bbox 214 2649 411 2730; x_wconf 85' lang='lat' dir='ltr'><strong>propositione</strong></span> <span class='ocrx_word' id='word_1_237' title='bbox 425 2649 545 2725; x_wconf 88' lang='lat' dir='ltr'><strong>interne,</strong></span> <span class='ocrx_word' id='word_1_238' title='bbox 560 2665 626 2725; x_wconf 78' lang='lat' dir='ltr'><strong>que</strong></span> <span class='ocrx_word' id='word_1_239' title='bbox 639 2653 765 2706; x_wconf 89' lang='lat' dir='ltr'><strong>mentem</strong></span> <span class='ocrx_word' id='word_1_240' title='bbox 778 2654 809 2706; x_wconf 92' lang='lat' dir='ltr'><strong>et</strong></span> <span class='ocrx_word' id='word_1_241' title='bbox 820 2646 1000 2707; x_wconf 81' lang='lat' dir='ltr'><strong>voluntatem</strong></span> <span class='ocrx_word' id='word_1_242' title='bbox 1013 2667 1131 2708; x_wconf 88' lang='lat' dir='ltr'><strong>movere</strong></span> <span class='ocrx_word' id='word_1_243' title='bbox 1150 2655 1280 2728; x_wconf 81' lang='lat' dir='ltr'><strong>possunt,</strong></span> <span class='ocrx_word' id='word_1_244' title='bbox 1295 2643 1345 2707; x_wconf 85' lang='lat' dir='ltr'><strong>vel</strong></span> 
     </span>
     <span class='ocr_line' id='line_1_27' title="bbox 10 2725 1345 2809; baseline -0.003 -18"><span class='ocrx_word' id='word_1_245' title='bbox 10 2737 11 2764; x_wconf 58' lang='lat' dir='ltr'><strong>l</strong></span> <span class='ocrx_word' id='word_1_246' title='bbox 137 2730 348 2809; x_wconf 71' lang='lat' dir='ltr'><strong>eegiutionum</strong></span> <span class='ocrx_word' id='word_1_247' title='bbox 361 2727 558 2807; x_wconf 85' lang='lat' dir='ltr'><strong>impressione,</strong></span> <span class='ocrx_word' id='word_1_248' title='bbox 573 2743 638 2804; x_wconf 77' lang='lat' dir='ltr'><strong>qne</strong></span> <span class='ocrx_word' id='word_1_249' title='bbox 650 2725 720 2785; x_wconf 89' lang='lat' dir='ltr'><strong>lieet</strong></span> <span class='ocrx_word' id='word_1_250' title='bbox 733 2725 817 2786; x_wconf 75' lang='lat' dir='ltr'><strong>bone</strong></span> <span class='ocrx_word' id='word_1_251' title='bbox 831 2725 890 2788; x_wconf 87' lang='lat' dir='ltr'><strong>sint</strong></span> <span class='ocrx_word' id='word_1_252' title='bbox 902 2727 933 2785; x_wconf 91' lang='lat' dir='ltr'><strong>in</strong></span> <span class='ocrx_word' id='word_1_253' title='bbox 948 2747 987 2804; x_wconf 88' lang='lat' dir='ltr'><strong>se,</strong></span> <span class='ocrx_word' id='word_1_254' title='bbox 1002 2725 1034 2786; x_wconf 84' lang='lat' dir='ltr'><strong>iu</strong></span> <span class='ocrx_word' id='word_1_255' title='bbox 1046 2727 1154 2788; x_wconf 88' lang='lat' dir='ltr'><strong>melum</strong></span> <span class='ocrx_word' id='word_1_256' title='bbox 1164 2735 1261 2787; x_wconf 85' lang='lat' dir='ltr'><strong>temen</strong></span> <span class='ocrx_word' id='word_1_257' title='bbox 1271 2725 1345 2787; x_wconf 85' lang='lat' dir='ltr'><strong>vitld</strong></span> 
     </span>
    </p>
   </div>
   <div class='ocr_carea' id='block_1_4' title="bbox 136 2805 1352 3924">
    <p class='ocr_par' dir='ltr' id='par_1_6' title="bbox 136 2805 1352 3924">
     <span class='ocr_line' id='line_1_28' title="bbox 136 2805 1346 2886; baseline -0.004 -15"><span class='ocrx_word' id='word_1_258' title='bbox 136 2809 264 2872; x_wconf 88' lang='lat' dir='ltr'><strong>hominis</strong></span> <span class='ocrx_word' id='word_1_259' title='bbox 278 2807 406 2886; x_wconf 86' lang='lat' dir='ltr'><strong>corrupti</strong></span> <span class='ocrx_word' id='word_1_260' title='bbox 419 2815 625 2868; x_wconf 76' lang='lat' dir='ltr'><strong>convertuntur</strong></span> <span class='ocrx_word' id='word_1_261' title='bbox 638 2825 689 2884; x_wconf 86' lang='lat' dir='ltr'><strong>per</strong></span> <span class='ocrx_word' id='word_1_262' title='bbox 702 2805 846 2866; x_wconf 79' lang='lat' dir='ltr'><strong>occidens.</strong></span> <span class='ocrx_word' id='word_1_263' title='bbox 889 2806 937 2867; x_wconf 78' lang='lat' dir='ltr'><strong>Sic</strong></span> <span class='ocrx_word' id='word_1_264' title='bbox 957 2805 1060 2867; x_wconf 76' lang='lat' dir='ltr'><strong>fratres</strong></span> <span class='ocrx_word' id='word_1_265' title='bbox 1073 2805 1197 2884; x_wconf 89' lang='lat' dir='ltr'><strong>Josephi</strong></span> <span class='ocrx_word' id='word_1_266' title='bbox 1215 2807 1346 2886; x_wconf 80' lang='lat' dir='ltr'><strong>cogitent</strong></span> 
     </span>
     <span class='ocr_line' id='line_1_29' title="bbox 139 2884 1346 2966; baseline -0.004 -15"><span class='ocrx_word' id='word_1_267' title='bbox 139 2909 205 2951; x_wconf 89' lang='lat' dir='ltr'><strong>eum</strong></span> <span class='ocrx_word' id='word_1_268' title='bbox 219 2889 312 2948; x_wconf 84' lang='lat' dir='ltr'><strong>umeri</strong></span> <span class='ocrx_word' id='word_1_269' title='bbox 325 2887 532 2966; x_wconf 79' lang='lat' dir='ltr'><strong>aparentibus,</strong></span> <span class='ocrx_word' id='word_1_270' title='bbox 547 2894 577 2946; x_wconf 88' lang='lat' dir='ltr'><strong>et</strong></span> <span class='ocrx_word' id='word_1_271' title='bbox 597 2884 748 2944; x_wconf 89' lang='lat' dir='ltr'><strong>insomniis</strong></span> <span class='ocrx_word' id='word_1_272' title='bbox 767 2884 902 2946; x_wconf 76' lang='lat' dir='ltr'><strong>honorari</strong></span> <span class='ocrx_word' id='word_1_273' title='bbox 916 2905 934 2944; x_wconf 82' lang='lat' dir='ltr'><strong>e</strong></span> <span class='ocrx_word' id='word_1_274' title='bbox 949 2887 1021 2962; x_wconf 90' lang='lat' dir='ltr'><strong>Deo,</strong></span> <span class='ocrx_word' id='word_1_275' title='bbox 1036 2904 1102 2964; x_wconf 74' lang='lat' dir='ltr'><strong>qne</strong></span> <span class='ocrx_word' id='word_1_276' title='bbox 1116 2885 1254 2964; x_wconf 79' lang='lat' dir='ltr'><strong>cogitatio</strong></span> <span class='ocrx_word' id='word_1_277' title='bbox 1267 2886 1346 2946; x_wconf 86' lang='lat' dir='ltr'><strong>bone</strong></span> 
     </span>
     <span class='ocr_line' id='line_1_30' title="bbox 138 2962 1346 3046; baseline -0.003 -18"><span class='ocrx_word' id='word_1_278' title='bbox 138 2966 202 3046; x_wconf 78' lang='lat' dir='ltr'><strong>fnit,</strong></span> <span class='ocrx_word' id='word_1_279' title='bbox 214 2968 267 3028; x_wconf 90' lang='lat' dir='ltr'><strong>sed</strong></span> <span class='ocrx_word' id='word_1_280' title='bbox 277 2986 336 3046; x_wconf 85' lang='lat' dir='ltr'><strong>qne</strong></span> <span class='ocrx_word' id='word_1_281' title='bbox 345 2967 432 3046; x_wconf 88' lang='lat' dir='ltr'><strong>impie</strong></span> <span class='ocrx_word' id='word_1_282' title='bbox 443 2967 608 3041; x_wconf 75' lang='lat' dir='ltr'><strong>abutuntur,</strong></span> <span class='ocrx_word' id='word_1_283' title='bbox 620 2964 690 3025; x_wconf 90' lang='lat' dir='ltr'><strong>dum</strong></span> <span class='ocrx_word' id='word_1_284' title='bbox 701 2983 764 3022; x_wconf 82' lang='lat' dir='ltr'><strong>eum</strong></span> <span class='ocrx_word' id='word_1_285' title='bbox 774 2963 971 3043; x_wconf 86' lang='lat' dir='ltr'><strong>detorquendo</strong></span> <span class='ocrx_word' id='word_1_286' title='bbox 982 2963 1020 3022; x_wconf 88' lang='lat' dir='ltr'><strong>ed</strong></span> <span class='ocrx_word' id='word_1_287' title='bbox 1032 2963 1181 3044; x_wconf 74' lang='lat' dir='ltr'><strong>invidiam,</strong></span> <span class='ocrx_word' id='word_1_288' title='bbox 1193 2962 1346 3025; x_wconf 77' lang='lat' dir='ltr'><strong>consilinm</strong></span> 
     </span>
     <span class='ocr_line' id='line_1_31' title="bbox 140 3042 1345 3128; baseline -0.007 -18"><span class='ocrx_word' id='word_1_289' title='bbox 140 3050 258 3128; x_wconf 74' lang='lat' dir='ltr'><strong>eupiunt</strong></span> <span class='ocrx_word' id='word_1_290' title='bbox 273 3047 310 3108; x_wconf 86' lang='lat' dir='ltr'><strong>de</strong></span> <span class='ocrx_word' id='word_1_291' title='bbox 323 3065 359 3108; x_wconf 90' lang='lat' dir='ltr'><strong>eo</strong></span> <span class='ocrx_word' id='word_1_292' title='bbox 368 3046 507 3108; x_wconf 85' lang='lat' dir='ltr'><strong>tollendo.</strong></span> <span class='ocrx_word' id='word_1_293' title='bbox 536 3046 650 3104; x_wconf 80' lang='lat' dir='ltr'><strong>Pheneo</strong></span> <span class='ocrx_word' id='word_1_294' title='bbox 664 3051 730 3122; x_wconf 87' lang='lat' dir='ltr'><strong>post</strong></span> <span class='ocrx_word' id='word_1_295' title='bbox 743 3053 865 3104; x_wconf 88' lang='lat' dir='ltr'><strong>mortem</strong></span> <span class='ocrx_word' id='word_1_296' title='bbox 875 3042 1000 3121; x_wconf 87' lang='lat' dir='ltr'><strong>Josephi</strong></span> <span class='ocrx_word' id='word_1_297' title='bbox 1010 3063 1044 3103; x_wconf 91' lang='lat' dir='ltr'><strong>ce</strong></span> <span class='ocrx_word' id='word_1_298' title='bbox 1067 3042 1119 3104; x_wconf 86' lang='lat' dir='ltr'><strong>&#39;tet</strong></span> <span class='ocrx_word' id='word_1_299' title='bbox 1129 3042 1345 3124; x_wconf 88' lang='lat' dir='ltr'><strong>despiciendum</strong></span> 
     </span>
     <span class='ocr_line' id='line_1_32' title="bbox 140 3063 1346 3216; baseline -0.007 -26"><span class='ocrx_word' id='word_1_300' title='bbox 140 3147 212 3206; x_wconf 87' lang='lat' dir='ltr'><strong>esee,</strong></span> <span class='ocrx_word' id='word_1_301' title='bbox 227 3147 265 3188; x_wconf 91' lang='lat' dir='ltr'><strong>ne</strong></span> <span class='ocrx_word' id='word_1_302' title='bbox 276 3127 348 3206; x_wconf 89' lang='lat' dir='ltr'><strong>quid</strong></span> <span class='ocrx_word' id='word_1_303' title='bbox 361 3124 526 3188; x_wconf 83' lang='lat' dir='ltr'><strong>detrimenti</strong></span> <span class='ocrx_word' id='word_1_304' title='bbox 537 3124 694 3203; x_wconf 86' lang='lat' dir='ltr'><strong>Imperium</strong></span> <span class='ocrx_word' id='word_1_305' title='bbox 707 3129 873 3216; x_wconf 80' lang='lat' dir='ltr'><strong>peteretur:</strong></span> <span class='ocrx_word' id='word_1_306' title='bbox 894 3121 1039 3200; x_wconf 78' lang='lat' dir='ltr'><strong>Cogitatio</strong></span> <span class='ocrx_word' id='word_1_307' title='bbox 1045 3063 1126 3181; x_wconf 60' lang='lat' dir='ltr'><strong>bone</strong></span> <span class='ocrx_word' id='word_1_308' title='bbox 1135 3121 1198 3199; x_wconf 89' lang='lat' dir='ltr'><strong>fuit,</strong></span> <span class='ocrx_word' id='word_1_309' title='bbox 1214 3130 1244 3182; x_wconf 91' lang='lat' dir='ltr'><strong>et</strong></span> <span class='ocrx_word' id='word_1_310' title='bbox 1254 3141 1271 3182; x_wconf 86' lang='lat' dir='ltr'><strong>e</strong></span> <span class='ocrx_word' id='word_1_311' title='bbox 1283 3121 1346 3182; x_wconf 90' lang='lat' dir='ltr'><strong>Deo</strong></span> 
     </span>
     <span class='ocr_line' id='line_1_33' title="bbox 140 3199 1348 3288; baseline -0.007 -20"><span class='ocrx_word' id='word_1_312' title='bbox 140 3207 332 3288; x_wconf 82' lang='lat' dir='ltr'><strong>proculdubio</strong></span> <span class='ocrx_word' id='word_1_313' title='bbox 341 3207 478 3284; x_wconf 86' lang='lat' dir='ltr'><strong>Immisse,</strong></span> <span class='ocrx_word' id='word_1_314' title='bbox 490 3205 543 3266; x_wconf 83' lang='lat' dir='ltr'><strong>sed</strong></span> <span class='ocrx_word' id='word_1_315' title='bbox 571 3221 617 3264; x_wconf 86' lang='lat' dir='ltr'><strong>use</strong></span> <span class='ocrx_word' id='word_1_316' title='bbox 627 3199 729 3262; x_wconf 78' lang='lat' dir='ltr'><strong>incidet</strong></span> <span class='ocrx_word' id='word_1_317' title='bbox 737 3202 768 3261; x_wconf 90' lang='lat' dir='ltr'><strong>iu</strong></span> <span class='ocrx_word' id='word_1_318' title='bbox 778 3203 887 3262; x_wconf 87' lang='lat' dir='ltr'><strong>melum</strong></span> <span class='ocrx_word' id='word_1_319' title='bbox 897 3203 1033 3277; x_wconf 75' lang='lat' dir='ltr'><strong>enixurum,</strong></span> <span class='ocrx_word' id='word_1_320' title='bbox 1040 3199 1090 3279; x_wconf 87' lang='lat' dir='ltr'><strong>qui</strong></span> <span class='ocrx_word' id='word_1_321' title='bbox 1101 3222 1136 3262; x_wconf 87' lang='lat' dir='ltr'><strong>ee</strong></span> <span class='ocrx_word' id='word_1_322' title='bbox 1146 3199 1183 3260; x_wconf 86' lang='lat' dir='ltr'><strong>ed</strong></span> <span class='ocrx_word' id='word_1_323' title='bbox 1190 3201 1348 3281; x_wconf 87' lang='lat' dir='ltr'><strong>perniciem</strong></span> 
     </span>
     <span class='ocr_line' id='line_1_34' title="bbox 140 3225 575 3368; baseline -0.014 -18"><span class='ocrx_word' id='word_1_324' title='bbox 140 3288 241 3368; x_wconf 83' lang='lat' dir='ltr'><strong>populi</strong></span> <span class='ocrx_word' id='word_1_325' title='bbox 255 3288 393 3348; x_wconf 77' lang='lat' dir='ltr'><strong>ebutium.</strong></span> <span class='ocrx_word' id='word_1_326' title='bbox 435 3287 482 3348; x_wconf 86' lang='lat' dir='ltr'><strong>Ite</strong></span> <span class='ocrx_word' id='word_1_327' title='bbox 496 3225 575 3364; x_wconf 75' lang='lat' dir='ltr'><strong>quod</strong></span> 
     </span>
     <span class='ocr_line' id='line_1_35' title="bbox 141 3357 1348 3446; baseline -0.007 -18"><span class='ocrx_word' id='word_1_328' title='bbox 141 3367 203 3428; x_wconf 87' lang='lat' dir='ltr'><strong>dire</strong></span> <span class='ocrx_word' id='word_1_329' title='bbox 216 3377 251 3428; x_wconf 86' lang='lat' dir='ltr'><strong>nt</strong></span> <span class='ocrx_word' id='word_1_330' title='bbox 260 3384 337 3427; x_wconf 88' lang='lat' dir='ltr'><strong>unus</strong></span> <span class='ocrx_word' id='word_1_331' title='bbox 347 3368 434 3427; x_wconf 90' lang='lat' dir='ltr'><strong>homo</strong></span> <span class='ocrx_word' id='word_1_332' title='bbox 444 3365 584 3426; x_wconf 78' lang='lat' dir='ltr'><strong>morietur</strong></span> <span class='ocrx_word' id='word_1_333' title='bbox 596 3380 649 3443; x_wconf 86' lang='lat' dir='ltr'><strong>pro</strong></span> <span class='ocrx_word' id='word_1_334' title='bbox 662 3362 799 3446; x_wconf 80' lang='lat' dir='ltr'><strong>populo,”</strong></span> <span class='ocrx_word' id='word_1_335' title='bbox 809 3362 918 3422; x_wconf 91' lang='lat' dir='ltr'><strong>bonum</strong></span> <span class='ocrx_word' id='word_1_336' title='bbox 928 3360 992 3438; x_wconf 87' lang='lat' dir='ltr'><strong>fuit,</strong></span> <span class='ocrx_word' id='word_1_337' title='bbox 1005 3359 1057 3421; x_wconf 89' lang='lat' dir='ltr'><strong>sed</strong></span> <span class='ocrx_word' id='word_1_338' title='bbox 1069 3359 1193 3440; x_wconf 89' lang='lat' dir='ltr'><strong>pessime</strong></span> <span class='ocrx_word' id='word_1_339' title='bbox 1204 3357 1348 3421; x_wconf 88' lang='lat' dir='ltr'><strong>detortum</strong></span> 
     </span>
     <span class='ocr_line' id='line_1_36' title="bbox 141 3441 1348 3521; baseline -0.005 -13"><span class='ocrx_word' id='word_1_340' title='bbox 141 3447 180 3508; x_wconf 81' lang='lat' dir='ltr'><strong>ed</strong></span> <span class='ocrx_word' id='word_1_341' title='bbox 199 3448 340 3508; x_wconf 78' lang='lat' dir='ltr'><strong>scierim</strong></span> <span class='ocrx_word' id='word_1_342' title='bbox 354 3447 462 3508; x_wconf 84' lang='lat' dir='ltr'><strong>Obristi</strong></span> <span class='ocrx_word' id='word_1_343' title='bbox 481 3444 599 3507; x_wconf 87' lang='lat' dir='ltr'><strong>esedem.</strong></span> <span class='ocrx_word' id='word_1_344' title='bbox 641 3441 764 3520; x_wconf 85' lang='lat' dir='ltr'><strong>Rursus,</strong></span> <span class='ocrx_word' id='word_1_345' title='bbox 787 3441 868 3504; x_wconf 88' lang='lat' dir='ltr'><strong>Deus</strong></span> <span class='ocrx_word' id='word_1_346' title='bbox 888 3441 1000 3502; x_wconf 89' lang='lat' dir='ltr'><strong>interne</strong></span> <span class='ocrx_word' id='word_1_347' title='bbox 1020 3441 1051 3499; x_wconf 92' lang='lat' dir='ltr'><strong>in</strong></span> <span class='ocrx_word' id='word_1_348' title='bbox 1068 3441 1184 3501; x_wconf 87' lang='lat' dir='ltr'><strong>homine</strong></span> <span class='ocrx_word' id='word_1_349' title='bbox 1205 3449 1348 3521; x_wconf 87' lang='lat' dir='ltr'><strong>operetur,</strong></span> 
     </span>
     <span class='ocr_line' id='line_1_37' title="bbox 141 3520 1348 3606; baseline -0.007 -17"><span class='ocrx_word' id='word_1_350' title='bbox 141 3539 232 3606; x_wconf 86' lang='lat' dir='ltr'><strong>quum</strong></span> <span class='ocrx_word' id='word_1_351' title='bbox 245 3527 317 3587; x_wconf 84' lang='lat' dir='ltr'><strong>iecit</strong></span> <span class='ocrx_word' id='word_1_352' title='bbox 329 3535 363 3587; x_wconf 85' lang='grc' dir='ltr'><strong>ιιι</strong></span> <span class='ocrx_word' id='word_1_353' title='bbox 376 3527 491 3606; x_wconf 80' lang='lat' dir='ltr'><strong>objectu</strong></span> <span class='ocrx_word' id='word_1_354' title='bbox 504 3525 587 3584; x_wconf 86' lang='lat' dir='ltr'><strong>illum</strong></span> <span class='ocrx_word' id='word_1_355' title='bbox 600 3522 631 3581; x_wconf 90' lang='lat' dir='ltr'><strong>in</strong></span> <span class='ocrx_word' id='word_1_356' title='bbox 643 3522 719 3581; x_wconf 85' lang='lat' dir='ltr'><strong>hene</strong></span> <span class='ocrx_word' id='word_1_357' title='bbox 732 3521 838 3604; x_wconf 88' lang='lat' dir='ltr'><strong>potius,</strong></span> <span class='ocrx_word' id='word_1_358' title='bbox 853 3541 941 3600; x_wconf 87' lang='lat' dir='ltr'><strong>quum</strong></span> <span class='ocrx_word' id='word_1_359' title='bbox 954 3521 985 3582; x_wconf 93' lang='lat' dir='ltr'><strong>in</strong></span> <span class='ocrx_word' id='word_1_360' title='bbox 1005 3520 1086 3581; x_wconf 85' lang='lat' dir='ltr'><strong>illem</strong></span> <span class='ocrx_word' id='word_1_361' title='bbox 1103 3525 1216 3602; x_wconf 82' lang='lat' dir='ltr'><strong>purtem</strong></span> <span class='ocrx_word' id='word_1_362' title='bbox 1236 3539 1348 3602; x_wconf 86' lang='lat' dir='ltr'><strong>permo-</strong></span> 
     </span>
     <span class='ocr_line' id='line_1_38' title="bbox 141 3600 1352 3682; baseline -0.004 -15"><span class='ocrx_word' id='word_1_363' title='bbox 141 3616 240 3668; x_wconf 82' lang='lat' dir='ltr'><strong>veent.</strong></span> <span class='ocrx_word' id='word_1_364' title='bbox 283 3607 356 3666; x_wconf 81' lang='lat' dir='ltr'><strong>Cum</strong></span> <span class='ocrx_word' id='word_1_365' title='bbox 370 3607 447 3666; x_wconf 90' lang='lat' dir='ltr'><strong>euim</strong></span> <span class='ocrx_word' id='word_1_366' title='bbox 460 3607 547 3666; x_wconf 91' lang='lat' dir='ltr'><strong>homo</strong></span> <span class='ocrx_word' id='word_1_367' title='bbox 561 3621 669 3682; x_wconf 88' lang='lat' dir='ltr'><strong>pronus</strong></span> <span class='ocrx_word' id='word_1_368' title='bbox 683 3603 722 3662; x_wconf 90' lang='lat' dir='ltr'><strong>sit</strong></span> <span class='ocrx_word' id='word_1_369' title='bbox 735 3600 773 3662; x_wconf 85' lang='lat' dir='ltr'><strong>ed</strong></span> <span class='ocrx_word' id='word_1_370' title='bbox 792 3601 917 3680; x_wconf 85' lang='lat' dir='ltr'><strong>quodvis</strong></span> <span class='ocrx_word' id='word_1_371' title='bbox 930 3601 1049 3680; x_wconf 86' lang='lat' dir='ltr'><strong>melum,</strong></span> <span class='ocrx_word' id='word_1_372' title='bbox 1063 3610 1163 3682; x_wconf 86' lang='lat' dir='ltr'><strong>utpote</strong></span> <span class='ocrx_word' id='word_1_373' title='bbox 1176 3602 1227 3681; x_wconf 87' lang='lat' dir='ltr'><strong>qui</strong></span> <span class='ocrx_word' id='word_1_374' title='bbox 1241 3601 1352 3662; x_wconf 82' lang='lat' dir='ltr'><strong>&#39;semine</strong></span> 
     </span>
     <span class='ocr_line' id='line_1_39' title="bbox 142 3679 1351 3774; baseline -0.007 -27"><span class='ocrx_word' id='word_1_375' title='bbox 142 3688 273 3747; x_wconf 89' lang='lat' dir='ltr'><strong>omnium</strong></span> <span class='ocrx_word' id='word_1_376' title='bbox 286 3687 424 3746; x_wconf 84' lang='lat' dir='ltr'><strong>vitiorum</strong></span> <span class='ocrx_word' id='word_1_377' title='bbox 438 3685 468 3744; x_wconf 89' lang='lat' dir='ltr'><strong>in</strong></span> <span class='ocrx_word' id='word_1_378' title='bbox 482 3702 514 3744; x_wconf 89' lang='lat' dir='ltr'><strong>se</strong></span> <span class='ocrx_word' id='word_1_379' title='bbox 527 3683 681 3756; x_wconf 85' lang='lat' dir='ltr'><strong>contineet,</strong></span> <span class='ocrx_word' id='word_1_380' title='bbox 691 3679 772 3760; x_wconf 90' lang='lat' dir='ltr'><strong>qnod</strong></span> <span class='ocrx_word' id='word_1_381' title='bbox 785 3689 881 3742; x_wconf 68' lang='lat' dir='ltr'><strong>minen</strong></span> <span class='ocrx_word' id='word_1_382' title='bbox 894 3681 926 3740; x_wconf 91' lang='lat' dir='ltr'><strong>in</strong></span> <span class='ocrx_word' id='word_1_383' title='bbox 938 3683 994 3741; x_wconf 88' lang='lat' dir='ltr'><strong>hoc</strong></span> <span class='ocrx_word' id='word_1_384' title='bbox 1007 3682 1104 3774; x_wconf 90' lang='lat' dir='ltr'><strong>potius</strong></span> <span class='ocrx_word' id='word_1_385' title='bbox 1118 3699 1205 3759; x_wconf 90' lang='lat' dir='ltr'><strong>quem</strong></span> <span class='ocrx_word' id='word_1_386' title='bbox 1225 3681 1257 3740; x_wconf 81' lang='lat' dir='ltr'><strong>ln</strong></span> <span class='ocrx_word' id='word_1_387' title='bbox 1277 3679 1351 3740; x_wconf 87' lang='lat' dir='ltr'><strong>illud</strong></span> 
     </span>
     <span class='ocr_line' id='line_1_40' title="bbox 162 3757 1352 3847; baseline -0.008 -20"><span class='ocrx_word' id='word_1_388' title='bbox 162 3765 331 3847; x_wconf 78' lang='lat' dir='ltr'><strong>rependeet,</strong></span> <span class='ocrx_word' id='word_1_389' title='bbox 353 3783 412 3824; x_wconf 90' lang='lat' dir='ltr'><strong>non</strong></span> <span class='ocrx_word' id='word_1_390' title='bbox 426 3762 543 3825; x_wconf 78' lang='lat' dir='ltr'><strong>aliunde</strong></span> <span class='ocrx_word' id='word_1_391' title='bbox 562 3761 605 3838; x_wconf 85' lang='lat' dir='ltr'><strong>fit,</strong></span> <span class='ocrx_word' id='word_1_392' title='bbox 627 3779 713 3840; x_wconf 85' lang='lat' dir='ltr'><strong>quem</strong></span> <span class='ocrx_word' id='word_1_393' title='bbox 734 3762 848 3822; x_wconf 82' lang='lat' dir='ltr'><strong>occulte</strong></span> <span class='ocrx_word' id='word_1_394' title='bbox 862 3761 919 3820; x_wconf 91' lang='lat' dir='ltr'><strong>Dei</strong></span> <span class='ocrx_word' id='word_1_395' title='bbox 938 3757 1129 3840; x_wconf 75' lang='lat' dir='ltr'><strong>providentie,</strong></span> <span class='ocrx_word' id='word_1_396' title='bbox 1150 3757 1233 3818; x_wconf 86' lang='lat' dir='ltr'><strong>iilum</strong></span> <span class='ocrx_word' id='word_1_397' title='bbox 1253 3759 1352 3838; x_wconf 82' lang='lat' dir='ltr'><strong>potius</strong></span> 
     </span>
     <span class='ocr_line' id='line_1_41' title="bbox 142 3787 1352 3924; baseline -0.008 -18"><span class='ocrx_word' id='word_1_398' title='bbox 142 3787 201 3906; x_wconf 71' lang='lat' dir='ltr'><strong>luc</strong></span> <span class='ocrx_word' id='word_1_399' title='bbox 213 3865 303 3924; x_wconf 85' lang='lat' dir='ltr'><strong>quem</strong></span> <span class='ocrx_word' id='word_1_400' title='bbox 323 3845 394 3905; x_wconf 91' lang='lat' dir='ltr'><strong>illuc</strong></span> <span class='ocrx_word' id='word_1_401' title='bbox 414 3843 598 3918; x_wconf 78' lang='lat' dir='ltr'><strong>inclinantis3</strong></span> <span class='ocrx_word' id='word_1_402' title='bbox 620 3858 680 3899; x_wconf 89' lang='lat' dir='ltr'><strong>non</strong></span> <span class='ocrx_word' id='word_1_403' title='bbox 696 3856 781 3900; x_wconf 88' lang='lat' dir='ltr'><strong>secus</strong></span> <span class='ocrx_word' id='word_1_404' title='bbox 794 3860 828 3900; x_wconf 88' lang='lat' dir='ltr'><strong>uc</strong></span> <span class='ocrx_word' id='word_1_405' title='bbox 848 3840 929 3898; x_wconf 79' lang='lat' dir='ltr'><strong>rlvns</strong></span> <span class='ocrx_word' id='word_1_406' title='bbox 943 3839 1077 3898; x_wconf 85' lang='lat' dir='ltr'><strong>deorsum</strong></span> <span class='ocrx_word' id='word_1_407' title='bbox 1091 3835 1193 3916; x_wconf 88' lang='lat' dir='ltr'><strong>fluens,</strong></span> <span class='ocrx_word' id='word_1_408' title='bbox 1208 3835 1352 3915; x_wconf 78' lang='lat' dir='ltr'><strong>aquilegis</strong></span> 
     </span>
    </p>
   </div>
   <div class='ocr_carea' id='block_1_5' title="bbox 589 3279 1347 3362">
    <p class='ocr_par' dir='ltr' id='par_1_7' title="bbox 589 3279 1347 3362">
     <span class='ocr_line' id='line_1_42' title="bbox 589 3279 1347 3362; baseline -0.005 -18"><span class='ocrx_word' id='word_1_409' title='bbox 589 3282 725 3361; x_wconf 78' lang='lat' dir='ltr'><strong>Geiephae</strong></span> <span class='ocrx_word' id='word_1_410' title='bbox 738 3282 770 3340; x_wconf 90' lang='lat' dir='ltr'><strong>in</strong></span> <span class='ocrx_word' id='word_1_411' title='bbox 782 3287 908 3342; x_wconf 88' lang='lat' dir='ltr'><strong>mentem</strong></span> <span class='ocrx_word' id='word_1_412' title='bbox 917 3279 1007 3358; x_wconf 84' lang='lat' dir='ltr'><strong>venit,</strong></span> <span class='ocrx_word' id='word_1_413' title='bbox 1023 3279 1093 3342; x_wconf 90' lang='lat' dir='ltr'><strong>Joh.</strong></span> <span class='ocrx_word' id='word_1_414' title='bbox 1108 3281 1149 3341; x_wconf 87' lang='lat' dir='ltr'><strong>xi.</strong></span> <span class='ocrx_word' id='word_1_415' title='bbox 1164 3283 1213 3356; x_wconf 82' lang='lat'><strong>50,</strong></span> <span class='ocrx_word' id='word_1_416' title='bbox 1229 3281 1248 3315; x_wconf 77' lang='lat'><strong>‘¹</strong></span> <span class='ocrx_word' id='word_1_417' title='bbox 1258 3299 1347 3362; x_wconf 85' lang='lat' dir='ltr'><strong>expe·</strong></span> 
     </span>
    </p>
   </div>
   <div class='ocr_carea' id='block_1_6' title="bbox 141 3915 1357 4703">
    <p class='ocr_par' dir='ltr' id='par_1_8' title="bbox 141 3915 1357 4703">
     <span class='ocr_line' id='line_1_43' title="bbox 143 3915 1352 4004; baseline -0.009 -19"><span class='ocrx_word' id='word_1_418' title='bbox 143 3926 288 3986; x_wconf 71' lang='lat' dir='ltr'><strong>Industria</strong></span> <span class='ocrx_word' id='word_1_419' title='bbox 301 3925 331 3985; x_wconf 91' lang='lat' dir='ltr'><strong>in</strong></span> <span class='ocrx_word' id='word_1_420' title='bbox 349 3925 426 3984; x_wconf 89' lang='lat' dir='ltr'><strong>benc</strong></span> <span class='ocrx_word' id='word_1_421' title='bbox 444 3923 542 4004; x_wconf 88' lang='lat' dir='ltr'><strong>potins</strong></span> <span class='ocrx_word' id='word_1_422' title='bbox 555 3933 643 4000; x_wconf 81' lang='lat' dir='ltr'><strong>quem</strong></span> <span class='ocrx_word' id='word_1_423' title='bbox 663 3919 694 3977; x_wconf 85' lang='lat' dir='ltr'><strong>iu</strong></span> <span class='ocrx_word' id='word_1_424' title='bbox 714 3919 796 3978; x_wconf 85' lang='lat' dir='ltr'><strong>illem</strong></span> <span class='ocrx_word' id='word_1_425' title='bbox 814 3923 925 3998; x_wconf 70' lang='lat' dir='ltr'><strong>portem</strong></span> <span class='ocrx_word' id='word_1_426' title='bbox 939 3917 1134 3994; x_wconf 79' lang='lat' dir='ltr'><strong>convertitur3</strong></span> <span class='ocrx_word' id='word_1_427' title='bbox 1156 3915 1286 3993; x_wconf 81' lang='lat' dir='ltr'><strong>Cumque</strong></span> <span class='ocrx_word' id='word_1_428' title='bbox 1299 3917 1352 3975; x_wconf 94' lang='lat' dir='ltr'><strong>ho·</strong></span> 
     </span>
     <span class='ocr_line' id='line_1_44' title="bbox 142 3993 1353 4080; baseline -0.007 -16"><span class='ocrx_word' id='word_1_429' title='bbox 142 4006 272 4066; x_wconf 81' lang='lat' dir='ltr'><strong>minibus</strong></span> <span class='ocrx_word' id='word_1_430' title='bbox 293 3993 332 4063; x_wconf 86' lang='lat' dir='ltr'><strong>ud</strong></span> <span class='ocrx_word' id='word_1_431' title='bbox 351 4003 514 4064; x_wconf 86' lang='lat' dir='ltr'><strong>nocendum</strong></span> <span class='ocrx_word' id='word_1_432' title='bbox 534 4007 654 4080; x_wconf 76' lang='lat' dir='ltr'><strong>puteant</strong></span> <span class='ocrx_word' id='word_1_433' title='bbox 673 3999 772 4076; x_wconf 89' lang='lat' dir='ltr'><strong>plures</strong></span> <span class='ocrx_word' id='word_1_434' title='bbox 785 3999 850 4074; x_wconf 83' lang='lat' dir='ltr'><strong>vite,</strong></span> <span class='ocrx_word' id='word_1_435' title='bbox 873 3995 962 4074; x_wconf 83' lang='lat' dir='ltr'><strong>Deus,</strong></span> <span class='ocrx_word' id='word_1_436' title='bbox 984 3995 1096 4056; x_wconf 75' lang='lat' dir='ltr'><strong>ceteris</strong></span> <span class='ocrx_word' id='word_1_437' title='bbox 1117 3994 1250 4072; x_wconf 85' lang='lat' dir='ltr'><strong>occlusis,</strong></span> <span class='ocrx_word' id='word_1_438' title='bbox 1264 4002 1353 4055; x_wconf 84' lang='lat' dir='ltr'><strong>unam</strong></span> 
     </span>
     <span class='ocr_line' id='line_1_45' title="bbox 141 4073 1355 4164; baseline -0.009 -18"><span class='ocrx_word' id='word_1_439' title='bbox 141 4093 273 4164; x_wconf 68' lang='lat' dir='ltr'><strong>sperem</strong></span> <span class='ocrx_word' id='word_1_440' title='bbox 286 4083 433 4162; x_wconf 75' lang='lat' dir='ltr'><strong>relinque,</strong></span> <span class='ocrx_word' id='word_1_441' title='bbox 448 4091 482 4143; x_wconf 87' lang='grc' dir='ltr'><strong>ιιι</strong></span> <span class='ocrx_word' id='word_1_442' title='bbox 495 4083 526 4140; x_wconf 89' lang='lat' dir='ltr'><strong>in</strong></span> <span class='ocrx_word' id='word_1_443' title='bbox 538 4081 614 4140; x_wconf 83' lang='lat' dir='ltr'><strong>hene</strong></span> <span class='ocrx_word' id='word_1_444' title='bbox 624 4085 735 4158; x_wconf 58' lang='lat' dir='ltr'><strong>mem</strong></span> <span class='ocrx_word' id='word_1_445' title='bbox 748 4083 936 4151; x_wconf 75' lang='lat' dir='ltr'><strong>moteentnr3</strong></span> <span class='ocrx_word' id='word_1_446' title='bbox 957 4082 990 4135; x_wconf 90' lang='lat' dir='ltr'><strong>nt</strong></span> <span class='ocrx_word' id='word_1_447' title='bbox 1003 4075 1044 4135; x_wconf 89' lang='lat' dir='ltr'><strong>ite</strong></span> <span class='ocrx_word' id='word_1_448' title='bbox 1057 4073 1181 4153; x_wconf 88' lang='lat' dir='ltr'><strong>improbi</strong></span> <span class='ocrx_word' id='word_1_449' title='bbox 1195 4073 1355 4135; x_wconf 82' lang='lat' dir='ltr'><strong>inservient</strong></span> 
     </span>
     <span class='ocr_line' id='line_1_46' title="bbox 142 4151 1354 4242; baseline -0.011 -17"><span class='ocrx_word' id='word_1_450' title='bbox 142 4163 312 4225; x_wconf 75' lang='lat' dir='ltr'><strong>executioni</strong></span> <span class='ocrx_word' id='word_1_451' title='bbox 320 4163 498 4242; x_wconf 86' lang='lat' dir='ltr'><strong>judiciorum</strong></span> <span class='ocrx_word' id='word_1_452' title='bbox 509 4176 635 4236; x_wconf 83' lang='lat' dir='ltr'><strong>suorum,</strong></span> <span class='ocrx_word' id='word_1_453' title='bbox 648 4156 764 4236; x_wconf 82' lang='lat' dir='ltr'><strong>quondo</strong></span> <span class='ocrx_word' id='word_1_454' title='bbox 774 4156 840 4216; x_wconf 81' lang='lat' dir='ltr'><strong>vult</strong></span> <span class='ocrx_word' id='word_1_455' title='bbox 853 4156 889 4214; x_wconf 86' lang='lat' dir='ltr'><strong>lis</strong></span> <span class='ocrx_word' id='word_1_456' title='bbox 903 4155 955 4232; x_wconf 82' lang='lat' dir='ltr'><strong>utI,</strong></span> <span class='ocrx_word' id='word_1_457' title='bbox 964 4154 1014 4213; x_wconf 82' lang='lat' dir='ltr'><strong>vel</strong></span> <span class='ocrx_word' id='word_1_458' title='bbox 1024 4153 1061 4214; x_wconf 88' lang='lat' dir='ltr'><strong>ed</strong></span> <span class='ocrx_word' id='word_1_459' title='bbox 1075 4151 1221 4233; x_wconf 77' lang='lat' dir='ltr'><strong>punienda</strong></span> <span class='ocrx_word' id='word_1_460' title='bbox 1231 4153 1354 4213; x_wconf 85' lang='lat' dir='ltr'><strong>elicu&#39;us</strong></span> 
     </span>
     <span class='ocr_line' id='line_1_47' title="bbox 143 4173 1355 4323; baseline -0.011 -18"><span class='ocrx_word' id='word_1_461' title='bbox 143 4245 264 4322; x_wconf 82' lang='lat' dir='ltr'><strong>scelere,</strong></span> <span class='ocrx_word' id='word_1_462' title='bbox 279 4243 329 4303; x_wconf 79' lang='lat' dir='ltr'><strong>vel</strong></span> <span class='ocrx_word' id='word_1_463' title='bbox 342 4242 381 4301; x_wconf 86' lang='lat' dir='ltr'><strong>ed</strong></span> <span class='ocrx_word' id='word_1_464' title='bbox 394 4239 602 4323; x_wconf 75' lang='lat' dir='ltr'><strong>explorandum</strong></span> <span class='ocrx_word' id='word_1_465' title='bbox 615 4237 703 4298; x_wconf 84' lang='lat' dir='ltr'><strong>fidem</strong></span> <span class='ocrx_word' id='word_1_466' title='bbox 716 4238 838 4318; x_wconf 89' lang='lat' dir='ltr'><strong>piorum,</strong></span> <span class='ocrx_word' id='word_1_467' title='bbox 850 4234 899 4295; x_wconf 88' lang='lat' dir='ltr'><strong>vel</strong></span> <span class='ocrx_word' id='word_1_468' title='bbox 912 4235 950 4293; x_wconf 87' lang='lat' dir='ltr'><strong>ed</strong></span> <span class='ocrx_word' id='word_1_469' title='bbox 964 4233 1168 4294; x_wconf 74' lang='lat' dir='ltr'><strong>stimulandam</strong></span> <span class='ocrx_word' id='word_1_470' title='bbox 1183 4173 1355 4293; x_wconf 73' lang='lat' dir='ltr'><strong>socordidm.</strong></span> 
     </span>
     <span class='ocr_line' id='line_1_48' title="bbox 144 4309 1354 4402; baseline -0.011 -18"><span class='ocrx_word' id='word_1_471' title='bbox 144 4325 237 4402; x_wconf 76' lang='lat' dir='ltr'><strong>cnjus</strong></span> <span class='ocrx_word' id='word_1_472' title='bbox 269 4323 435 4401; x_wconf 79' lang='lat' dir='ltr'><strong>exemplum</strong></span> <span class='ocrx_word' id='word_1_473' title='bbox 460 4321 575 4398; x_wconf 82' lang='lat' dir='ltr'><strong>insigne</strong></span> <span class='ocrx_word' id='word_1_474' title='bbox 596 4318 728 4396; x_wconf 82' lang='lat' dir='ltr'><strong>occurrit,</strong></span> <span class='ocrx_word' id='word_1_475' title='bbox 758 4317 844 4376; x_wconf 80' lang='lat' dir='ltr'><strong>Erec.</strong></span> <span class='ocrx_word' id='word_1_476' title='bbox 872 4313 935 4374; x_wconf 81' lang='lat' dir='ltr'><strong>xxi.</strong></span> <span class='ocrx_word' id='word_1_477' title='bbox 962 4315 1071 4391; x_wconf 72' lang='lat'><strong>21-24,</strong></span> <span class='ocrx_word' id='word_1_478' title='bbox 1093 4315 1124 4372; x_wconf 90' lang='lat' dir='ltr'><strong>in</strong></span> <span class='ocrx_word' id='word_1_479' title='bbox 1151 4309 1354 4374; x_wconf 84' lang='lat' dir='ltr'><strong>Nebncednet·</strong></span> 
     </span>
     <span class='ocr_line' id='line_1_49' title="bbox 144 4391 1355 4480; baseline -0.011 -17"><span class='ocrx_word' id='word_1_480' title='bbox 144 4421 210 4463; x_wconf 86' lang='lat' dir='ltr'><strong>sere</strong></span> <span class='ocrx_word' id='word_1_481' title='bbox 238 4402 381 4463; x_wconf 70' lang='lat' dir='ltr'><strong>adversus</strong></span> <span class='ocrx_word' id='word_1_482' title='bbox 408 4401 553 4475; x_wconf 73' lang='lat' dir='ltr'><strong>sudeam,</strong></span> <span class='ocrx_word' id='word_1_483' title='bbox 581 4397 679 4480; x_wconf 88' lang='lat' dir='ltr'><strong>potius</strong></span> <span class='ocrx_word' id='word_1_484' title='bbox 722 4415 791 4458; x_wconf 85' lang='lat' dir='ltr'><strong>nem</strong></span> <span class='ocrx_word' id='word_1_485' title='bbox 812 4395 978 4474; x_wconf 80' lang='lat' dir='ltr'><strong>AEgyptum</strong></span> <span class='ocrx_word' id='word_1_486' title='bbox 1002 4391 1161 4453; x_wconf 84' lang='lat' dir='ltr'><strong>exercitum</strong></span> <span class='ocrx_word' id='word_1_487' title='bbox 1185 4392 1355 4452; x_wconf 77' lang='lat' dir='ltr'><strong>deducente.</strong></span> 
     </span>
     <span class='ocr_line' id='line_1_50' title="bbox 145 4415 1356 4560; baseline -0.012 -16"><span class='ocrx_word' id='word_1_488' title='bbox 145 4485 221 4544; x_wconf 77' lang='lat' dir='ltr'><strong>eum</strong></span> <span class='ocrx_word' id='word_1_489' title='bbox 235 4501 307 4560; x_wconf 82' lang='lat' dir='ltr'><strong>ergo</strong></span> <span class='ocrx_word' id='word_1_490' title='bbox 321 4482 376 4558; x_wconf 85' lang='lat' dir='ltr'><strong>luis,</strong></span> <span class='ocrx_word' id='word_1_491' title='bbox 392 4489 422 4542; x_wconf 91' lang='lat' dir='ltr'><strong>et</strong></span> <span class='ocrx_word' id='word_1_492' title='bbox 435 4481 501 4540; x_wconf 85' lang='lat' dir='ltr'><strong>eliis</strong></span> <span class='ocrx_word' id='word_1_493' title='bbox 514 4480 595 4540; x_wconf 76' lang='lat' dir='ltr'><strong>micis</strong></span> <span class='ocrx_word' id='word_1_494' title='bbox 610 4486 640 4538; x_wconf 88' lang='lat' dir='ltr'><strong>et</strong></span> <span class='ocrx_word' id='word_1_495' title='bbox 653 4415 847 4538; x_wconf 71' lang='lat' dir='ltr'><strong>inedsbilibus</strong></span> <span class='ocrx_word' id='word_1_496' title='bbox 860 4474 955 4535; x_wconf 89' lang='lat' dir='ltr'><strong>modis</strong></span> <span class='ocrx_word' id='word_1_497' title='bbox 969 4473 1051 4534; x_wconf 90' lang='lat' dir='ltr'><strong>Deus</strong></span> <span class='ocrx_word' id='word_1_498' title='bbox 1070 4473 1163 4552; x_wconf 88' lang='lat' dir='ltr'><strong>possit</strong></span> <span class='ocrx_word' id='word_1_499' title='bbox 1182 4473 1213 4532; x_wconf 90' lang='lat' dir='ltr'><strong>in</strong></span> <span class='ocrx_word' id='word_1_500' title='bbox 1232 4471 1356 4531; x_wconf 90' lang='lat' dir='ltr'><strong>homiui·</strong></span> 
     </span>
     <span class='ocr_line' id='line_1_51' title="bbox 144 4549 1357 4640; baseline -0.009 -18"><span class='ocrx_word' id='word_1_501' title='bbox 144 4563 203 4622; x_wconf 86' lang='lat' dir='ltr'><strong>bue</strong></span> <span class='ocrx_word' id='word_1_502' title='bbox 217 4563 331 4640; x_wconf 78' lang='lat' dir='ltr'><strong>oper-eri</strong></span> <span class='ocrx_word' id='word_1_503' title='bbox 345 4562 384 4621; x_wconf 86' lang='lat' dir='ltr'><strong>ed</strong></span> <span class='ocrx_word' id='word_1_504' title='bbox 397 4559 568 4639; x_wconf 75' lang='lat' dir='ltr'><strong>exequenda</strong></span> <span class='ocrx_word' id='word_1_505' title='bbox 586 4557 699 4638; x_wconf 85' lang='lat' dir='ltr'><strong>judicie</strong></span> <span class='ocrx_word' id='word_1_506' title='bbox 713 4577 775 4636; x_wconf 89' lang='lat' dir='ltr'><strong>sne,</strong></span> <span class='ocrx_word' id='word_1_507' title='bbox 789 4573 847 4616; x_wconf 91' lang='lat' dir='ltr'><strong>non</strong></span> <span class='ocrx_word' id='word_1_508' title='bbox 862 4556 923 4616; x_wconf 87' lang='lat' dir='ltr'><strong>sine</strong></span> <span class='ocrx_word' id='word_1_509' title='bbox 937 4553 1047 4615; x_wconf 73' lang='lat' dir='ltr'><strong>ratione</strong></span> <span class='ocrx_word' id='word_1_510' title='bbox 1061 4551 1169 4615; x_wconf 74' lang='lat' dir='ltr'><strong>efficaci</strong></span> <span class='ocrx_word' id='word_1_511' title='bbox 1184 4549 1240 4614; x_wconf 83' lang='lat' dir='ltr'><strong>Dei</strong></span> <span class='ocrx_word' id='word_1_512' title='bbox 1260 4551 1357 4632; x_wconf 84' lang='lat' dir='ltr'><strong>provi·</strong></span> 
     </span>
     <span class='ocr_line' id='line_1_52' title="bbox 145 4639 701 4703; baseline -0.005 -2"><span class='ocrx_word' id='word_1_513' title='bbox 145 4641 255 4703; x_wconf 73' lang='lat' dir='ltr'><strong>dentice</strong></span> <span class='ocrx_word' id='word_1_514' title='bbox 269 4661 369 4702; x_wconf 89' lang='lat' dir='ltr'><strong>eorum</strong></span> <span class='ocrx_word' id='word_1_515' title='bbox 384 4640 513 4702; x_wconf 73' lang='lat' dir='ltr'><strong>actiones</strong></span> <span class='ocrx_word' id='word_1_516' title='bbox 527 4639 701 4701; x_wconf 86' lang='lat' dir='ltr'><strong>tribuuntur.</strong></span> 
     </span>
    </p>
   </div>
   <div class='ocr_carea' id='block_1_7' title="bbox 0 0 1617 5174">
    <p class='ocr_par' dir='ltr' id='par_1_9' title="bbox 0 0 1617 5174">
     <span class='ocr_line' id='line_1_53' title="bbox 0 0 1617 5174; baseline 0 0"><span class='ocrx_word' id='word_1_517' title='bbox 0 0 1617 5174; x_wconf 95' lang='lat' dir='ltr'><strong> </strong></span> 
     </span>
    </p>
   </div>
  </div>
 </body>
</html>
