3160 5194
251 341 294 386 xx
628 338 795 386 EPISTULA
815 299 1065 387 DEDlChTOlllh.

254 498 417 574 edificant,
442 499 481 560 ad
496 517 614 563 sacram
635 499 734 564 Verbi
755 501 941 582 Cynosuram
962 501 1068 566 omnia
1087 519 1156 565 mea
1176 517 1397 580 componerem,
1415 505 1451 561 et

255 616 349 659 sacrae
374 595 442 660 Deo
461 595 626 661 «iuuentuti
648 607 756 680 λογικὸν
781 601 878 662 ἄδολον
903 607 987 682 γάλα
1004 599 1209 680 propinarem,
1230 619 1291 678 quo
1312 597 1345 660 in
1367 596 1450 660 ueri-

254 701 322 756 tate
351 713 419 772 quae
452 696 618 758 secundum
641 696 790 777 pietatem
820 705 869 761 est
892 697 1029 778 quotidie
1061 698 1218 777 prolicere,
1250 701 1283 759 et
1304 696 1345 757 ad
1369 713 1450 774 opus
1565 695 1566 778 Ῠ

253 791 419 854 ministerii
449 811 515 856 sese
548 813 659 873 parare
680 804 795 875 posset.
856 795 904 858 Eo
934 795 1064 876 respicit
1090 795 1245 874 Scriptum
1267 794 1336 868 hoc,
1359 792 1451 871 cujus

253 888 356 969 prima
371 909 444 969 pars
462 890 494 953 in
513 891 612 956 lucem
629 893 744 973 prodit,
766 894 846 973 quod
866 892 995 973 priuatis
1014 892 1171 974 Turonum
1188 898 1364 956 nostrorum
1382 889 1452 952 usi-

255 987 315 1050 bus
329 987 428 1066 primo
450 987 646 1066 destinatum,
671 997 704 1054 et
725 991 794 1054 rudi
817 990 961 1072 penicillo
980 991 1207 1066 adumbratum,
1231 987 1347 1068 publici
1365 986 1451 1067 juris
1566 1003 1567 1044 ι

256 1086 366 1160 facere,
392 1105 454 1149 non
470 1092 535 1149 tam
557 1095 667 1168 sponte
686 1089 830 1165 adducor,
851 1108 943 1169 quam
963 1088 1185 1168 quodammodo
1207 1106 1309 1168 cogor,
1332 1084 1451 1150 crebris

258 1189 291 1245 et
326 1182 448 1247 iteratis
476 1205 581 1248 eorum
610 1186 852 1267 flagitationibus
882 1187 1108 1261 satisfacturus,
1142 1187 1194 1265 qui
1221 1183 1344 1264 aliquod
1377 1183 1450 1246 inde

259 1281 447 1344 commodum
476 1303 666 1348 accessurum
697 1290 849 1364 putarunt
882 1284 1045 1348 Sacrorum
1065 1283 1190 1364 Mystis,
1212 1283 1252 1344 nd
1282 1280 1451 1346 faciliorem

258 1376 551 1462 Controuersiarum,
580 1401 648 1461 quae
667 1382 757 1446 uobis
780 1403 849 1446 oum
871 1382 1070 1446 Adversariis
1100 1381 1308 1462 intercedunt,
1335 1378 1449 1442 enoda·
1567 1409 1568 1458 p

257 1473 382 1540 tionem.
434 1477 488 1542 An
509 1497 579 1558 spes
599 1479 735 1559 ipsorum
755 1487 827 1542 ruta
853 1481 967 1543 debeat
988 1499 1066 1560 esse,
1089 1487 1217 1544 euentus
1235 1497 1291 1542 suo
1310 1484 1451 1556 tempore
1567 1515 1568 1526 ι

258 1592 328 1637 cum
348 1575 430 1638 bono
450 1574 520 1639 Deo
542 1595 597 1639 nos
617 1575 749 1642 docebit.

265 1722 269 1730 .
319 1671 450 1736 Interim
477 1676 535 1737 hoc
557 1673 702 1754 quicquid
725 1682 773 1738 est
797 1673 920 1755 Operis,
942 1674 1029 1738 Vnst
1054 1675 1284 1757 Aururssrrnr,
1310 1671 1397 1738 N.N.
1417 1679 1453 1736 et

258 1769 456 1836 A.A.1>.1›.
480 1769 575 1848 V.V.,
600 1789 664 1861 qua
695 1791 821 1852 possum
847 1773 1048 1838 submissione
1075 1775 1186 1838 offerre
1216 1780 1249 1836 et
1274 1789 1452 1850 nuncupare
1568 1799 1569 1830 ι

258 1866 414 1932 constitui.
477 1869 568 1934 Licet
589 1869 670 1934 enim
692 1891 753 1934 non
774 1891 883 1950 parum
908 1891 1021 1952 anceps
1042 1871 1194 1953 haeserim,
1218 1891 1258 1934 an
1282 1891 1352 1934 cum
1374 1867 1451 1930 leui-

259 1965 345 2030 densi
368 1967 427 2030 hoc
451 1988 576 2032 munere
597 1969 637 2032 ad
660 1967 726 2032 Vos
758 1969 903 2036 accedere
938 1971 1102 2044 deberem;
1140 1991 1197 2034 nee
1228 1970 1371 2032 deessent
1400 1984 1453 2027 ra-

258 2065 358 2128 tiones
383 2067 487 2148 uariae,
512 2087 579 2146 quae
603 2089 622 2130 a
644 2067 804 2148 proposito
825 2089 874 2132 me
904 2069 1060 2133 deterrere
1085 2072 1249 2146 poterant:
1275 2064 1378 2127 effecit
1401 2070 1452 2124 ta

258 2183 328 2226 meu
343 2163 545 2242 benignitatis
568 2171 678 2228 uestra
701 2165 869 2243 persuasio,
893 2172 926 2226 et
947 2164 1037 2226 officii
1059 2164 1119 2225 mei
1142 2163 1234 2240 ratio,
1257 2167 1294 2222 ut
1318 2179 1454 2224 excusso
1569 2225 1570 2228 ,

258 2259 340 2321 omni
370 2267 455 2320 metu
479 2279 540 2322 nen
566 2259 770 2322 dubitaverim
792 2260 953 2338 splendida
975 2258 1092 2322 Vestra
1110 2257 1245 2320 Nomina
1259 2255 1332 2319 huie
1354 2254 1455 2335 Operi

259 2373 327 2416 meo
350 2355 613 2434 praescriberent
629 2355 686 2418 sub
707 2355 853 2434 auspiciis
873 2355 984 2420 uestris
1010 2355 1128 2419 felicius
1149 2361 1182 2419 et
1204 2354 1304 2418 tutius
1325 2353 1452 2433 inpub-

257 2451 350 2515 licum
370 2451 519 2532 prodiret,
544 2451 726 2534 Persuasus,
751 2473 812 2516 non
839 2453 994 2535 ingratum
1012 2455 1080 2516 fore
1103 2451 1203 2517 Vobis
1225 2460 1454 2535 argumentum,

258 2548 340 2630 quod
373 2548 522 2612 doctriua
547 2548 691 2614 salutaris
717 2551 865 2616 uindicias
894 2551 1043 2632 continet,
1072 2551 1233 2632 quanihil
1255 2558 1452 2633 potestesse

257 2647 290 2710 in
314 2667 347 2710 se
367 2646 536 2724 sublimius,
552 2648 629 2710 nihil
649 2648 738 2713 nobis
772 2648 867 2714 debet
891 2669 958 2714 esse
986 2649 1107 2723 carius;
1145 2647 1214 2714 Nec
1243 2649 1452 2730 patrocinium
1570 2695 1571 2706 ,

257 2753 395 2808 uestrum
415 2745 618 2826 denegaturos
642 2747 715 2810 huia
733 2747 849 2828 opella,
871 2769 938 2827 quae
959 2768 1019 2812 non
1046 2746 1109 2811 alio
1129 2747 1276 2827 collimat,
1298 2767 1388 2827 quam
1411 2747 1451 2810 ad

259 2861 383 2906 cauam
407 2842 477 2919 Dei,
501 2849 534 2908 et
556 2842 710 2908 coelestem
732 2844 919 2928 Veritatem,
946 2846 1033 2925 cujus
1060 2844 1128 2909 Vos
1151 2847 1325 2910 defensores
1341 2845 1449 2926 uoluit,

257 2941 404 3006 aduersus
426 2962 507 3005 uana
523 2942 679 3006 hominum
701 2951 874 3008 commenta
893 2943 1097 3008 asserendam.
1149 2943 1243 3006 Adde
1266 2941 1348 3023 quod
1372 2943 1449 3007 nihil

253 3039 369 3120 justius
393 3040 464 3123 fuit,
489 3061 581 3121 quam
607 3043 727 3106 fructus
749 3043 853 3122 hosce,
876 3039 950 3106 licet
969 3049 1090 3122 tenues,
1121 3042 1293 3106 studiorum
1317 3060 1451 3104 meorum

257 3147 377 3204 uestros
405 3141 513 3215 facere,
539 3139 591 3220 qui
615 3140 684 3221 ipse
706 3141 779 3221 jure
802 3139 898 3204 uestri
923 3140 990 3219 jam
1017 3144 1118 3219 erent,
1152 3145 1261 3220 utpote
1291 3138 1324 3200 in
1355 3139 1451 3202 fundo

259 3244 364 3300 uestro
388 3237 455 3299 uati
478 3245 511 3301 et
536 3237 630 3311 culti;
655 3244 692 3301 ut
713 3259 824 3318 meam,
850 3238 876 3301 si
897 3258 957 3301 non
980 3237 1195 3318 eruditionem,
1219 3235 1326 3300 saltem
1350 3237 1451 3299 tideli-

259 3340 358 3398 tatem
384 3333 416 3395 in
439 3333 579 3397 obeundo
608 3355 734 3398 munere
763 3337 839 3398 mihi
869 3335 1042 3415 commisso,
1067 3335 1117 3398 uel
1142 3355 1182 3399 ex
1204 3335 1261 3398 hoc
1286 3332 1449 3414 specimine

260 3430 359 3495 Vobis
383 3435 557 3510 probarem.
621 3431 690 3495 Nee
716 3431 781 3496 sine
804 3441 971 3518 ἀχαριστίας
996 3433 1123 3498 cumina
1147 3432 1207 3496 alio
1228 3451 1277 3496 me
1300 3431 1451 3511 respicere

258 3529 439 3612 patiebatur
464 3529 629 3609 singularis
648 3529 703 3593 illa
735 3531 958 3612 benevolentia,
988 3551 1079 3612 quam
1109 3529 1227 3594 familia
1247 3535 1355 3592 nostra
1384 3535 1455 3592 tota

260 3646 381 3707 semper
405 3648 425 3690 a
446 3627 547 3690 Vobis
576 3634 707 3707 experta
739 3635 798 3708 est,
828 3649 868 3692 ex
898 3649 958 3708 quo
986 3628 1141 3707 piissimus
1168 3636 1201 3691 et
1234 3627 1452 3708 integerrimus

259 3723 320 3789 Vir
339 3725 533 3788 araneam
562 3725 764 3790 Tarretta‘naa
784 3727 873 3789 Auus
896 3745 982 3789 meus
1004 3727 1034 3788 b.
1052 3747 1093 3791 m.
1115 3732 1188 3789 ante
1212 3731 1334 3789 centum
1359 3723 1454 3788 circi-

258 3833 309 3890 ter
332 3843 429 3886 annos
445 3843 485 3886 ex
510 3822 644 3886 Ciuitate
669 3822 813 3904 Lucensi,
831 3823 949 3887 relictis
970 3825 1111 3887 omuibus
1135 3823 1246 3902 patriae
1269 3820 1453 3885 dulcissime

257 3921 436 4004 commodis,
465 3922 525 3986 huc
553 3920 716 4003 concessit,
748 3929 855 3986 sancto
881 3921 1037 4001 puriorem
1068 3920 1260 4000 Religionem
1287 3919 1453 3998 profitendi

258 4022 324 4084 nelo
350 4020 510 4102 impulsus,
537 4019 589 4084 ubi
616 4021 672 4083 sub
700 4018 893 4099 Amplissimi
917 4017 1049 4080 Senatus
1072 4016 1266 4096 protectione
1291 4035 1361 4078 cum
1389 4017 1459 4080 suis

258 4117 361 4179 sedem
392 4119 473 4201 lixit,
503 4117 704 4198 optatissima
729 4115 807 4180 lucis
842 4113 1035 4194 Euangeliou
1070 4131 1165 4176 usura
1198 4113 1346 4193 gaudens,
1383 4134 1454 4177 cum

258 4211 465 4290 compluribus
485 4215 574 4278 Itala
590 4213 691 4295 gentis
714 4211 895 4294 propinquis
912 4219 945 4274 et
965 4211 1117 4290 affinibus,
1142 4209 1271 4290 aliisque
1297 4209 1357 4289 piis
1378 4211 1454 4272 uiris

259 4327 333 4387 quos
349 4306 504 4372 Veritatis
526 4329 623 4390 amor,
640 4317 672 4374 et
698 4311 814 4374 Christi
835 4309 1004 4382 stellulae
1021 4306 1213 4382 adduxerat3
1238 4306 1291 4370 ubi
1310 4307 1349 4368 ab
1370 4325 1453 4369 anno

261 4403 355 4466 1552
383 4405 525 4469 Ecclesia
549 4405 661 4470 Italica
691 4407 793 4472 studio
830 4405 981 4469 Johannis
1006 4403 1137 4483 Caluini,
1161 4405 1218 4468 sub
1243 4401 1388 4482 praesidio
1417 4409 1451 4462 et

258 4501 449 4565 authoritate
481 4502 649 4565 Christiani
680 4504 883 4586 Magistratus
911 4501 1082 4566 constituta
1106 4513 1166 4580 est,
1189 4517 1256 4577 qua
1283 4495 1451 4559 etiamnum

256 4597 348 4662 hodie
374 4599 522 4680 singulari
537 4600 596 4664 Dei
618 4602 731 4683 gratio,
748 4603 806 4666 sub
822 4607 926 4664 uestro
941 4598 1114 4679 patrocinio
1130 4599 1337 4658 conseruntur.
1388 4592 1452 4656 Cu-
