3044 5180
259 333 318 391 248
744 344 984 388 uocusrssrms.
1224 323 1440 406 [oomnrxrn.

260 490 327 550 dom
341 489 470 550 adhibita
484 489 588 567 suerit3
610 487 689 568 quod
702 508 740 548 ex
754 507 789 547 eo
802 486 957 566 colligitur,
971 484 1052 564 qnod
1064 485 1126 544 hec
1145 485 1314 546 accinuntm
1326 485 1346 546 J
1347 486 1441 564 ahorn,

261 573 344 649 cujus
358 571 455 648 plures
469 590 533 630 esse
546 579 684 648 personas
697 569 746 628 vel
759 569 840 626 illinc
863 567 1000 641 innuitur,
1015 586 1075 626 non
1089 566 1183 626 solnm
1196 567 1275 644 qnod
1288 566 1369 642 dieat,
1381 588 1407 626 v.
1418 571 1441 626 8.

264 652 334 720 Quis
346 651 396 710 itit
407 651 492 727 nobb,
508 649 560 709 sed
573 659 603 709 et
616 649 695 728 quod
714 648 881 708 mandatum
895 646 938 705 ibi
957 645 1065 704 factum
1086 666 1144 704 non
1158 645 1246 705 modo
1261 647 1339 704 Patn'
1351 647 1385 706 sit
1401 649 1441 706 tri·

261 730 416 808 bueudum,
427 730 478 790 sed
493 730 579 790 etiam
589 730 666 788 Filio
679 739 709 790 et
724 728 845 806 Spiritui
857 727 886 788 S.
902 747 940 786 ax
950 726 1035 786 oolla.
1046 727 1096 787 Jo.
1107 726 1158 785 xii.
1173 729 1223 803 41,
1239 735 1269 786 et
1282 726 1347 786 Act.
1356 727 1443 786 xxviii.

261 813 308 888 25,
323 810 374 870 nbi
388 831 452 888 quse
465 811 513 870 hic
527 809 662 870 dicuntur
682 809 719 868 de
739 809 864 885 Jehova,
879 806 1046 867 tribuuntur
1066 806 1142 866 Filio
1167 815 1197 866 et
1213 806 1332 886 Spiritui
1346 807 1443 882 Sancb,

261 891 312 968 qni
324 911 376 968 per
389 911 569 968 consequens
582 889 729 968 designari
742 887 944 966 intelliguntur
957 886 988 945 in
1006 887 1063 946 isto
1075 886 1220 965 Trisagio.
1263 887 1378 946 Fnsstra
1388 907 1444 946 raro

266 971 405 1030 Vodceliua
418 979 620 1050 argumentum
635 971 791 1048 infringere
805 976 926 1028 conatur
945 987 984 1026 ex
996 966 1069 1027 locis
1090 967 1158 1042 illis,
1173 967 1227 1026 ubi
1246 967 1322 1026 trina
1341 967 1444 1026 habetur

261 1050 402 1129 repetitio,
418 1059 451 1110 ut
464 1052 527 1112 Jer.
541 1051 635 1110 xxvii.
649 1054 678 1127 4,
695 1059 724 1110 et
738 1050 810 1108 xxii.
826 1051 853 1124 9,
870 1047 977 1107 Erech.
992 1048 1054 1106 xxi.
1072 1050 1120 1123 32,
1135 1047 1207 1126 quis
1224 1067 1284 1106 non
1298 1046 1445 1126 simpliciter

261 1131 418 1207 annititur,
435 1131 486 1190 sed
500 1151 536 1191 ea
546 1131 648 1210 juncta
662 1151 727 1190 cnm
741 1129 806 1189 aliis
820 1129 932 1188 Textus
946 1127 1179 1187 circumstantiis.

302 1211 381 1271 XII.
404 1211 519 1287 Quinto,
535 1231 569 1271 eo
582 1210 732 1270 referenda
746 1218 813 1269 sunt
833 1209 899 1267 loca
911 1207 971 1284 ills,
987 1228 1025 1266 ex
1045 1207 1152 1285 quibus
1174 1207 1323 1266 Divinitas
1341 1206 1403 1265 Filii
1423 1215 1446 1265 et

262 1291 388 1369 Spiritus
413 1292 444 1351 S.
465 1290 662 1367 assentando
682 1291 787 1368 quibus
807 1290 839 1348 in
858 1287 1046 1367 sequentibus
1066 1287 1215 1366 agendum
1236 1288 1298 1364 erit,
1319 1307 1399 1365 quun
1416 1286 1444 1344 de

261 1389 360 1432 eorum
389 1371 550 1431 Divinitate
577 1371 779 1450 disputabitur,
801 1389 866 1448 qus
886 1368 998 1428 nullam
1018 1367 1079 1426 vim
1098 1368 1243 1428 haberent
1262 1368 1320 1427 nisi
1337 1367 1445 1426 Trinitas

263 1451 456 1512 Personarum
469 1453 500 1510 in
512 1450 623 1512 unitate
638 1450 779 1511 Essentiae
790 1450 853 1528 jam
866 1456 1022 1527 connotata
1035 1447 1147 1508 fuisset.

303 1530 399 1591 XIII.
422 1533 521 1608 Sexto,
537 1551 602 1591 eum
616 1550 674 1589 non
688 1530 762 1590 alius
776 1529 815 1590 sit
828 1529 866 1589 V.
881 1529 956 1588 aliun
970 1528 1007 1588 N.
1021 1528 1057 1588 T.
1081 1529 1173 1604 Deus,
1189 1536 1223 1588 nt
1236 1526 1405 1586 Marcionita
1421 1533 1444 1584 ct

262 1611 421 1671 Manichaei
434 1612 503 1671 olim
516 1610 673 1690 fingebant,
696 1610 747 1670 sed
761 1630 836 1670 unus
856 1609 990 1688 idemque
1011 1608 1166 1686 utrobique
1186 1607 1339 1682 revelatus,
1359 1615 1388 1666 ut
1405 1605 1443 1663 ob-

258 1692 369 1770 jectum
384 1693 478 1752 solum
491 1691 560 1752 fidei
573 1699 603 1752 et
617 1691 728 1768 cultus;
751 1691 791 1750 Et
805 1691 859 1750 sub
874 1689 911 1749 N.
926 1690 960 1749 T.
976 1709 1007 1748 se
1021 1709 1111 1748 unum
1134 1687 1274 1748 Essentia
1295 1694 1324 1746 et
1346 1685 1443 1746 Trinnn

264 1771 400 1832 Personis
413 1773 567 1850 revelarit;
590 1771 715 1832 Necesse
729 1780 775 1831 est
786 1777 820 1831 ut
833 1771 855 1831 J
856 1770 948 1830 udoeis
960 1777 994 1828 ut
1006 1769 1074 1828 talis
1088 1769 1126 1829 sit
1140 1769 1296 1844 revelatus,
1321 1775 1349 1827 et
1367 1767 1399 1825 ab
1417 1765 1444 1822 iis

262 1853 378 1930 agnitus
392 1861 422 1912 et
435 1853 547 1930 cultum
562 1851 634 1911 alias
647 1871 749 1911 verum
759 1851 862 1926 Deum,
874 1850 925 1928 qni
938 1869 997 1908 non
1005 1849 1080 1910 alius
1094 1856 1139 1908 est
1153 1869 1243 1927 quam
1255 1847 1345 1923 Pater,
1359 1846 1441 1916 Pilius,

262 1940 300 2072 {te
307 1932 431 2073 Spliriltus
447 1933 477 1993 S.
491 1953 550 1992 non
564 1931 729 2010 coluissent,
744 1932 813 2011 quia
826 1931 877 2011 qui
891 1929 999 1990 Filium
1014 1929 1186 2008 nonhabet,
1201 1949 1256 1988 nee
1277 1929 1384 1988 Patrem
1403 1926 1442 1983 hs-

292 2073 302 2084 ,
394 2035 420 2074 o.
435 2012 466 2074 ii.
480 2017 529 2074 23.

300 2022 395 2154 tlIIV.
417 2094 559 2173 Denique,
576 2093 601 2153 si
614 2093 741 2151 Trinitas
754 2111 813 2151 non
826 2090 955 2151 revelata
968 2089 1022 2150 fuit
1035 2088 1066 2147 in
1080 2089 1119 2149 V.
1134 2089 1183 2166 T.,
1198 2106 1344 2168 perperam
1357 2084 1442 2146 Ortho-
1503 2141 1504 2152 ,

263 2172 335 2232 doxi
348 2173 487 2233 hactenus
500 2182 559 2232 tam
573 2181 687 2232 veteres
701 2192 787 2250 quam
801 2171 982 2245 recentiores,
998 2189 1060 2230 eam
1075 2189 1112 2229 ex
1126 2169 1167 2229 V.
1194 2169 1229 2228 T.
1251 2167 1366 2246 probare
1386 2172 1443 2222 sate·

262 2261 375 2328 gerunt,
390 2251 469 2329 quod
483 2253 544 2312 sina
559 2253 642 2330 gravi
662 2252 769 2329 injuria
789 2260 833 2312 tot
846 2251 927 2310 Viris
947 2250 1061 2328 magnis
1080 2258 1110 2309 et
1130 2249 1272 2308 fidelibus
1293 2247 1344 2306 Dei
1364 2241 1443 2304 Servis

262 2329 384 2407 impingi
397 2331 507 2408 nequit.
549 2331 610 2389 Nec
624 2330 682 2389 dici
695 2330 782 2390 debet
795 2330 851 2389 hoc
864 2351 918 2390 nos
932 2351 1018 2408 posse
1032 2329 1149 2407 quidem
1162 2350 1208 2389 ex
1219 2329 1256 2388 V.
1271 2327 1304 2386 T.
1317 2345 1386 2384 nunc
1397 2322 1443 2381 col·

261 2410 352 2486 ligere
373 2410 504 2469 adhibito
525 2410 680 2486 Evangelii
703 2409 832 2470 lumine:
863 2409 994 2469 sednon
1014 2409 1143 2488 potuisse
1163 2409 1277 2488 pariter
1295 2427 1313 2466 a
1332 2403 1444 2464 Patribus

261 2488 333 2548 fieri.
375 2488 514 2564 Quamvis
528 2489 605 2548 enim
618 2489 759 2548 fateamur
773 2489 810 2549 N.
825 2489 859 2549 T.
873 2489 969 2548 lucem
982 2490 1068 2549 nobis
1081 2509 1139 2549 non
1153 2509 1261 2568 parum
1279 2485 1403 2546 inservire
1415 2479 1443 2539 ad

261 2567 461 2628 illustrandam
474 2576 606 2627 veterum
615 2568 804 2628 Oreculorum
818 2568 1022 2629 obscuritatem
1035 2593 1041 2646 ;
1058 2569 1159 2648 negari
1172 2577 1274 2629 tamen
1288 2587 1342 2626 non
1355 2569 1439 2643 potest,

263 2648 358 2707 Deum
372 2649 422 2726 qui
435 2667 470 2707 ea
490 2648 626 2708 Patribus
647 2648 776 2708 revelare
797 2648 973 2727 dignabatur
994 2650 1032 2710 ad
1053 2651 1181 2728 ipsorum
1210 2647 1403 2708 institutionem
1420 2647 1442 2699 et

262 2727 405 2804 solatium,
421 2749 456 2788 ea
469 2735 674 2806 attemperassa
688 2728 804 2788 illorum
818 2729 923 2808 captui,
938 2737 971 2789 ut
984 2739 1103 2809 possent
1117 2729 1228 2790 exinde
1240 2729 1276 2788 de
1289 2729 1341 2785 hoc
1351 2725 1441 2801 Mysta-

260 2807 304 2902 rio
310 2807 440 2902 edoceri,
455 2815 595 2902 qnantum
609 2828 728 2869 neeesse
742 2808 797 2870 luit
814 2809 853 2869 ad
872 2810 1001 2888 ipsorum
1022 2811 1162 2887 salutem;
1183 2811 1260 2869 alias
1279 2807 1377 2866 snrstra
1393 2803 1441 2861 hat

262 2889 481 3028 lpsVVdviiibtdt
490 2888 627 3029 1111111111
638 2968 739 3029 Judrei
758 2969 814 3029 hoc
835 2970 1009 3046 Mysterium
1029 2969 1123 3030 nolint
1143 2986 1320 3047 agnoscere;
1339 2982 1390 3022 non
1406 2979 1440 3018 se·

261 3049 361 3128 quitur
373 3049 553 3128 incognitum
567 3049 656 3110 firisse
670 3049 724 3109 sub
739 3049 841 3110 Veteri
853 3051 1047 3126 Testamento,
1062 3069 1121 3108 non
1135 3051 1233 3126 magis
1245 3067 1328 3128 quam
1341 3044 1391 3102 alia
1401 3059 1439 3096 va·

260 3121 1440 3288 1111111111111111111111111.1.·,ἲέ1..1”111.”1.1111

262 3290 386 3366 subjecti
400 3292 560 3350 mensurari
574 3290 668 3366 debet,
685 3291 736 3350 sed
750 3311 788 3350 ex
801 3291 977 3350 revelatione
991 3289 1067 3349 facta
1080 3290 1111 3348 in
1125 3288 1237 3349 Verbo.
1278 3285 1359 3346 Adde
1377 3275 1439 3357 quod
1503 3281 1504 3298 .

261 3367 395 3426 hodierni
410 3369 509 3428 Judsei
522 3369 621 3428 velum
635 3369 845 3430 incredulitatis
858 3371 889 3429 in
902 3369 988 3429 corde
1002 3377 1144 3448 gerentes,
1159 3378 1189 3429 et
1204 3369 1272 3428 odio
1284 3362 1384 3426 nefario
1395 3374 1440 3435 qut
1503 3365 1504 3416 ἶ

262 3447 402 3506 Messinm
415 3457 546 3507 nostrum
559 3459 773 3526 prosequuntur
780 3451 921 3526 fascinati,
934 3457 1035 3528 sponte
1044 3449 1197 3509 caecutiant
1212 3448 1250 3508 ad
1264 3449 1345 3507 istam
1356 3441 1439 3508 lucem,

261 3545 347 3603 quam
372 3535 486 3586 veteres
507 3527 608 3587 fideles
630 3528 713 3589 nullo
733 3531 902 3610 praejudicio
922 3529 1062 3591 excaecati
1082 3549 1136 3608 ope
1159 3529 1285 3609 Spiritus
1306 3525 1334 3586 S.
1353 3531 1439 3596 magno
1503 3587 1504 3604 ,

262 3625 327 3666 cum
342 3606 446 3668 solatio
460 3607 737 3688 contemplabantur.
1503 3625 1504 3638 .

685 3850 879 3927 oumsrro
901 3848 1043 3908 xxvii.

294 4009 341 4066 Aa
354 4009 488 4068 Personae
501 4009 615 4069 Dioiooe
627 4010 836 4088 dbtinyuantrr
849 4010 885 4069 ab
899 4009 1038 4084 Essentrb,
1051 4016 1078 4068 et
1091 4008 1163 4067 inter
1175 4027 1214 4084 se,
1229 4015 1255 4066 et
1267 3994 1413 4084 prom!

277 4205 386 4251 Person·
417 4207 501 4252 dunin·
564 4169 589 4230 1.
611 4167 733 4229 Asserta
748 4169 939 4229 Personarum
954 4167 1125 4227 Divinarum
1139 4167 1278 4226 Trinitate
1286 4186 1294 4240 ;
1319 4160 1393 4219 Nunc
1410 4149 1438 4207 de

304 4269 412 4321 puseus
425 4267 505 4312 abus
526 4269 625 4309 earnm
641 4250 821 4326 dbtinctione,
846 4257 908 4309 tum
930 4248 968 4307 ab
990 4248 1126 4306 Essentio
1146 4247 1218 4326 ipsa,
1242 4255 1301 4305 turn
1322 4241 1389 4298 inter
1405 4249 1437 4321 ⁸52

305 4322 391 4366 sensia.
523 4328 678 4406 agendum.
733 4330 876 4389 Personas
897 4328 934 4387 ab
956 4328 1092 4388 Essentia
1116 4327 1256 4404 distingui
1278 4326 1359 4401 patet
1382 4327 1437 4388 (11¹¹l

262 4403 397 4465 Essentia
411 4417 455 4467 est
468 4408 562 4486 unica,
579 4409 713 4468 Personae
727 4429 797 4468 vero
810 4417 889 4469 tres:
911 4409 968 4466 Illa
981 4407 1130 4484 absoluta,
1154 4407 1223 4466 Istae
1236 4402 1371 4464 relative:
1390 4387 1435 4447 lllt

260 4487 515 4576 communicabilis,
531 4509 589 4548 non
611 4489 728 4567 quidem
750 4489 907 4548 secundum
927 4487 1204 4565 multiplicationem,
1229 4483 1278 4544 sed
1300 4469 1433 4540 seeundum

260 4559 458 4642 nlentrtatem3
482 4568 550 4628 Iane
563 4568 868 4628 incommunicabiles:
891 4567 947 4626 illa
960 4575 1005 4628 est
1018 4567 1089 4646 quid
1102 4567 1206 4642 letius,
1229 4566 1293 4625 Istae
1313 4573 1374 4615 vero
1392 4549 1431 4605 ht·
1503 4595 1504 4616 2

260 4635 330 4696 bent
344 4659 375 4698 se
389 4652 421 4703 ut
435 4647 505 4722 quid
519 4647 689 4726 angustius:
712 4649 794 4710 Licet
808 4649 884 4708 enim
900 4647 1034 4708 Essentia
1048 4647 1086 4706 sit
1107 4645 1256 4723 adaquata
1275 4638 1358 4700 tribus
1377 4628 1432 4686 Per·
