3158 5180
256 325 316 380 424
750 337 841 380 uticus
855 337 991 390 ournrns.
1261 315 1389 400 [ounsr.
1405 339 1459 380 nn.

254 488 359 540 natura
380 487 522 558 corrupta,
544 479 707 540 necessaria
720 488 817 540 tamen
831 479 933 539 nisset
945 478 984 539 ad
996 477 1075 538 illius
1088 477 1358 557 multiplicationem
1373 479 1462 557 juxte

255 561 423 637 primevam
443 559 681 635 benedictionem,
705 560 811 619 Genea.
829 561 848 619 i.
863 563 912 618 28.
954 559 1037 618 Idem
1058 558 1116 616 dici
1137 559 1223 618 debet
1241 557 1278 618 de
1299 559 1461 618 necessitate
1560 561 1561 630 l

254 641 307 698 nti
319 650 346 698 et
353 649 447 716 potres,
462 660 527 717 quse
539 639 635 698 locum
649 659 708 699 non
722 641 856 700 habitura
869 639 957 699 estin
975 638 1189 697 immortalitate
1209 637 1320 715 gloriae,
1336 640 1389 698 sed
1409 641 1460 698 ba·

255 721 351 779 bitura
370 719 472 779 fnisset
492 720 523 777 in
544 719 759 780 immortalitate
780 731 897 794 naturae,
913 738 1000 796 quam
1015 718 1095 778 Deus
1117 737 1176 776 non
1197 737 1353 796 procurare
1366 719 1462 780 volrrit

254 798 427 874 immediate,
444 799 496 858 sed
509 799 674 859 interventu
688 800 817 860 ciborum
832 799 870 858 ad
882 799 951 857 vitre
965 797 1099 856 animalis
1113 798 1362 858 sustentationem
1398 799 1461 858 Nec

254 879 280 938 si
293 887 395 938 venter
415 898 481 937 cum
502 879 576 938 cibis
596 878 702 943 dicitur
722 878 889 952 abolendus,
906 881 921 936 1
939 877 1004 936 Cor.
1019 878 1058 936 vi.
1076 880 1122 952 13,
1143 879 1199 936 hoc
1219 878 1335 956 proprie
1349 889 1463 956 spectat

254 959 401 1018 Adamum
421 958 481 1018 inte
599 959 651 1018 sed
673 960 804 1018 homines
825 966 891 1036 post
910 958 1032 1035 lapsum,
1054 976 1108 1016 nec
1121 965 1181 1016 tam
1195 967 1329 1035 respectu
1349 967 1462 1018 naturae
1561 985 1562 1016 ;

253 1039 308 1098 hoc
322 1039 474 1116 intelligcn
495 1059 553 1114 um,
569 1059 635 1097 cum
649 1039 735 1098 homo
748 1047 827 1098 totns
842 1039 880 1097 sit
889 1046 1110 1114 resurrecturus,
1125 1057 1212 1114 quam
1225 1047 1360 1116 respectu
1375 1037 1462 1098 officii

252 1117 372 1193 ventris,
387 1128 417 1178 et
430 1119 611 1178 necessitatis
625 1119 763 1193 ciborum,
779 1139 844 1196 quae
858 1125 1004 1178 cessatura
1017 1125 1070 1176 est.

295 1197 354 1256 IX.
377 1197 460 1256 Licet
480 1217 584 1275 corpus
598 1197 707 1256 Adami
727 1198 838 1275 origine
853 1206 930 1256 esset
943 1205 1097 1271 terrenum,
1112 1206 1141 1256 et
1155 1205 1188 1256 ut
1201 1197 1404 1274 compositum,
1419 1198 1462 1256 sie
1562 1247 1563 1270 ,

253 1277 340 1336 etiarn
354 1277 510 1337 resolubile
531 1297 583 1355 per
596 1278 723 1337 materia
744 1277 979 1352 imbecillitatem,
1001 1276 1096 1354 potuit
1109 1284 1205 1335 tamen
1219 1296 1283 1336 esse
1297 1277 1462 1338 immortale

251 1377 304 1435 per
318 1357 467 1434 originalis
480 1358 602 1436 justitiae
617 1357 797 1434 dignitatem,
813 1367 842 1418 et
856 1356 990 1434 specialis
1005 1355 1060 1415 Dei
1074 1355 1174 1433 gratita
1188 1355 1337 1416 virtutem.
1380 1357 1460 1416 Ade-

252 1445 317 1496 rant
339 1437 456 1514 quidem
480 1457 575 1496 causae
599 1439 700 1496 mortis
723 1446 839 1497 remotae
867 1437 899 1495 in
925 1435 1045 1495 materia
1066 1436 1254 1513 corruptibili,
1278 1445 1308 1494 et
1331 1437 1461 1498 mixture

252 1516 427 1592 elementari,
437 1525 555 1593 eratque
570 1537 673 1594 corpus
684 1517 748 1594 ejus
758 1517 845 1576 ustile
856 1525 885 1576 et
895 1515 1089 1592 vulnerabile,
1104 1515 1155 1574 sed
1168 1517 1302 1592 proxima
1311 1536 1371 1575 nou
1382 1517 1462 1591 data,
1563 1591 1564 1594 Ἴ

253 1615 318 1673 quae
332 1596 387 1656 fuit
399 1605 558 1673 peccatum,
574 1615 722 1674 nunquam
736 1596 794 1656 iltae
808 1599 839 1655 in
852 1605 948 1656 actum
963 1595 1047 1654 educi
1060 1595 1230 1673 potuissent.
1274 1595 1351 1654 Nam
1364 1597 1462 1655 anima

251 1677 362 1754 peccati
377 1676 568 1753 corruptionis
582 1697 696 1754 expers,
711 1696 729 1735 a
743 1696 861 1756 corpora
875 1675 1087 1753 corruptionem
1101 1675 1279 1750 removisset,
1295 1685 1325 1735 et
1344 1677 1461 1754 justitia

252 1756 402 1833 originalis
421 1756 524 1816 luisset
537 1756 629 1816 veluti
650 1756 693 1815 sal
713 1765 877 1831 cornetum,
899 1755 978 1834 quod
998 1756 1137 1814 arcuisset
1157 1755 1379 1834 corruptionem,
1395 1777 1461 1834 quse

253 1835 407 1896 videbatur
421 1837 530 1895 oritura
543 1855 581 1895 ex
595 1835 760 1895 conditione
774 1835 910 1896 materiae.

293 1915 336 1974 X.
358 1915 457 1976 Arbor
470 1915 539 1975 vitae
552 1936 612 1975 non
632 1916 688 1976 fuit
701 1915 769 1976 data
782 1915 899 1974 Adamo
916 1914 953 1974 ad
974 1923 1095 1973 mortem
1116 1913 1277 1987 moendmu,
1300 1915 1386 1991 quasi
1400 1916 1462 1975 vita
1564 1923 1565 1938 ¹

253 1996 321 2090 ejus·
331 1996 502 2091 pependerit
515 1996 552 2055 ab
565 1997 654 2089 hujus
668 1995 778 2055 arboris
792 2015 861 2071 esu,
885 1993 950 2088 Sed.
963 1994 1068 2087 partim
1084 1993 1122 2052 ad
1143 1994 1388 2054 immortalitatem
1409 1995 1460 2054 ho·

252 2097 324 2216 li?
325 2077 537 2216 031lessss
545 2074 755 2215 ilidii?
756 2083 993 2232 ’,tttttt
993 2073 1271 2229 ttbtffit
1272 2083 1461 2214 tttrtt

253 2235 354 2312 officio,
378 2245 440 2296 trrm
461 2235 548 2294 etiam
568 2235 717 2294 obtinendi
739 2235 857 2295 tandem
881 2233 1125 2292 immortalitatem
1145 2233 1262 2309 panim
1292 2235 1400 2310 partim
1424 2235 1461 2293 ad
1565 2271 1566 2314 3

251 2316 343 2374 vitam
358 2315 420 2392 ejus
434 2315 464 2372 in
478 2315 583 2390 aequan
597 2315 698 2390 vigore
713 2333 825 2391 semper
838 2313 1065 2373 conservandam
1077 2335 1085 2389 3
1107 2312 1251 2389 quomodo
1265 2312 1316 2372 alii
1330 2313 1389 2372 cibi
1403 2333 1462 2374 non

251 2393 391 2532 ivnppppsire
411 2393 572 2452 debuerunt
593 2393 704 2452 viribus
727 2394 834 2452 attritis
854 2393 1031 2470 reparandis,
1055 2391 1107 2453 sed
1128 2401 1240 2452 annm
1263 2392 1322 2452 illis
1345 2413 1460 2453 conser-

292 2552 352 2612 ΧΙ.
375 2553 486 2630 Corpus
504 2549 616 2630 ψυχικὸν
634 2572 686 2613 seu
704 2555 828 2614 αηίπιαῑι
847 2553 979 2632 opposite
1001 2552 1039 2612 ad
1059 2557 1222 2629 πινμτιιὶι
1242 2572 1294 2612 seu
1313 2553 1463 2629 φὺίιιιαὶε
1566 2574 1567 2616 3

252 2632 405 2712 dupliciter
426 2643 521 2710 potest
543 2633 676 2712 intelligi,
699 2634 747 2694 vel
771 2634 802 2693 in
822 2655 880 2694 esse
898 2653 948 2694 sao
968 2635 1085 2710 physico
1103 2643 1224 2709 tantum,
1249 2641 1337 2711 prorrt
1360 2653 1462 2692 recens

251 2712 367 2772 Adamo
382 2712 481 2772 datum
495 2713 589 2774 fuerat
609 2714 639 2772 in
659 2723 737 2774 statu
757 2714 941 2791 integritatis,
964 2713 994 2772 in
1015 2733 1073 2791 quo
1087 2714 1178 2773 vitam
1192 2712 1346 2772 animalem
1360 2720 1391 2772 et
1405 2721 1461 2772 ter-

250 2812 349 2853 ranam
368 2792 528 2871 transigere
542 2795 651 2870 debuit,
667 2803 783 2872 etopus
802 2794 906 2854 habuit
919 2794 1048 2856 subsidio
1062 2794 1201 2868 ciborum,
1216 2801 1250 2852 ut
1269 2801 1300 2852 et
1314 2813 1418 2852 somno
1431 2801 1460 2852 et

251 2874 366 2952 quiete;
388 2872 436 2932 vel
449 2874 480 2932 in
495 2893 558 2934 esse
567 2876 684 2951 physico
697 2885 725 2935 et
736 2875 842 2934 morali
854 2874 1049 2952 simul,prout
1062 2882 1129 2951 post
1142 2881 1292 2951 peccatum
1306 2893 1359 2951 per
1373 2893 1459 2951 gene·

251 2953 392 3013 rationem
414 2953 575 3015 traducitur
596 2955 633 3013 ab
654 2955 779 3030 Adamo,
804 2955 833 3014 in
855 2955 917 3014 vita
939 2961 1072 3032 corrupta
1091 2962 1121 3012 et
1144 2953 1279 3028 animali3
1303 2952 1461 3012 Posteriori

253 3054 348 3110 sensu,
364 3035 408 3093 illi
422 3037 559 3094 convenit
573 3035 798 3112 corruptibilitas
812 3034 949 3110 actualis;
974 3033 1032 3094 Sed
1052 3032 1140 3110 priori
1154 3032 1270 3092 nonnisi
1282 3033 1459 3111 potentialis,

252 3115 283 3174 in
297 3123 436 3192 quantum
450 3115 537 3174 homo
551 3115 669 3174 relictus
691 3115 720 3174 in
733 3134 821 3174 manu
835 3113 949 3174 consilii
962 3115 1008 3173 sui
1025 3113 1120 3191 potuit
1133 3113 1255 3172 deficere
1269 3133 1287 3172 a
1301 3113 1387 3190 Deo;
1410 3112 1459 3172 scd

252 3215 318 3254 cum
340 3195 390 3254 illa
407 3195 647 3272 corruptibilitate
664 3203 694 3255 et
714 3195 887 3254 mortalitate
908 3192 1058 3271 potentiali
1078 3201 1109 3252 et
1128 3201 1247 3266 remota,
1262 3193 1387 3252 actualis
1408 3193 1458 3251 im·

251 3275 412 3333 mortalitas
433 3283 462 3332 et
483 3274 739 3352 incorruptibilitas
759 3274 853 3352 potuit
874 3273 1038 3334 consistere.
1081 3272 1165 3332 Licet
1186 3291 1256 3350 ergo
1271 3273 1385 3350 Corpus
1403 3291 1459 3332 non

252 3351 338 3410 suerit
351 3354 506 3428 spirinse,
522 3354 620 3430 qualia
633 3363 718 3413 erunt
732 3373 852 3432 corpora
865 3361 931 3432 post
944 3352 1190 3428 resurrectionem,
1206 3371 1266 3411 non
1279 3361 1393 3426 natura,
1409 3351 1459 3412 sed

251 3431 448 3507 qualitatibus,
463 3431 570 3508 quibus
580 3433 733 3492 conveniet
744 3453 802 3492 non
812 3453 898 3511 posse
907 3433 990 3507 mori,
1006 3431 1060 3492 tuit
1070 3440 1167 3490 tamen
1178 3433 1343 3507 immortale,
1359 3441 1460 3510 quate·

251 3528 306 3568 nus
317 3509 354 3568 ab
365 3510 461 3568 anima
472 3518 572 3569 sancta
581 3521 721 3588 perpetuo
729 3512 937 3572 vivificandum
944 3512 1055 3588 subeat,
1068 3521 1097 3571 et
1107 3512 1149 3571 ita
1196 3512 1301 3571 tuissct
1309 3531 1370 3570 non
1378 3511 1459 3570 rnon'.

252 3588 347 3663 Quum
361 3608 431 3647 vero
446 3589 564 3662 Paulus,
587 3592 601 3647 l
619 3591 684 3650 Cor.
700 3607 750 3650 xv.
765 3594 814 3666 44,
827 3595 874 3666 46,
891 3593 953 3670 agit
966 3592 1003 3652 de
1014 3611 1132 3669 corpore
1145 3531 1257 3668 dixis?
1269 3611 1321 3652 eeu
1331 3591 1458 3666 animali,

251 3688 310 3729 nou
323 3678 384 3729 tam
396 3667 525 3746 loquitur
538 3669 574 3728 dc
589 3689 708 3746 corpore
720 3669 829 3729 Adami
841 3671 872 3728 in
884 3679 962 3730 statu
971 3671 1093 3749 integro,
1105 3691 1193 3748 quam
1207 3671 1243 3732 de
1257 3673 1393 3748 ecquale
1407 3671 1460 3730 fuit

251 3757 319 3828 post
338 3748 459 3828 lapsum,
482 3748 551 3826 quia
572 3749 634 3828 agit
654 3749 691 3809 da
712 3769 840 3827 corpore,
864 3750 944 3827 quod
965 3751 1069 3812 seritur
1088 3771 1141 3828 per
1157 3760 1281 3811 mortem
1301 3752 1459 3834 betsaida

251 3830 352 3909 ἄτιμ’ςι,
369 3838 398 3889 et
411 3829 527 3907 ἆσσιηίᾳ,
543 3831 573 3889 in
586 3829 774 3907 emptione,
785 3833 929 3906 dedwore,
942 3840 968 3891 et
977 3831 1146 3912 r'rsfirnritnta,
1157 3851 1187 3890 v.
1199 3835 1247 3905 42,
1260 3834 1309 3908 43,
1321 3836 1370 3908 44,
1383 3831 1461 3910 quod

252 3911 288 3970 de
303 3931 337 3969 co
372 3929 421 3968 ore
435 3919 554 3988 peccato
567 3919 702 3987 corrupto
727 3918 757 3970 et
770 3910 888 3970 animali
901 3911 995 3970 ethice
1008 3919 1121 3970 tantum
1134 3920 1230 3990 potest
1243 3911 1310 3970 dici.
1347 3911 1459 3971 Deinde

251 4010 287 4050 eo
300 4011 348 4050 mc
370 3989 438 4049 ode
453 3990 569 4049 Adamo
589 3991 725 4067 loquitur,
748 4010 806 4068 quc
827 3992 891 4069 ejus
911 3991 1067 4068 imaginem
1087 3990 1161 4052 ferre
1175 3991 1315 4050 debemus
1328 3991 1460 4071 opposite

252 4069 290 4130 ad
305 4071 460 4146 Christum,
476 4090 504 4128 v.
520 4073 568 4146 49,
584 4070 680 4146 idest,
697 4090 755 4129 non
769 4070 856 4130 modo
869 4071 901 4129 in
914 4080 1025 4146 natura,
1041 4070 1138 4130 sedin
1150 4079 1278 4149 peccato,
1295 4072 1371 4132 Gen.
1386 4093 1416 4130 r.
1432 4074 1459 4132 3.

251 4150 314 4210 Nec
327 4149 406 4228 quod
421 4149 582 4228 Apostolus
596 4149 687 4225 affert,
699 4170 728 4209 v.
740 4153 788 4225 45,
804 4149 840 4210 de
855 4151 970 4210 homine
983 4150 1077 4228 primo
1091 4150 1167 4210 facto
1180 4151 1211 4208 in
1222 4151 1348 4210 animam
1359 4153 1460 4211 vireu·

251 4238 370 4305 tameo
391 4229 516 4306 respicit,
538 4239 571 4289 ut
590 4231 693 4307 probet
707 4229 854 4290 Adamum
875 4231 1012 4290 habuisse
1026 4230 1194 4309 simpliciter
1208 4251 1313 4308 corpus
1326 4231 1458 4307 animale,
1565 4265 1567 4310 ,

251 4318 280 4370 et
291 4309 486 4388 corruptibile,
502 4309 555 4370 sed
564 4318 676 4368 tantum
686 4309 725 4368 ad
736 4309 958 4388 descriptionem
973 4309 1105 4387 subjecti,
1120 4311 1199 4388 quod
1212 4311 1243 4369 in
1253 4312 1341 4371 talem
1354 4321 1460 4372 statum
1566 4317 1567 4350 ἓ

251 4398 337 4449 autea
350 4389 526 4466 descriptum
541 4389 667 4448 incidere
680 4389 783 4466 potuit,
799 4389 869 4466 qnia
881 4389 936 4450 fnit
949 4390 980 4448 in
994 4390 1158 4451 conditione
1179 4391 1260 4450 labili
1274 4401 1304 4450 et
1317 4391 1459 4466 mutabili,

249 4468 281 4526 in
304 4489 362 4546 qua
385 4467 506 4547 proinde
526 4469 622 4547 potuit
644 4467 707 4528 lieri
729 4469 881 4530 actualiter
902 4469 1088 4550 corruptibile
1115 4479 1145 4531 et
1171 4471 1292 4532 mortale
1315 4491 1369 4550 per
1389 4491 1455 4551 pec·

251 4555 368 4680 millii.
390 4623 530 4696 Quamvis
544 4627 676 4686 Christus
690 4647 749 4686 non
761 4647 816 4686 nos
829 4628 960 4690 liberan't
973 4649 991 4690 a
1010 4631 1108 4690 naret
1121 4631 1302 4707 choaidntc,
1318 4631 1455 4691 liberarit
