3250 5176
226 279 284 336 552
715 299 807 342 mous
820 299 926 341 uenus.
1188 279 1196 294 '
1229 275 1360 358 [eumer.
1376 295 1434 338 vn.

226 437 1435 600 ttttsstttttttoltit?ttttttttstdtssttttlttttlt:

228 617 310 658 core:
326 599 388 659 Nec
398 602 466 678 quis
480 603 667 664 tentationem
675 603 814 680 permisit,
829 602 897 679 quis
909 621 963 660 noo
976 601 1155 660 voluntatem
1169 599 1302 658 tentandi
1315 598 1436 656 diabolo

228 676 389 756 inspiravit,
402 701 454 741 noo
468 681 550 742 illum
558 683 597 742 ad
610 683 642 741 id
651 683 783 760 impulit3
805 682 858 741 sed
870 690 982 742 tantum
995 679 1127 759 permisit
1131 679 1255 756 physice,
1270 697 1330 737 non
1341 678 1432 756 impe·

228 756 387 898 dieudqdut
400 762 431 820 id
443 771 580 840 prestare
593 763 674 824 nulle
687 763 753 840 lege
767 761 927 838 tenebatur,
942 781 1000 820 non
1014 761 1107 836 ethice,
1118 757 1306 838 approbando
1319 767 1349 817 et
1363 777 1432 816 con·

229 847 341 898 sentuen
362 858 389 900 o.

270 917 360 978 XIV.
383 921 488 980 Fateor
511 922 559 983 hie
584 943 650 983 cnm
673 921 862 1002 permissione
883 921 1039 980 accessisse
1060 919 1246 997 negotionem
1273 915 1372 995 gratiae
1399 925 1432 976 et

229 997 331 1056 auxilii
345 999 477 1076 efficacis,
492 1021 550 1080 quo
564 1011 632 1064 actu
652 1011 761 1064 steret:
786 1003 861 1061 Nam
876 1002 973 1061 situle
987 999 1128 1059 auxilium
1142 997 1277 1072 dedisset
1298 995 1429 1055 Adamus

229 1077 327 1154 lapsus
350 1099 410 1138 non
437 1080 548 1142 fnisset.
591 1083 652 1144 Sed
673 1103 768 1161 neque
795 1083 837 1141 sio
864 1082 895 1140 in
921 1081 1033 1158 peceati
1055 1079 1230 1139 consortium
1254 1085 1350 1154 potest
1372 1075 1431 1135 dici

229 1156 361 1235 venisso;
383 1160 458 1220 Τιιιιι
471 1162 541 1239 qnia
553 1163 664 1222 nullam
678 1163 802 1240 gratism
814 1163 957 1220 internam
978 1168 1064 1218 sntea
1077 1159 1174 1218 danm
1193 1158 1248 1235 ipsi
1269 1155 1431 1232 subtraxit3

229 1255 285 1295 nec
299 1257 364 1296 eum
378 1239 416 1297 ad
430 1242 597 1301 tentationis
611 1243 815 1302 admissionem
828 1241 877 1300 vel
891 1259 1041 1300 assensum
1056 1239 1170 1316 impulit
1183 1237 1231 1296 vel
1245 1237 1360 1314 coegit5
1382 1235 1434 1294 sed

230 1336 336 1375 novem
357 1327 470 1380 tantm
484 1322 709 1382 confirmationis
729 1322 852 1399 gratiam
866 1339 925 1380 non
939 1319 1028 1396 dedit,
1043 1319 1092 1378 vel
1105 1317 1261 1377 efficaciam
1273 1336 1326 1394 per
1345 1335 1432 1393 quem

231 1405 395 1458 sctueretur
408 1402 503 1476 gretie
516 1422 581 1480 quas
595 1404 625 1460 in
638 1402 702 1480 ipso
716 1410 786 1478 erat,
801 1421 888 1478 quem
901 1419 956 1460 nec
969 1399 1038 1458 dare
1051 1398 1211 1473 tenebatur,
1229 1413 1284 1455 nec
1298 1396 1368 1454 dare
1381 1413 1432 1453 vo·

230 1476 286 1535 luit
300 1479 512 1556 sapientissimo
525 1482 655 1559 oonsilio,
670 1481 708 1542 ad
728 1481 937 1560 explorandum
958 1479 1129 1557 obsequium
1142 1483 1290 1536 cresturae.
1333 1475 1395 1534 Nec
1408 1475 1434 1534 si

232 1556 295 1616 sine
303 1557 355 1616 tali
366 1559 475 1620 auxilio
485 1562 585 1640 lapsos
592 1562 679 1622 uitari
687 1563 723 1622 ab
733 1561 848 1620 Adamo
861 1581 920 1619 non
932 1560 1036 1638 potuit,
1046 1558 1176 1636 seqnitur
1185 1576 1252 1615 eum
1262 1555 1433 1633 sculpaim-

232 1655 349 1696 munem
363 1638 467 1716 fuisse;
488 1642 558 1718 quia
570 1643 728 1702 necessitas
738 1642 789 1700 illa
796 1661 855 1700 non
866 1639 1018 1717 ebrogsvit
1028 1640 1092 1716 ejus
1100 1638 1271 1711 libertatern,
1282 1653 1336 1695 neo
1345 1633 1432 1694 obsti·

232 1715 269 1775 tit
282 1717 436 1792 quominus
456 1719 547 1781 libere
568 1721 694 1800 peccarit
708 1730 738 1781 et
750 1722 878 1780 maxims
896 1739 963 1780 cum
985 1717 1205 1798 sperandas,
1226 1716 1309 1776 nulla
1324 1723 1432 1774 ustura

231 1797 403 1857 necessitate
417 1798 466 1858 vel
480 1801 627 1860 coactione
641 1801 679 1861 ad
692 1801 723 1860 id
735 1801 887 1880 impulsus.

273 1875 346 1938 XV.
370 1878 516 1973 Suntqui
535 1881 611 1942 hanc
632 1882 733 1959 gratias
752 1882 944 1976 negationem,
960 1899 1011 1956 per
1024 1879 1205 1972 desertionem
1226 1876 1321 1936 solent
1339 1873 1435 1952 oxpri·

232 1974 395 2112 titt
405 1955 1438 2120 ttt‘tffl’qttcttlntt‘ttffltltmstttlffltltt

232 2118 347 2194 proprio
361 2119 496 2181 videatur
514 2141 674 2200 supponere
688 2121 795 2181 deserti
807 2121 921 2199 culpam
935 2119 1061 2197 aliquem
1076 2117 1302 2193 antecedentem,
1317 2123 1437 2193 prestet

233 2195 277 2256 uti
287 2217 360 2257 voca
374 2202 536 2278 nomme,
551 2203 601 2262 uel
614 2223 669 2262 non
683 2202 849 2278 donam,
860 2209 894 2261 ut
907 2199 1020 2258 dicetur
1034 2198 1114 2257 Deus
1127 2216 1186 2256 non
1200 2196 1315 2255 dedisse
1325 2195 1437 2254 homini

233 2277 357 2352 gratiam
371 2281 514 2340 actualem
528 2281 681 2342 efficaciter
695 2281 842 2340 Adamum
855 2279 1093 2339 determinantem
1114 2277 1152 2336 sd
1166 2275 1310 2352 standum,
1326 2294 1363 2333 ex
1378 2293 1437 2351 qna

233 2357 388 2431 negatione
401 2369 556 2437 sequutum
577 2361 694 2438 quidem
707 2361 794 2420 luerit
807 2369 957 2439 peccatum
970 2357 1132 2418 necessario
1145 2356 1317 2416 necessitste
1335 2373 1436 2414 conse-

234 2435 360 2510 quentise
381 2445 410 2496 et
423 2440 611 2516 hypothetice
625 2459 642 2500 e
655 2449 736 2518 parte
751 2441 816 2517 Dei,
832 2440 884 2499 sed
897 2439 987 2498 libere
1000 2447 1096 2497 tamen
1110 2457 1128 2495 a
1140 2445 1222 2515 parts
1235 2435 1370 2510 hominis,
1386 2435 1438 2512 qni

233 2513 290 2606 sibi
301 2517 506 2655 opusciqqisuit,
520 2519 582 2580 sola
595 2520 745 2580 voluntate
759 2525 788 2580 et
801 2519 883 2580 nulla
896 2519 1009 2579 interna
1021 2517 1191 2578 necessitate
1206 2515 1244 2575 nd
1257 2514 1438 2593 peccandum

233 2611 273 2650 sm
294 2612 313 2651 u
325 2613 389 2652 sum
445 2617 501 2657 sse.

273 2613 366 2733 itvl.
388 2673 454 2734 Non
468 2677 634 2755 negandum
655 2697 724 2738 sane
737 2678 786 2738 hic
800 2679 949 2757 sapientise
963 2678 1020 2738 Dei
1033 2678 1108 2747 salta
1120 2693 1278 2752 occurrere,
1293 2674 1438 2734 admiran-

235 2749 304 2811 dum
325 2753 421 2830 potius
441 2776 528 2835 quam
548 2759 720 2834 rimandum,
741 2759 821 2837 quod
842 2759 961 2818 rationis
981 2767 1097 2836 ceptum
1110 2755 1280 2833 longissime
1301 2763 1438 2832 superat3

237 2831 293 2906 Qui
314 2834 376 2894 scil.
387 2835 513 2897 voluerit
527 2839 609 2898 Deus
622 2839 746 2916 gretiam
762 2839 848 2898 istem
861 2838 972 2899 homini
992 2837 1087 2897 adhuc
1107 2836 1269 2895 immerenti
1283 2835 1438 2910 denegare,

236 2912 895 3059 llldltsqllddffiiddsbdrlmdddnhdanliinudduffldrd
908 2915 1322 3058 nddmpddslomidldddessdmrtds
1327 2913 1441 3070 qllidrll:

237 3080 368 3135 statuunt
388 3077 482 3136 Βιιιιιι
497 3078 614 3139 Adamo
631 3087 763 3157 paratum
785 3018 873 3140 stulte
890 3017 1016 3156 Elgqrutiom
1037 3075 1262 3136 confirmationis
1280 3073 1392 3151 largiri,
1415 3071 1441 3131 si

236 3151 324 3212 homo
338 3156 479 3218 voluisset
499 3159 537 3218 ed
557 3179 621 3219 eam
635 3159 799 3236 confugere,
815 3167 845 3218 et
864 3179 899 3217 ea
912 3157 963 3234 uti,
986 3156 1038 3217 sed
1051 3175 1117 3216 cum
1137 3155 1287 3230 auxilium,
1302 3153 1383 3231 qood
1396 3151 1442 3211 illi

236 3241 343 3308 praesto
357 3245 428 3310 erat,
447 3245 477 3298 et
497 3239 581 3317 cujus
595 3258 679 3299 usum
693 3239 812 3299 arbitrio
825 3259 878 3298 suo
893 3238 974 3296 Deus
986 3237 1163 3314 permiserat,
1177 3234 1342 3312 neglexerit
1357 3232 1440 3290 edhi-

237 3311 315 3386 bere,
337 3313 441 3373 mirum
454 3317 549 3376 videri
562 3337 621 3378 non
634 3318 748 3394 debere,
764 3319 789 3378 ei
802 3339 820 3376 a
835 3317 899 3377 Deo
916 3317 1091 3394 denegatum
1113 3315 1207 3374 fuerit
1244 3313 1304 3374 Sed
1316 3311 1441 3371 difficul-

237 3397 283 3448 tas
296 3411 361 3466 quse
375 3393 423 3452 hic
437 3397 569 3470 occurrit,
581 3416 640 3456 non
650 3406 746 3474 potest
759 3398 814 3457 hac
826 3398 937 3457 ratione
951 3395 1124 3456 sufficienter
1138 3394 1226 3470 solvi3
1241 3393 1311 3471 qnia
1323 3392 1441 3468 neglec-

238 3475 285 3526 tus
309 3469 359 3527 ille
379 3489 450 3530 usus
470 3475 573 3532 auxilii
586 3475 687 3550 divini,
702 3476 751 3534 vel
772 3476 877 3554 refugii
897 3475 935 3537 ad
956 3476 1050 3534 Deum
1069 3473 1107 3533 ad
1126 3473 1201 3534 illud
1217 3471 1440 3550 impetrandum,

237 3556 388 3624 peccatum
402 3548 465 3626 luit,
477 3553 526 3612 vel
545 3572 622 3613 non:
645 3553 677 3614 si
695 3571 755 3612 non
768 3555 823 3614 tuit
842 3564 1002 3633 peccatum,
1015 3572 1074 3613 non
1094 3553 1196 3613 debuit
1215 3551 1281 3611 ideo
1301 3549 1439 3627 suspendi

240 3627 298 3686 Dei
311 3629 471 3708 auxilium3
502 3633 533 3692 si
548 3632 603 3691 fuit
615 3639 775 3710 paccatum,
796 3635 981 3712 ergodotum
998 3642 1043 3693 est
1062 3641 1212 3711 peccatum
1227 3629 1344 3710 aliquod
1355 3629 1438 3706 prius

238 3707 341 3786 primo.
384 3709 497 3771 Deinde
518 3731 584 3771 oum
597 3712 636 3771 cd
656 3731 771 3772 omnem
790 3723 887 3773 ectum
901 3713 1011 3774 homini
1024 3713 1186 3772 necessaris
1206 3711 1244 3771 sit
1259 3709 1314 3770 Dei
1335 3709 1438 3787 gratio,

239 3791 982 3949 ttttttttttttttttfltt„lit
992 3787 1443 3949 tttttntllls

239 3953 344 4012 homo:
361 3952 393 4012 Si
407 3971 476 4010 vero
490 3959 596 4029 negate
610 3961 663 4028 est,
673 3953 737 4030 jam
749 3953 867 4030 negotio
880 3953 1024 4032 precedet
1036 3952 1201 4028 neglectum
1208 3949 1346 4010 hominis.
1390 3947 1444 4007 Sa·

238 4032 298 4094 tius
322 4039 367 4090 est
389 4050 459 4107 ergo
479 4029 528 4090 hic
551 4031 733 4108 acquiescere
747 4033 777 4091 in
791 4034 854 4092 solo
874 4033 1020 4092 liberrimo
1035 4031 1092 4090 Dei
1105 4029 1296 4108 beneplacito,
1318 4028 1443 4104 gratiam

240 4133 322 4174 suam
337 4110 386 4170 vel
399 4109 495 4170 dentis
509 4111 557 4170 vel
570 4111 705 4188 negantis
718 4131 771 4190 pro
784 4112 878 4187 libitu,
893 4113 955 4171 sino
968 4112 1138 4188 cujusquam
1152 4107 1267 4188 injuria
1309 4105 1395 4182 Quod
1408 4126 1446 4166 eo

240 4193 331 4252 tutius
345 4197 398 4264 est,
413 4189 550 4266 quianon
560 4189 648 4250 modo
658 4191 720 4269 jem
733 4191 771 4251 ab
785 4199 892 4252 aterno
902 4189 1052 4250 constituit
1065 4189 1188 4266 ςιιιιίιιιιι
1202 4205 1284 4247 enam
1294 4206 1354 4246 non
1365 4187 1444 4262 dare,

240 4273 327 4332 etiem
346 4277 500 4344 antequam
521 4268 608 4328 homo
649 4270 771 4330 otuisset
791 4271 871 4330 illam
885 4271 1033 4348 negligere
1046 4269 1094 4328 vel
1109 4267 1253 4346 abjicere3
1283 4267 1336 4326 sed
1356 4267 1445 4326 etism

240 4352 309 4428 quia
321 4347 378 4406 nisi
392 4347 459 4406 tslis
479 4355 603 4424 ponetur
621 4290 775 4428 denegatio
789 4351 898 4427 gratie,
914 4347 1117 4409 antecedenter
1129 4348 1168 4406 ad
1180 4346 1306 4406 hominis
1326 4346 1444 4423 neglec-

240 4438 311 4502 tum,
320 4446 378 4486 non
387 4425 493 4504 poterit
506 4427 613 4486 salvari
626 4427 804 4489 futuritionis
816 4430 916 4508 lapsus
929 4427 1080 4504 certitudo,
1091 4435 1120 4487 et
1133 4427 1240 4486 veritas
1253 4425 1445 4504 prescientia

240 4506 366 4564 divinae:
412 4503 487 4562 Nam
512 4505 537 4564 si
555 4525 646 4582 penes
664 4507 809 4568 hominem
828 4509 954 4587 positum
976 4507 1031 4566 fuit
1049 4508 1092 4566 uti
1112 4507 1206 4584 grstia
1224 4506 1290 4582 ists,
1305 4505 1356 4565 vel
1374 4523 1441 4578 non,

240 4605 305 4645 eum
318 4583 405 4640 homo
419 4581 505 4642 suerit
526 4583 693 4646 indifferens
707 4593 810 4648 natura
830 4608 891 4665 sua,
913 4607 970 4646 non
991 4587 1086 4664 potnit
1100 4585 1285 4646 determinari
1306 4591 1385 4645 certo
1405 4581 1443 4642 sd
