3152 5178
242 362 309 419 210-
726 352 965 419 nocus'rsnrms.
1009 401 1013 408 -
1218 355 1343 438 [eumer.
1358 375 1457 418 xvrrr.

243 539 274 579 se
289 517 528 596 discriminentur,
543 516 621 578 unde
634 539 673 578 ex
693 537 772 578 mero
793 537 846 578 suo
866 515 1048 596 beneplacito
1068 515 1137 595 agit.
1180 516 1276 593 Quum
1297 537 1367 578 vero
1386 517 1461 597 agit

243 619 281 660 ex
295 599 472 678 respectivis,
487 608 520 660 ut
533 619 571 659 ax
582 599 748 678 justitiaad
761 597 947 677 puniendum,
962 598 1012 656 vel
1025 617 1063 656 ex
1076 595 1273 656 misericordie
1281 598 1319 656 ad
1332 598 1458 658 salvan·

244 680 322 756 dum,
344 679 413 740 licet
434 681 559 758 qualitas
577 679 710 757 quedam
735 687 914 758 supponatur
928 697 1041 757 semper
1053 677 1084 736 in
1098 678 1221 756 objecto,
1235 687 1308 757 puta
1320 679 1373 773 vel
1381 699 1460 757 pee-

244 769 350 838 catum,
365 761 414 820 vel
427 760 551 836 miseria,
566 779 625 818 non
638 767 735 838 potest
747 760 854 819 habere
867 759 964 818 locum
979 771 1073 818 causae
1086 758 1201 836 proprie
1214 759 1309 834 dictae,
1323 779 1395 836 qma
1412 759 1462 818 sic

242 841 292 900 vel
306 859 405 900 omnes
420 841 633 914 damnarentur,
648 839 717 917 quia
731 847 799 899 sunt
812 847 986 918 peccatores,
1001 839 1050 897 vel
1063 857 1163 897 omues
1178 839 1366 915 salvarentur,
1381 839 1464 916 quia

244 929 312 982 suut
325 921 440 996 miseri;
456 920 507 980 sed
520 929 632 980 tantum
644 919 792 998 qualitatis
805 919 837 977 in
850 919 963 998 objecto
977 918 1123 996 requisitae
1136 917 1175 976 ed
1188 919 1309 978 istarum
1321 919 1463 998 proprie-

243 1009 336 1062 tatum
349 1001 519 1062 exercitium
531 1023 538 1078 3
560 1009 590 1060 at
604 999 629 1058 si
642 998 775 1077 quadam
789 1019 878 1058 causa
896 1006 948 1058 aut
967 998 1108 1058 motivum
1122 999 1310 1076 quarendum
1323 1007 1377 1074 est,
1392 1019 1464 1058 non

244 1081 430 1160 quaerendum
444 1091 489 1140 est
503 1089 586 1140 extra
597 1081 701 1156 Deunq
725 1079 777 1138 sed
798 1087 910 1138 tannim
924 1079 955 1137 in
973 1079 1038 1157 ejus
1056 1079 1173 1156 justitia
1193 1087 1224 1138 et
1244 1078 1463 1154 misericordia,

243 1161 349 1240 quibua
363 1161 498 1221 voluntas
512 1160 581 1219 ada
618 1159 708 1220 ndum
722 1160 866 1220 incitatur.

285 1242 341 1301 Vl.
363 1241 447 1302 Licet
468 1241 543 1300 inter
564 1261 580 1300 e
603 1249 668 1301 ecta
680 1239 839 1299 voluntatis
861 1238 978 1314 divine,
1001 1237 1136 1316 quasdam
1156 1237 1285 1299 babeant
1307 1238 1464 1298 rationem

244 1341 395 1381 canmrum
409 1329 541 1399 respectu
554 1321 684 1396 aliorum,
700 1327 733 1380 ut
755 1320 836 1379 Deus
849 1319 943 1379 voluit
962 1319 1093 1378 ordinem
1113 1337 1177 1378 esse
1198 1319 1323 1397 aliquem
1337 1327 1402 1378 tum
1429 1319 1465 1378 in

244 1410 355 1476 natura,
370 1409 432 1462 tum
446 1402 477 1460 iu
491 1402 594 1480 gratia,
610 1419 667 1480 quo
681 1400 757 1460 inter
777 1419 808 1459 aa
823 1407 1075 1476 connecterentur,
1089 1417 1149 1457 non
1162 1408 1260 1458 tamen
1273 1417 1309 1458 ea
1327 1409 1373 1458 est
1386 1399 1465 1459 ino-

243 1503 308 1542 rum
321 1482 376 1558 vis,
392 1490 426 1542 ut
445 1481 573 1540 divinam
596 1481 777 1540 voluntatem
801 1479 838 1538 ad
862 1489 958 1539 actum
980 1499 1065 1538 sunm
1086 1479 1260 1538 eliciendum
1283 1498 1466 1557 permovere

243 1563 363 1640 possint,
379 1561 486 1640 quippe
500 1581 565 1639 que
579 1561 638 1620 sint
651 1560 742 1639 ipsius
754 1567 788 1619 ut
800 1559 900 1638 primas
915 1578 1009 1619 causae
1023 1557 1142 1620 effecta:
1163 1559 1222 1619 Cur
1240 1560 1297 1618 hoc
1309 1560 1360 1618 vel
1379 1560 1467 1618 illud

244 1643 286 1702 ita
299 1643 399 1702 fecerit
413 1641 565 1718 Dominus,
580 1661 639 1700 non
661 1640 718 1699 alia
739 1639 834 1699 afferri
847 1647 943 1717 potest
957 1659 1052 1714 cansa,
1076 1659 1163 1717 quam
1176 1639 1245 1717 qnia
1258 1639 1372 1699 voluit:
1393 1641 1467 1699 Gur

245 1731 342 1782 autem
356 1723 397 1782 sic
411 1722 544 1798 voluerit,
561 1722 586 1780 si
599 1722 676 1780 ultra
691 1721 789 1798 pergis
797 1739 908 1798 rogare,
919 1720 1014 1797 majus
1024 1719 1135 1796 aliquid
1145 1721 1251 1797 queris
1260 1727 1290 1778 et
1299 1720 1466 1780 sublimius

246 1803 302 1862 Dei
316 1803 474 1880 voluntate,
484 1802 563 1880 quod
576 1801 700 1860 inveniri
709 1819 767 1859 non
780 1808 885 1878 potest.
907 1800 1096 1876 Compescere
1110 1818 1180 1877 ergo
1191 1819 1223 1858 se
1232 1798 1467 1859 dabctbumarra

244 1883 400 1960 temeritas,
414 1891 444 1943 at
457 1902 517 1942 non
530 1901 658 1962 quaerere
670 1881 750 1960 qnod
762 1900 822 1939 non
836 1886 888 1956 est,
903 1898 940 1939 na
954 1878 1028 1939 forte
1049 1879 1080 1939 id
1093 1879 1172 1958 quod
1185 1887 1231 1940 ast
1243 1899 1303 1940 non
1312 1881 1465 1940 inveniat.

678 2120 873 2199 QUAESTIO
893 2119 1020 2181 XVIII.

438 2283 486 2342 An
504 2283 639 2342 Voluntas
652 2282 712 2341 Dei
721 2281 758 2340 sit
765 2281 865 2358 prima
878 2279 1003 2341 Jmta'tioe
1014 2281 1138 2358 repella!
1178 2279 1255 2339 Dist.

286 2441 311 2500 I.
333 2440 461 2516 Quaestio
481 2440 537 2500 ists
556 2459 615 2498 non
635 2437 721 2498 modo
742 2447 822 2500 rnota
840 2438 896 2497 fuit
913 2457 931 2497 a
950 2439 1146 2516 Scholasticis,
1168 2439 1219 2518 qui
1234 2438 1283 2500 hic
1304 2439 1335 2498 in
1355 2449 1461 2518 partes

245 2520 395 2598 abierunt3
418 2519 570 2579 sedetiam
591 2519 666 2578 inter
681 2519 761 2596 ipsos
783 2519 972 2578 Orthodoxos
996 2520 1140 2598 agitatur:
1161 2539 1283 2598 quorum
1304 2521 1355 2579 alii
1376 2530 1461 2581 stant
1569 2554 1570 2577 ι

244 2621 297 2680 pro
311 2600 489 2675 affirmativa,
505 2607 663 2658 statuentes
678 2618 792 2658 omnem
805 2599 964 2658 bonitatem
978 2607 1009 2659 at
1021 2601 1161 2660 malitiam
1178 2600 1316 2660 moralem
1330 2621 1348 2659 a
1361 2601 1461 2660 libera
1568 2639 1569 2687 l

246 2681 302 2740 Dei
316 2680 465 2739 voluntate
479 2678 613 2757 pendere,
627 2687 658 2738 st
670 2678 744 2737 nihil
758 2697 822 2739 esse
836 2678 944 2738 bonum
958 2687 988 2739 at
998 2680 1120 2758 justum,
1135 2681 1192 2740 nisi
1202 2681 1271 2757 quia
1286 2681 1456 2740 Deusvult.

245 2760 308 2822 Alii
322 2767 422 2819 contra
435 2767 513 2818 stant
532 2777 585 2836 pro
604 2759 750 2836 negativa,
773 2767 803 2818 et
820 2758 979 2818 bonitatem
1000 2760 1126 2836 aliquam
1148 2767 1178 2819 et
1194 2760 1341 2838 justitiam
1361 2761 1392 2818 in
1405 2781 1459 2820 aa·
1567 2757 1568 2760 ’

244 2840 372 2900 tionibus
385 2839 543 2898 moralibus
557 2839 738 2898 essentialem
753 2847 915 2916 agnoscunt
928 2839 1132 2899 antecedenter
1144 2839 1182 2900 ad
1197 2840 1254 2898 Dei
1261 2840 1457 2916 voluntatem,
1566 2892 1567 2909 ,

244 2921 286 2981 ita
299 2929 391 2980 utres
405 2920 463 2978 illae
477 2937 535 2977 non
546 2919 605 2978 sint
617 2919 701 2978 bonae
715 2927 745 2978 et
755 2919 852 2998 justae,
868 2918 937 2996 quia
946 2919 1027 2978 Deus
1040 2920 1123 2996 vult;
1145 2919 1197 2980 sed
1211 2920 1293 2979 Deus
1307 2939 1357 2980 aas
1371 2921 1456 2996 velit,

249 3001 318 3080 quia
331 3000 416 3061 bonae
430 3007 540 3060 suntet
550 2999 648 3078 justae.
1565 2998 1566 3021 ¹

567 3079 611 3139 II.
633 3079 694 3138 Nos
708 3079 896 3158 posteriorem
913 3077 1084 3139 sententiam
1099 3079 1253 3158 sequimur,
1275 3079 1380 3158 positis
1393 3076 1457 3140 illis

274 3145 454 3197 mmm·
505 3157 747 3219 distinctionibus.
791 3162 818 3220 1.
832 3158 977 3219 Voluntas
990 3167 1087 3237 potest
1100 3159 1158 3218 dici
1171 3159 1456 3238 primaregulajus-
1563 3195 1564 3206 ι

323 3206 406 3252 nona
506 3239 586 3315 fifiae,
593 3239 642 3297 ,01
655 3241 691 3299 ab
705 3239 860 3314 inmmeco,
871 3238 920 3297 val
932 3241 968 3298 ab
982 3239 1145 3315 artdmeeo,
1157 3239 1189 3297 id
1201 3249 1246 3298 est
1256 3240 1306 3299 vel
1319 3249 1456 3318 respectu

246 3319 311 3394 Dei,
326 3317 374 3378 vel
388 3325 522 3396 respectu
542 3337 637 3377 rerum
658 3320 786 3378 omnium
800 3327 883 3378 exus
898 3319 992 3378 Deum
1004 3339 1011 3378 ε
1032 3319 1121 3397 priori
1135 3339 1230 3396 sensu,
1251 3329 1286 3380 ut
1298 3339 1318 3379 a
1331 3321 1459 3380 Justitia

246 3398 302 3459 Dei
319 3399 467 3476 regulatur
487 3397 551 3475 ejus
571 3398 724 3475 voluntas3
746 3398 906 3475 posteriori,
927 3408 961 3458 ut
974 3398 1089 3475 justitia
1106 3399 1137 3457 in
1156 3399 1240 3458 nobis
1258 3419 1318 3459 non
1336 3399 1456 3459 aliunde

247 3478 397 3556 regulatur
410 3497 496 3554 quarn
511 3475 549 3534 ab
562 3476 653 3554 ipsius
667 3478 826 3537 voluntate.
868 3483 897 3537 2.
913 3478 956 3538 Ut
968 3481 1024 3537 Jus
1038 3479 1095 3537 Dei
1115 3478 1194 3538 aliud
1211 3487 1256 3538 est
1276 3483 1411 3539 numerale
1424 3487 1457 3540 et

244 3557 465 3634 indrbpnaubrle,
481 3555 560 3633 quod
573 3555 710 3616 fundatur
719 3557 750 3615 in
764 3557 829 3636 ipsa
837 3557 895 3617 Dsi
906 3565 1011 3616 natura
1023 3565 1053 3617 at
1066 3559 1227 3634 sanctitate,
1242 3559 1323 3619 aliud
1337 3559 1456 3619 meon

244 3647 275 3698 et
282 3638 442 3716 poserem,
457 3635 536 3713 quod
549 3635 657 3712 pendet
669 3645 782 3696 tuntum
797 3637 833 3696 ab
848 3638 911 3715 ejus
925 3637 1094 3713 voluntate;
1117 3639 1164 3697 lta
1177 3638 1292 3698 bonitas
1306 3641 1357 3699 vel
1369 3640 1455 3698 mali·

244 3719 286 3779 tia
299 3737 394 3778 renun
408 3723 503 3794 potest
516 3715 624 3792 referri,
639 3717 687 3776 vel
702 3716 799 3796 adjus
813 3717 952 3794 naturale,
968 3717 1016 3776 vel
1030 3717 1068 3776 ad
1078 3719 1128 3796 jus
1142 3715 1310 3795 positivum.

286 3797 347 3858 111.
370 3797 437 3856 Hoc
449 3795 553 3875 posito,
569 3795 634 3855 dico
653 3799 827 3856 Voluntatem
838 3816 922 3875 posse
936 3795 994 3855 dici
1008 3805 1038 3856 et
1050 3816 1152 3857 revera
1164 3817 1228 3857 esse
1248 3799 1372 3876 primam
1389 3797 1457 3876 jus·

244 3879 316 3939 titire
336 3879 465 3955 rapulam
484 3878 520 3935 ab
541 3877 704 3953 extimeo,
727 3885 754 3935 et
771 3885 897 3954 respectu
913 3877 1010 3952 amnt,
1028 3897 1086 3936 non
1103 3897 1173 3937 vero
1193 3877 1230 3937 ab
1246 3879 1405 3938 intrinseco
1425 3887 1460 3938 et

504 3957 758 4034 e

245 4119 348 4198 regula
369 4125 413 4177 est
433 4115 527 4178 omnir
551 4081 747 4176 rectinrdinis'
760 4125 789 4176 st
812 4117 952 4195 justitiam
973 4117 1097 4194 primum
1121 4117 1198 4176 enim
1225 4117 1256 4176 in
1278 4137 1458 4196 unoquoque

246 4217 353 4278 genere
366 4207 411 4258 est
423 4197 526 4276 regula
539 4205 726 4256 caeterorum:
747 4195 803 4255 hoe
817 4215 903 4256 sensu
919 4196 1062 4275 Theologi
1076 4196 1177 4257 dicunt
1190 4199 1371 4258 voluntatem
1396 4199 1457 4258 Dei

246 4297 310 4338 esse
331 4297 472 4338 summam
493 4277 623 4354 regulam
641 4275 772 4354 justitie,
792 4275 915 4353 ideoque
929 4295 1108 4355 quaecunque
1123 4277 1204 4337 Deus
1217 4279 1283 4338 vnlt
1301 4278 1367 4338 ideo
1388 4296 1457 4337 esse

240 4353 322 4436 justa
335 4367 365 4418 et
384 4359 469 4433 bona,
490 4355 560 4434 qnia
580 4357 661 4416 Deus
681 4357 754 4416 vult.
798 4356 856 4415 Sed
874 4365 1000 4433 respectu
1016 4357 1081 4433 Del,
1103 4376 1162 4416 non
1182 4377 1296 4436 semper
1316 4357 1457 4417 voluntas

283 4445 340 4496 test
354 4437 412 4497 dici
430 4437 522 4516 prima
543 4436 645 4514 regula
659 4436 801 4514 justitire;
820 4436 922 4513 regula
935 4445 980 4496 est
993 4437 1024 4495 in
1037 4437 1074 4497 iis
1087 4457 1152 4515 que
1166 4437 1324 4498 bonitatem
1339 4445 1454 4498 tantum

259 4515 365 4574 'beram
379 4523 409 4575 et
428 4517 582 4593 positivam
596 4515 712 4590 habent,
728 4515 851 4574 sednon
865 4517 896 4574 in
910 4516 968 4575 illis
982 4534 1047 4593 que
1060 4511 1169 4577 habent
1181 4517 1340 4577 bonitatem
1353 4535 1455 4575 essan-

245 4595 353 4668 tislem,
367 4593 398 4653 id
412 4604 456 4655 est
469 4595 500 4654 in
513 4596 760 4655 caeremonialibus
773 4613 831 4654 non
845 4595 876 4654 in
889 4595 1067 4657 moralibus:
1087 4597 1118 4655 in
1132 4597 1195 4656 istis
1209 4597 1286 4655 enim
1300 4595 1456 4674 regulatur

245 4675 381 4734 voluntas
395 4675 460 4750 Dei,
481 4693 539 4734 nou
553 4675 670 4752 quidam
684 4677 723 4735 ab
735 4677 898 4736 extrinseco
912 4676 964 4737 sed
977 4676 1015 4736 ab
1033 4677 1197 4754 intrinseco,
1219 4676 1354 4737 nimirum
1368 4694 1387 4736 a
1400 4695 1455 4735 na-
