3174 5174
119 399 248 453 osmer.
265 377 310 462 v.]
565 396 604 436 na
618 393 820 438 raovrosarm
835 395 895 438 csr.
1280 383 1338 441 457

174 541 269 602 XIV.
291 539 375 600 Licet
389 539 470 599 Deus
493 545 669 617 pramoveat
690 556 791 598 causas
812 535 961 612 secundas,
977 557 1035 597 non
1055 545 1151 618 potest
1164 547 1261 599 tamen
1281 539 1341 600 dici

131 623 268 683 actiones
283 637 435 679 causarum
457 618 647 678 secundarum
667 618 833 696 producere,
848 626 918 696 puta
938 618 1102 694 calefacere,
1118 619 1167 678 vel
1180 620 1338 680 ambulare.

129 702 211 778 Quia
225 701 283 759 illae
298 699 426 758 actiones
450 699 514 757 Deo
535 705 648 757 tanturn
669 706 836 774 competunt
858 697 1012 775 efficienter,
1028 699 1166 758 creaturis
1179 719 1257 775 vero,
1282 719 1340 759 non

127 791 248 843 tantum
263 779 427 855 efficienter,
444 778 495 837 sed
509 777 596 836 etiam
604 779 777 856 formaliter,
793 785 822 835 et
835 777 986 854 subjective,
1002 776 1147 855 quomodo
1161 779 1198 838 ab
1212 777 1270 838 illis
1288 799 1339 858 po-

129 862 192 921 tius
207 859 430 918 denominantur
444 865 590 933 creatura,
605 877 692 936 quam
706 857 768 934 ipse
783 857 872 916 Deus.

175 940 251 998 XV.
274 938 414 1013 Quamvis
426 939 570 996 Greaturae
580 937 637 995 siut
651 937 842 996 instrumenta
855 936 961 1014 quibus
973 936 1053 996 Deus
1066 935 1157 996 utitur
1171 936 1208 996 ad
1222 957 1340 1015 operum

132 1039 254 1080 suorum
269 1018 470 1077 executionem
482 1039 489 1093 3
513 1017 578 1074 Non
593 1016 728 1076 desinunt
741 1015 888 1094 proprium
898 1017 1004 1076 habere
1018 1015 1169 1094 inflexum,
1182 1027 1211 1077 et
1221 1017 1340 1078 iuduere

131 1099 221 1176 ιχίω
234 1118 388 1157 causarum
407 1097 619 1173 princepaliam,
635 1117 693 1154 non
715 1095 832 1173 quidem
853 1105 987 1174 respectu
1010 1097 1073 1170 Dei,
1090 1096 1142 1155 sed
1166 1098 1341 1175 reliquarum

132 1198 288 1240 causarum
303 1177 360 1235 sibi
374 1176 632 1236 subordinatum.
675 1175 736 1235 Nec
750 1175 907 1235 absurdum
920 1185 964 1236 est
979 1175 1051 1236 duas
1065 1176 1127 1235 dari
1148 1197 1248 1237 causas
1263 1177 1339 1255 ejus·

132 1260 202 1318 dem
225 1276 348 1316 numero
373 1255 492 1314 effectus
515 1255 643 1314 totaliter
664 1263 792 1332 agentes,
814 1253 922 1314 diversi
946 1257 1072 1334 ordinis;
1098 1275 1164 1316 cum
1191 1257 1342 1335 utriusque

134 1359 232 1398 causa
247 1356 307 1396 una
319 1336 437 1394 demum
451 1335 489 1394 sit
502 1335 585 1410 actio,
621 1355 659 1394 ua
673 1335 710 1394 ad
724 1334 857 1395 effectum
872 1343 1054 1395 concurrunt.

176 1417 269 1476 XVI.
292 1416 433 1490 Quamvis
446 1415 595 1492 premotio
640 1414 666 1473 ei
680 1414 854 1474 extendatur
874 1415 912 1473 ad
925 1417 1053 1475 actiones
1070 1415 1169 1492 melas,
1184 1436 1243 1475 non
1256 1436 1341 1494 prop-

133 1507 216 1557 terea
231 1497 328 1554 Deum
343 1495 412 1554 facit
426 1495 517 1572 culpae
532 1515 621 1570 reum,
636 1494 685 1553 vel
699 1495 848 1554 authorem
858 1496 988 1573 peccati;
1011 1495 1084 1570 Quia
1093 1493 1144 1553 illa
1157 1505 1269 1555 tantum
1277 1517 1341 1574 per·
1429 1522 1433 1532 ·

134 1579 210 1637 tinet
223 1576 263 1636 ad
276 1575 414 1650 actiones,
430 1583 572 1651 quatenus
593 1575 778 1633 materialiter
802 1582 830 1633 et
851 1576 990 1634 cadmeae
1010 1595 1041 1634 se
1061 1575 1177 1650 habent,
1193 1595 1251 1634 non
1272 1595 1342 1634 vero

135 1657 294 1731 moraliter,
309 1654 349 1713 id.
364 1654 402 1712 ad
416 1663 494 1712 actae
507 1655 697 1729 adstantiam,
720 1653 843 1712 sednon
857 1654 895 1713 ad
905 1656 968 1732 ejus
982 1655 1119 1714 malitiam
1128 1679 1138 1713 .·
1158 1654 1219 1714 Nec
1233 1674 1342 1714 novum

137 1746 191 1812 est,
206 1744 240 1796 ut
253 1755 313 1794 uua
326 1733 483 1811 eademque
498 1734 572 1792 actio
594 1732 786 1792 diversimode
806 1734 1010 1810 consideretur,
1026 1734 1074 1794 vel
1082 1735 1205 1812 physice,
1221 1735 1269 1794 vel
1283 1755 1341 1794 mo·

136 1818 241 1876 salites·
248 1841 260 1889 ;
282 1815 325 1874 Ut
340 1815 530 1891 Magistratus
545 1822 589 1872 est
600 1832 686 1872 causa
696 1813 798 1872 mortis
811 1833 876 1892 quae
887 1813 1028 1892 infligitur
1041 1835 1090 1874 reo
1104 1835 1121 1872 a
1136 1814 1277 1890 carnifice,
1290 1814 1342 1874 sed

139 1917 201 1955 non
214 1904 259 1954 est
271 1914 358 1954 causa
372 1893 551 1952 crudelitatis
565 1913 652 1970 quam
665 1894 695 1951 iu
706 1893 757 1950 illa
766 1892 843 1951 caede
855 1893 992 1968 exhibet3
1015 1893 1189 1952 citharoedus
1199 1894 1342 1972 pulsando

143 1975 279 2035 citharam
293 1982 338 2033 ast
352 1993 440 2032 causa
454 1973 525 2049 soni,
537 1993 596 2031 non
607 1993 677 2032 vero
691 1973 952 2049 dissonantiasque
967 1973 1057 2032 oritur
1071 1992 1087 2030 a
1102 1973 1233 2049 chordis,
1250 1982 1279 2033 et
1292 1974 1342 2050 qui

140 2056 232 2132 agitat
241 2052 590 2131 equumcleudum,ceusa
599 2061 643 2111 est
651 2053 789 2128 incessus,
797 2052 848 2110 sed
856 2072 914 2110 non
923 2051 1149 2111 claudicationis.
1171 2052 1343 2127 Necobstat,

139 2135 217 2212 quod
231 2133 343 2192 malitia
356 2133 409 2191 tali
422 2133 499 2191 actui
512 2133 674 2192 necessario
685 2140 714 2191 et
724 2131 952 2210 inseparabiliter
966 2139 1010 2191 est
1024 2151 1155 2207 annexa3
1170 2131 1247 2190 unde
1262 2133 1344 2208 sequi

140 2214 264 2289 videtur,
275 2233 342 2272 eum
350 2212 401 2289 qui
410 2220 454 2271 cst
464 2232 551 2272 causa
559 2213 626 2271 talis
636 2220 727 2287 aetus,
734 2231 797 2270 esse
806 2213 892 2270 etiam
902 2210 1006 2270 debere
1015 2231 1131 2270 causam
1139 2207 1265 2287 malitiae,
1276 2212 1345 2288 quia

140 2295 276 2354 voluntas
292 2301 388 2351 creata
401 2311 459 2350 non
470 2293 553 2352 aliter
567 2301 611 2352 est
621 2311 709 2352 causa
718 2289 835 2350 moralis
845 2291 971 2365 malitias,
983 2291 1040 2350 nisi
1050 2299 1191 2369 quatenus
1205 2299 1249 2349 est
1257 2311 1345 2350 causa

140 2373 298 2433 materialis
306 2379 398 2448 actus,
414 2372 461 2431 cui
472 2373 633 2431 necessario
644 2381 688 2431 est
697 2391 810 2431 annexa
818 2371 937 2430 malitia.
960 2371 996 2431 R.
1009 2371 1084 2429 Nam
1092 2371 1165 2429 falso
1175 2371 1345 2449 supponitur

140 2454 321 2513 voluntatem
336 2460 461 2511 creatam
475 2471 533 2511 non
547 2452 631 2511 eliter
640 2471 704 2511 esse
718 2472 834 2511 cauam
844 2451 970 2523 malitia,
984 2450 1041 2509 nisi
1049 2459 1190 2528 quatenus
1205 2460 1249 2510 est
1258 2471 1345 2510 causa

140 2541 231 2608 actus,
247 2532 295 2592 cui
309 2551 423 2590 annexa
436 2540 481 2591 est
495 2531 623 2608 malitia;
645 2532 713 2609 quia
732 2532 874 2607 voluntas,
889 2538 923 2589 ut
936 2551 1022 2607 ageas
1029 2532 1184 2607 physicam,
1199 2538 1245 2590 est
1258 2551 1346 2590 cauae

135 2615 256 2690 physica
269 2621 357 2686 actua
373 2611 424 2670 sed
437 2619 470 2670 ut
484 2632 569 2688 agene
582 2613 698 2687 morale,
714 2620 758 2670 est
771 2631 858 2670 cauea
872 2611 988 2670 moralis
1002 2613 1124 2687 malitia,
1134 2631 1193 2670 non
1207 2611 1344 2689 simplici·

139 2701 184 2752 ter
204 2693 275 2770 qnia
288 2699 385 2750 actum
404 2690 538 2768 producit
552 2690 603 2750 sed
620 2691 688 2768 quia
702 2699 797 2750 actum
811 2691 898 2750 talem
919 2691 1052 2768 producit
1065 2699 1165 2750 contm
1178 2690 1282 2768 legem,
1299 2689 1346 2750 cui

141 2773 287 2833 obnoxius
300 2771 387 2828 homo
401 2779 479 2847 erat;
502 2771 596 2829 Causa
610 2791 679 2848 ergo
694 2791 745 2830 cur
759 2771 868 2830 malitia
882 2770 1038 2848 imputetur
1049 2771 1191 2830 voluntati
1201 2772 1344 2845 humana,

140 2871 199 2910 nou
213 2860 259 2911 est
274 2849 442 2927 simpliciter
452 2851 520 2928 quia
530 2850 663 2928 producit
676 2859 771 2909 actum
783 2851 813 2908 in
822 2870 927 2928 genere
938 2851 1020 2926 entis,
1032 2859 1065 2910 ut
1079 2869 1169 2927 agens
1182 2851 1344 2928 physicum,

141 2931 193 2991 sed
207 2931 278 3008 quia
290 2939 335 2989 est
348 2930 435 2988 homo
449 2929 508 3006 legi
529 2929 671 3004 subditus,
687 2931 737 3007 qui
758 2929 890 3006 producit
911 2937 1007 2988 actum
1020 2930 1152 3006 vetitum,
1178 2950 1235 3006 qua
1255 2949 1346 3006 agens

141 3011 259 3070 morale.
302 3009 389 3069 Unde
403 3009 513 3068 malitia
525 3009 643 3067 moralis
656 3029 715 3067 non
730 3007 859 3085 sequitur
872 3008 1025 3066 intrinsece
1039 3017 1068 3068 et
1082 3028 1120 3067 ex
1133 3016 1236 3067 natum
1250 3009 1291 3067 rei
1305 3007 1343 3065 ad

142 3099 247 3166 actum,
262 3096 296 3148 ut
310 3097 392 3148 actus
406 3097 451 3147 est
470 3088 500 3146 in
521 3108 626 3166 genere
647 3097 765 3162 naturae,
781 3088 832 3146 sed
846 3096 879 3147 ut
892 3086 1023 3165 procedit
1043 3107 1060 3145 a
1080 3086 1229 3146 voluntate
1250 3095 1347 3145 creata

142 3170 303 3245 deficiente,
320 3168 366 3228 cui
379 3167 507 3246 proinde,
522 3188 582 3227 non
597 3168 669 3242 Deo,
685 3166 771 3226 debet
785 3166 873 3226 tn'bui
897 3167 1051 3226 causalitas
1069 3166 1188 3244 peccati.
1232 3165 1346 3226 Deinde
1428 3159 1432 3169 '

142 3251 215 3310 ratio
228 3268 289 3308 non
302 3249 398 3308 minus
412 3248 518 3307 militat
528 3256 631 3307 ‘contm
645 3264 815 3306 concursum
830 3245 1040 3322 simultaneum,
1056 3265 1142 3322 quam
1159 3253 1260 3304 contra
1273 3265 1346 3323 prse-

142 3330 231 3404 vium,
247 3329 316 3406 quia
327 3328 414 3406 juxta
427 3328 510 3387 illum
525 3329 605 3387 Deus
620 3326 763 3386 concurrit
784 3325 870 3384 etiam
883 3345 953 3384 vers
967 3333 996 3384 et
1017 3325 1172 3385 efficienter
1192 3326 1229 3385 ed
1249 3333 1346 3385 actum

142 3409 322 3469 materialem
336 3409 455 3486 peccati,
471 3427 540 3485 ergo
555 3407 672 3466 debebit
685 3407 772 3465 etiam
787 3426 850 3464 esse
864 3425 952 3464 causa
965 3405 1090 3482 malitiae,
1107 3425 1171 3483 qua
1185 3406 1229 3464 illi
1242 3415 1286 3466 est
1295 3425 1346 3464 an·

141 3509 228 3548 nexa.
253 3487 388 3547 Saniorcs
399 3487 571 3546 Scholastici
584 3487 668 3546 nobis
683 3485 903 3564 adstipulantur,
916 3487 1038 3545 Thorace
1051 3487 1081 3544 in
1090 3490 1118 3547 2.
1129 3486 1195 3546 dist.
1211 3489 1259 3546 37.
1275 3506 1303 3564 q.
1315 3491 1344 3545 2.

142 3577 196 3628 art.
212 3573 240 3643 2,
258 3570 277 3602 “
290 3568 370 3626 Deus
384 3568 414 3624 in
428 3567 540 3626 actione
555 3566 730 3625 deformitati
753 3567 916 3644 conjuncta,
928 3567 984 3624 hoc
1002 3566 1081 3644 quod
1103 3575 1147 3625 est
1166 3567 1288 3626 actionis
1304 3565 1345 3626 se·

142 3649 191 3724 eit,
201 3646 282 3725 quod
296 3647 485 3706 deformitatis
499 3655 615 3706 estnon
629 3646 716 3723 facit;
739 3647 793 3706 etsi
812 3647 889 3704 enirn
903 3646 933 3703 in
955 3645 1051 3723 aliquo
1065 3645 1170 3705 effectu
1183 3646 1266 3724 plura
1280 3653 1348 3704 sunt

141 3727 374 3805 inseparabiliter
388 3727 549 3803 conjuncta,
565 3746 623 3785 non
637 3734 751 3804 oportet
764 3734 797 3786 ut
817 3724 956 3803 quicquid
970 3725 1008 3784 sit
1028 3745 1114 3784 causa
1131 3725 1194 3802 ejus
1208 3731 1348 3801 quantum

143 3808 182 3866 ad
195 3827 295 3882 unum,
311 3806 350 3866 sit
362 3807 449 3865 etiarn
463 3825 550 3864 causa
564 3807 627 3884 ejus
641 3815 780 3883 quantum
794 3805 832 3863 ad
846 3805 997 3864 alterum.''
1013 3805 1060 3863 Ita
1074 3802 1227 3862 Caietanus
1236 3803 1266 3859 in
1282 3805 1308 3860 1.
1318 3807 1347 3860 2.

143 3907 172 3964 q.
188 3889 236 3962 79,
246 3895 300 3946 art.
313 3889 339 3945 1.
356 3888 374 3919 “
387 3885 523 3963 Sequitur
530 3885 625 3961 tertio,
635 3884 713 3962 quod
721 3904 780 3942 non
788 3893 832 3944 cst
846 3883 922 3942 idem
932 3901 1101 3942 concurrere
1110 3881 1250 3940 adactum
1260 3881 1347 3940 talem

144 3965 303 4026 secundum
314 3965 345 4024 id
354 3965 432 4042 quod
442 3965 530 4023 habet
540 3965 577 4024 ab
588 3971 692 4041 agente
702 3971 735 4022 ut
749 3964 799 4037 sic,
807 3971 836 4021 et
850 3961 1007 4021 secundum
1015 3961 1094 4038 quod
1102 3960 1190 4019 habet
1199 3961 1235 4018 ab
1244 3969 1349 4036 agente

143 4053 177 4106 ut
190 4044 351 4120 deficiente,
364 4045 438 4104 sicut
452 4063 510 4103 non
524 4064 555 4105 cs
579 4044 655 4102 idem
666 4062 730 4102 esse
744 4062 842 4120 agens,
854 4049 884 4100 et
897 4059 961 4101 esse
974 4039 1140 4099 deficiens.’'
1156 4038 1282 4098 Alvarez
1296 4038 1348 4099 lib.

143 4125 174 4185 ii.
189 4145 252 4204 cap.
268 4128 297 4185 9.
314 4124 410 4184 “Non
432 4123 562 4201 sequitur
623 4144 672 4182 um
686 4142 750 4182 esse
764 4141 879 4181 causam
899 4120 1019 4198 peccati,
1035 4120 1103 4197 quia
1124 4118 1296 4178 determinat
1312 4118 1350 4177 ad

144 4213 260 4282 actum3
292 4205 360 4282 qnia
374 4204 541 4264 deformitas
555 4203 740 4281 consequitur
753 4210 858 4276 actum,
867 4221 927 4259 non
940 4200 1099 4260 secundum
1107 4198 1186 4277 quod
1199 4207 1244 4257 est
1257 4198 1287 4255 in
1298 4218 1348 4276 ge·

143 4304 213 4345 nere
226 4293 346 4360 natura,
359 4284 410 4344 sed
425 4284 582 4344 seeundum
593 4283 672 4362 quod
685 4291 729 4342 est
745 4282 776 4340 in
790 4299 895 4360 genere
909 4299 1029 4355 morum,
1045 4289 1074 4340 et
1087 4287 1172 4358 prout
1186 4286 1319 4338 causatur
1333 4298 1351 4336 a

144 4365 236 4424 libero
249 4364 398 4424 arbitrio.''

186 4443 296 4503 XVII.
319 4445 392 4503 Cum
406 4443 437 4501 in
458 4443 537 4510 omni
558 4445 670 4504 actione
691 4441 793 4502 morali
814 4439 976 4501 necessario
997 4437 1202 4516 distinguenda
1222 4436 1261 4497 sit
1281 4437 1349 4496 sub·

146 4523 254 4583 santa
267 4530 350 4583 actus
364 4524 394 4582 in
409 4543 515 4601 genere
530 4525 613 4601 entis,
629 4524 666 4583 ab
691 4522 821 4602 ejusdem
842 4521 971 4580 bonitate
992 4519 1041 4579 vel
1061 4517 1172 4578 malitia
1192 4518 1222 4575 in
1244 4537 1350 4596 genere

146 4603 245 4680 moris,
260 4603 337 4663 actio
351 4603 535 4682 intelligendi
549 4612 579 4664 et
592 4603 710 4664 volendi
724 4601 901 4680 simpliciter,
917 4621 981 4679 quae
995 4599 1084 4660 hebet
1102 4598 1241 4658 rationem
1263 4607 1350 4657 mate·

146 4683 237 4759 riatr's,
253 4683 292 4742 ab
316 4684 429 4746 actione
450 4683 632 4762 intelligendi
652 4692 682 4743 et
695 4683 815 4744 volendi
834 4683 891 4742 hoc
911 4682 960 4741 vcl
980 4679 1054 4741 illud
1074 4679 1220 4759 objectum
1239 4677 1352 4738 licitum
