3158 5180
275 344 334 400 tls
757 356 849 399 nouus
863 357 999 406 orsurus.
1303 335 1464 418 [onasum.

274 505 434 579 peccatum,
449 506 530 560 etex
550 505 669 577 peceato
683 517 780 575 mors3
803 496 872 576 quia
892 497 972 572 alias,
987 504 1020 557 ιιι
1034 494 1197 575 Apostolus
1218 496 1466 572 aitRom.iv.15.

279 581 335 639 Ubi
346 601 402 638 noa
416 588 457 638 eet
468 581 542 654 Lex,
556 579 595 637 iti
606 599 656 637 nec
669 588 710 637 est
722 577 915 654 transmeatio,
931 597 985 636 nec
998 597 1076 636 mors
1089 597 1156 654 quae
1170 596 1210 635 err
1222 576 1274 635 illa
1286 577 1379 636 oritur.
1418 579 1468 638 Sed

274 679 334 718 non
346 667 498 737 propterea
511 658 576 736 quis
589 658 647 716 nisi
659 678 809 735 perperam
822 658 933 733 inferat,
951 657 992 715 Le
1031 676 1069 731 rn,
1080 665 1149 716 ante
1163 675 1251 732 quam
1264 665 1406 733 peceatum
1418 677 1468 716 noa

274 737 483 832 imputabatur,
489 738 578 797 fuisse
592 737 782 831 Adnmieam..
796 737 881 812 Quod
889 756 958 830 vero
1011 736 1088 796 dion
1102 736 1139 794 de
1154 736 1192 793 iia
1205 736 1256 812 qui
1267 756 1322 794 aon
1330 747 1469 830 peccarunt

274 816 1468 972 tttttl‘dttrttttttttttetttttttttttttbtl

275 977 313 1036 ad
326 977 418 1036 instar
431 977 549 1051 Adurni,
566 975 618 1034 sed
631 977 697 1035 labe
710 983 823 1034 tautum
837 975 972 1052 originali
987 983 1055 1034 sunt
1075 973 1186 1050 infecti,
1202 994 1268 1050 qua
1288 994 1337 1032 eos
1350 975 1468 1033 condent-

275 1056 386 1150 nationi
400 1064 429 1115 et
442 1057 529 1116 morti
537 1055 674 1148 subjicit..
705 1055 791 1148 Unde
805 1055 874 1114 licet
886 1062 1052 1132 peccatores
1066 1053 1204 1149 similiter
1210 1074 1278 1112 curn
1287 1052 1395 1148 Adamo
1407 1055 1469 1148 bane

273 1133 1467 1294 lrtttttttffltttttttlttttttttttttttbtttt”tete

274 1303 370 1372 potest
383 1295 423 1353 ad
436 1295 654 1354 similitudinem
667 1294 779 1371 peceati
793 1293 910 1369 Adanu,
926 1293 1006 1370 quod
1026 1293 1069 1350 illi
1090 1293 1241 1370 proprium
1255 1291 1319 1368 suit,
1333 1291 1466 1352 sedetiam

272 1375 409 1452 ymerioe,
425 1394 483 1453 quo
496 1383 582 1452 pacto
595 1374 691 1433 omnia
704 1381 823 1452 ριιιιιι
836 1373 962 1434 actualia
975 1372 1019 1432 illi
1034 1381 1101 1432 ιιιιιι
1115 1372 1234 1432 similia

743 1613 939 1688 suasuro
960 1612 1020 1672 nr.

694 1790 734 1830 Dll¹
748 1790 873 1832 noturus
887 1789 1067 1832 cursurum.

271 1931 421 1990 AnHomo
434 1929 463 1988 t'n
470 1929 556 2008 proris
564 1931 739 1990 muralibus
749 1932 875 1990 conditus
880 1931 981 2006 firmi,
991 1934 1035 1991 uel
1042 1931 1126 1990 condi
1132 1934 1236 1990 saltem
1239 1930 1380 2008 potierit!
1400 1928 1461 2006 Neg.

594 2019 695 2070 contra
709 2011 890 2090 Pelagianos,
906 2019 936 2070 et
951 2011 1157 2071 scholasticos.

317 2169 343 2228 Ι.
366 2169 409 2230 Ut
423 2169 552 2243 Quaestio
565 2169 630 2245 ista,
646 2190 711 2247 qun
731 2169 815 2230 nobis
830 2190 895 2229 oum
910 2169 1075 2247 Pelagianis
1095 2170 1256 2244 veteribus,
1272 2175 1301 2228 et
1319 2164 1462 2225 recentiori·

274 2249 331 2308 bus
344 2249 504 2322 intercedit,
520 2249 624 2307 melius
638 2249 835 2326 intelligatur,
859 2249 936 2324 Quid
949 2269 1094 2327 perparce
1107 2259 1223 2308 naturoe
1236 2250 1352 2322 διαιυιι,
1366 2245 1409 2304 rel
1421 2263 1463 2321 per
1538 2283 1539 2322 ᾗ

266 2347 349 2404 pura
361 2328 507 2386 naurs-alia
520 2327 568 2386 hic
582 2327 751 2404 designetur
764 2338 831 2389 aute
846 2329 942 2388 omnia
955 2328 1111 2388 tenendum
1125 2337 1183 2388 est.
1538 2325 1539 2396 ἶ

576 2405 619 2464 ΙΙ.
640 2409 786 2467 Naturale
799 2409 938 2468 trifariam
953 2408 1028 2468 sumi
1041 2417 1145 2485 potest,
1160 2408 1214 2467 vel
1227 2427 1280 2485 pro
1294 2426 1330 2465 ec
1341 2403 1411 2482 quod
1419 2421 1459 2461 an
1538 2397 1539 2416 ¹

272 2459 514 2563 N‘ffiffflm
535 2493 630 2545 trrram
644 2488 790 2564 emutuit,
806 2497 836 2548 et
849 2489 911 2565 ejus
926 2495 1050 2565 estpars
1064 2488 1240 2563 essentialis,
1253 2486 1301 2546 vel
1314 2483 1459 2561 integratis

533 2565 581 2624 vel
595 2585 648 2644 pro
662 2587 696 2626 eo
718 2567 796 2645 quod
809 2577 943 2626 naturam
964 2569 1138 2626 comtitutam
1157 2566 1325 2628 immediate
1339 2573 1366 2624 et
1378 2581 1458 2621 neces

272 2644 348 2703 sario
362 2643 546 2720 omnequitur,
560 2653 595 2704 ιιι
609 2647 672 2724 ejus
685 2647 845 2725 proprietas
857 2669 863 2722 ;
885 2646 935 2705 vel
947 2665 1000 2724 pro
1015 2667 1049 2706 eo
1064 2647 1143 2725 quod
1160 2657 1277 2706 naturae
1289 2653 1332 2705 est
1351 2641 1458 2718 cooperti·

272 2733 338 2798 urm,
354 2732 383 2782 et
407 2733 627 2800 cerumtamen,
644 2727 778 2804 quodque
803 2746 866 2785 eam
890 2735 974 2785 ornat
994 2734 1024 2786 et
1043 2727 1164 2805 perficit,
1189 2727 1286 2804 qualis
1307 2733 1349 2783 est
1361 2721 1458 2781 habitus

271 2802 355 2861 nobis
370 2804 550 2881 congenitus.
603 2805 661 2864 Hic
674 2825 744 2864 vero
758 2825 816 2864 non
838 2806 935 2884 agitur
948 2806 985 2866 de
1007 2807 1189 2866 naturalibus
1211 2807 1296 2866 tertio
1311 2821 1397 2876 seusu,
1416 2797 1456 2858 sed

536 2885 636 2962 primo,
652 2892 682 2943 et
703 2884 837 2962 secundo,
860 2885 899 2944 id.
917 2885 966 2944 vel
986 2885 1191 2960 constitutivis,
1208 2887 1258 2945 vel
1278 2879 1456 2950 consecutivis,

294 2937 492 3042 Qul‘lffissm
537 2984 602 3042 qun
609 2984 691 3041 pura
704 2964 839 3024 dicuntur
859 2965 989 3043 opposite
1009 2965 1047 3024 ad
1067 2965 1238 3040 accidentia,
1254 2985 1305 3025 seu
1324 2961 1457 3040 qualitates

537 3044 711 3122 separabiles
723 3066 730 3120 3
752 3044 853 3121 Atque
866 3045 907 3103 ita
919 3046 1006 3104 homo
1027 3045 1058 3103 in
1071 3045 1151 3123 puris
1169 3045 1348 3104 naturalibus
1360 3040 1454 3110 dicitur,

273 3122 324 3200 qui
338 3129 453 3182 constat
466 3123 596 3200 partibus
611 3123 679 3198 stris,
695 3134 725 3183 et
736 3125 960 3202 proprietatibus
974 3124 1183 3200 essentialibus,
1200 3125 1310 3202 absque
1328 3121 1396 3180 douo
1405 3119 1455 3194 jus

271 3201 343 3260 titiae
358 3202 516 3279 originalia,
533 3211 562 3261 et
576 3202 638 3262 sine
652 3203 720 3263 ullis
733 3203 921 3281 qualitatibus
935 3204 984 3262 val
1006 3203 1154 3263 habitibus
1168 3201 1368 3281 superadditis,
1386 3195 1454 3256 bonit

534 3282 583 3340 vel
597 3283 689 3342 malis.
733 3283 773 3341 Et
785 3293 874 3342 ιιαιιιι
882 3303 968 3360 parc
987 3292 1099 3342 notrroe
1111 3292 1241 3358 vocatur,
1252 3283 1373 3360 puritate
1385 3293 1453 3352 nesa-

292 3334 326 3380 Et
336 3337 494 3438 ppppppura
535 3361 600 3496 tiela,
616 3381 675 3498 udor
683 3363 886 3501 pfflassqplm
897 3363 1007 3500 pollicet
1016 3371 1126 3422 natura
1137 3362 1351 3440 superadditum
1364 3357 1452 3418 bonum

533 3457 570 3496 ve
595 3459 624 3496 m
655 3460 703 3498 urn
824 3461 843 3499 a
863 3461 918 3500 ea.

310 3513 370 3572 III.
393 3515 459 3572 Non
473 3516 620 3594 quaeritur,
636 3517 686 3575 An
701 3520 851 3596 concipere
871 3521 1016 3597 possimus
1029 3521 1174 3581 bominem
1195 3521 1318 3600 inpuris
1335 3509 1452 3576 naturali·

269 3593 333 3668 bus,
349 3592 504 3670 cogitando
519 3594 555 3654 de
570 3595 634 3672 ejus
655 3598 781 3656 essentia
794 3606 824 3657 et
843 3601 1067 3677 proprietatibus
1090 3601 1300 3672 essentialibus,
1315 3617 1368 3656 non
1387 3589 1450 3668 cogi·

268 3672 357 3732 tando
372 3671 408 3732 de
423 3673 487 3751 ejus
507 3673 644 3750 bonitate,
660 3677 709 3735 vel
729 3678 848 3752 malitia,
864 3680 943 3757 quod
963 3681 1098 3758 utrinque
1119 3689 1163 3740 est
1187 3681 1218 3740 in
1232 3679 1376 3740 confesso:
1396 3667 1450 3760 Sed,

269 3750 319 3812 Αιι
333 3753 428 3828 homo,
444 3753 539 3830 qualia
552 3775 568 3814 e
582 3775 669 3815 manu
685 3756 741 3815 Dei
762 3758 879 3835 prodiit,
894 3759 925 3816 in
945 3759 998 3818 tali
1011 3769 1090 3820 statu
1110 3759 1244 3820 conditus
1257 3760 1303 3835 sit,
1317 3755 1362 3816 rel
1380 3747 1451 3812 cond]

251 3832 371 3920 ,susm
384 3833 533 3912 potuerit?
554 3834 639 3910 Quod
652 3855 801 3914 negamus.

311 3913 367 3972 1v.
390 3913 450 3973 Res
463 3913 548 3973 nobis
561 3915 610 3974 hic
623 3925 668 3976 est
682 3937 747 3977 cum
763 3917 928 3996 Pelagianis
941 3918 1096 3995 vetefibus,
1112 3928 1142 3980 et
1155 3919 1257 3996 novis;
1279 3931 1390 3996 quorum
1408 3905 1450 3978 illi

267 3999 301 4052 ut
314 4002 465 4070 peccatum
478 3994 618 4072 originale
633 3995 821 4074 destruerent,
837 4006 867 4058 et
886 3999 1009 4058 liberum
1023 3999 1174 4060 arbitrium
1196 3998 1358 4068 stabilirent,
1372 3991 1447 4048 fiffi·

267 4080 336 4131 runt
349 4081 456 4132 statum
468 4093 549 4151 purat
563 4083 681 4152 natura,
691 4077 722 4134 in
736 4096 794 4154 quo
806 4078 893 4137 bomo
907 4077 1040 4138 conditus
1054 4077 1141 4140 fuerit
1149 4079 1186 4138 ab
1197 4079 1286 4152 initio,
1297 4084 1325 4135 et
1337 4065 1448 4151 quotrdre

268 4152 355 4210 etiam
369 4161 512 4212 nascatur.
555 4153 618 4229 Quo
632 4155 777 4232 pertinent
790 4157 841 4216 illa
855 4156 968 4235 Pelagii
988 4157 1065 4236 apud
1079 4159 1154 4235 Aup.
1169 4158 1206 4217 de
1220 4158 1331 4218 Peccat
1345 4149 1409 4225 orig.
1427 4163 1447 4200 ι·
1536 4153 1537 4181 ¹

270 4233 316 4306 13,
334 4233 351 4264 “
363 4231 455 4292 Omne
468 4233 577 4292 bonum
591 4255 624 4293 ac
638 4235 755 4312 malurn,
770 4256 828 4314 quo
842 4237 890 4296 vel
911 4235 1081 4313 laudabiles,
1097 4239 1145 4296 vel
1165 4235 1342 4298 illaudabiles
1354 4241 1445 4294 sumssb
1535 4249 1536 4252 ’

266 4329 326 4368 non
339 4311 490 4370 nobiscum
504 4313 602 4390 oritur,
619 4313 672 4374 sed
684 4315 781 4392 egitm
794 4336 812 4374 a
825 4316 918 4376 uobis.
961 4316 1088 4395 Capanea
1098 4317 1175 4376 enim
1188 4318 1334 4392 utriusque
1346 4308 1391 4382 rel
1400 4319 1447 4361 ⁰⁰¹¹

266 4389 346 4465 pleni
359 4389 512 4467 noscimur,
528 4401 557 4451 et
571 4401 603 4452 ut
617 4394 679 4452 siue
692 4394 809 4471 virtute,
824 4396 908 4455 itaet
922 4395 984 4454 sine
998 4396 1070 4456 vitio
1089 4415 1279 4474 procreemur,
1294 4401 1372 4468 atque
1390 4389 1446 4476 Ψ*

266 4469 409 4528 actionem
422 4472 545 4548 propriae
559 4473 726 4548 voluntatis,
739 4474 770 4531 id
784 4475 877 4534 solum
888 4475 919 4532 in
932 4475 1047 4535 bomine
1062 4484 1107 4536 est
1120 4477 1199 4554 quod
1211 4477 1289 4536 Deus
1299 4463 1414 4530 condidit
1422 4458 1444 4518 :”

266 4543 322 4634 Isti
335 4566 405 4605 vero
419 4549 477 4607 illis
492 4549 522 4607 in
535 4570 570 4609 eo
584 4551 805 4628 adstipulantur,
816 4562 851 4613 ut
864 4553 977 4614 leoffius
987 4564 1123 4615 tueantur
1133 4557 1155 4616 J
1156 4557 1282 4616 ustitiam
1295 4541 1444 4625 originalem

265 4619 354 4684 fiusse
368 4624 475 4684 donum
497 4631 721 4707 supernaturale,
737 4633 954 4710 superadditum
978 4643 1097 4710 naturae,
1114 4644 1251 4713 tanquam
1271 4644 1378 4691 aureum
1390 4619 1443 4678 fre·
