3044 5180
287 333 346 390 304
752 344 1004 394 soeusonaarua
1288 326 1467 408 [cumam.

327 487 400 547 XV.
423 487 501 548 Loca
515 486 589 564 Eph.
604 485 625 546 i
642 487 688 561 10,
703 486 754 545 ubl
767 488 862 546 onmia
874 489 1022 546 resedato
1036 486 1172 548 dicuntur
1185 487 1215 546 io
1230 487 1347 564 oeae,
1356 498 1407 548 ιαιιι
1418 511 1468 566 quo

284 567 796 645 incoebsquomquoesuotinterre,
812 567 928 626 Etcol.
943 565 963 626 i.
978 569 1026 644 20,
1041 587 1194 644 quumper
1210 569 1467 644 ipaeurseomitau

285 649 416 707 dicantar
429 647 524 706 omnic
533 649 606 722 Deo,
615 666 692 722 pace
699 667 758 722 per
766 647 930 723 ιαιιοιιίοεηι
940 650 998 723 ejus
1003 650 1109 721 foeta:
1131 666 1191 705 non
1200 648 1336 706 evincunt
1345 647 1466 707 Eleaticu-

284 748 330 786 em
344 727 527 805 Angelorum
539 727 681 786 bonorum
695 725 800 785 saetam
814 746 878 786 esse
898 727 929 784 in
943 726 1068 786 Christo.
1111 730 1139 785 1.
1162 725 1238 801 Quis
1257 736 1374 804 possunt
1389 729 1468 786 referri

283 808 323 866 ad
335 809 475 882 homines,
490 815 550 866 tam
564 807 826 884 comprehensores,
841 826 928 885 quam
942 807 1076 882 viatores,
1091 816 1126 866 ut
1143 805 1322 884 significemur
1333 807 1363 865 in
1376 807 1468 866 Christo

256 929 261 934 -
281 887 413 966 recolligi
426 896 457 947 et
469 885 648 945 reconciliari
662 887 726 945 Deo
739 886 905 946 universam
919 886 1088 961 Ecclesiam,
1104 894 1170 946 tum
1184 887 1301 946 Veteris
1316 906 1396 965 quam
1409 887 1468 946 Novi

282 967 469 1044 Testamenti,
484 966 564 1024 illam
578 965 801 1043 triumphantem
815 966 847 1024 iu
860 965 951 1042 ecelis,
966 966 1051 1026 istam
1064 966 1241 1026 militantem
1254 966 1347 1026 adhuc
1356 966 1384 1024 in
1393 975 1467 1040 terrm

281 1056 369 1125 atque
383 1047 414 1106 id
427 1067 462 1106 eo
476 1047 582 1106 certius
595 1045 712 1105 videtur
724 1045 896 1120 confirmari,
911 1045 991 1123 quod
1004 1053 1108 1124 agatur
1121 1045 1161 1105 de
1175 1046 1381 1122 recollectione,
1394 1053 1419 1105 et
1434 1066 1466 1105 re·

281 1127 483 1188 conciliatione
497 1145 595 1186 eorum
610 1126 661 1202 qui
674 1125 797 1202 disjecti,
812 1133 842 1185 et
855 1125 943 1184 divisi
957 1125 1072 1185 hierem
1080 1146 1099 1185 a
1109 1125 1176 1185 Deo
1186 1146 1240 1204 per
1249 1134 1399 1204 peccabam,
1408 1125 1467 1202 quod

282 1207 318 1267 de
333 1207 459 1284 Angelis
472 1205 530 1266 dici
544 1205 653 1283 nequit
695 1208 723 1264 2.
746 1204 886 1280 Quamvis
896 1205 986 1265 verba
996 1205 1227 1266 extenderentur
1240 1206 1279 1265 ad
1286 1205 1415 1283 Angelos
1425 1223 1467 1263 non

281 1297 450 1364 sequeretur
463 1287 571 1346 electos
593 1283 683 1344 suase
697 1293 726 1344 ct
746 1284 930 1345 confirmatos
951 1305 1004 1362 per
1018 1285 1188 1362 Christum
1209 1286 1281 1364 quia
1300 1295 1411 1363 possunt
1424 1284 1465 1344 dici

281 1367 413 1444 recolligi
427 1366 458 1424 in
472 1365 595 1440 Christo,
610 1365 660 1424 vel
673 1373 815 1442 quatenus
828 1385 881 1442 per
900 1365 1033 1424 homiues
1046 1364 1076 1422 in
1091 1365 1279 1443 Angelorum
1294 1365 1426 1443 lapsorum
1436 1364 1466 1422 lc

282 1467 348 1506 cum
362 1447 535 1524 subrogatos
547 1465 600 1522 per
614 1444 767 1521 Christum,
783 1453 932 1522 reparatum
945 1455 975 1505 et
987 1445 1145 1504 resarcitur
1155 1445 1250 1505 veluti
1263 1465 1358 1506 eorum
1366 1444 1463 1522 jactum,
1504 1487 1505 1508 ι

282 1536 315 1587 ut
328 1527 423 1586 voluit
434 1527 615 1602 Acpuatime,
632 1524 750 1583 Euchir.
764 1545 790 1584 c.
805 1528 853 1600 62,
866 1535 895 1584 et
908 1531 974 1602 post
984 1544 1051 1585 eum
1061 1527 1254 1585 Lornbcrdrm
1286 1525 1342 1584 Vel
1350 1532 1465 1602 quatenns

283 1606 415 1666 Christus
428 1625 500 1684 pace
514 1604 590 1664 iacta
604 1604 737 1681 Angelos
750 1605 916 1664 hominibus
926 1605 1102 1681 conciliavit,
1114 1613 1149 1664 ut
1158 1605 1257 1683 posita
1267 1604 1404 1678 seditione,
1414 1601 1463 1662 boni

282 1686 370 1761 cives,
386 1694 416 1746 et
429 1686 560 1760 rebelles,
576 1684 627 1762 qui
643 1684 723 1778 prius
737 1683 843 1744 infensi
856 1693 937 1744 erant
951 1684 1026 1744 inter
1046 1705 1086 1760 sc,
1102 1685 1335 1759 reconciliantur,
1348 1693 1375 1744 ct
1386 1682 1464 1760 positis

281 1765 356 1826 odiis
370 1767 425 1826 suh
439 1765 541 1825 eodem
556 1765 690 1843 Principe
703 1764 808 1823 vivum
817 1763 1035 1842 intranquille,
1047 1783 1082 1823 ac
1091 1765 1117 1823 si
1128 1785 1222 1824 uuum
1235 1783 1275 1825 ex
1284 1762 1405 1822 omnibus
1413 1779 1462 1820 con·

281 1845 382 1906 flatum
396 1855 475 1906 esset
488 1864 601 1923 corpus,
616 1865 681 1922 quae
695 1844 838 1904 sententia
851 1853 896 1904 est
911 1845 1052 1920 Otrycost.
1067 1845 1099 1902 in
1113 1845 1144 1904 h.
1159 1844 1181 1903 l.

322 1926 413 1986 XVI.
435 1925 535 2003 Atque
548 1925 616 1984 hinc
630 1925 721 1984 orittu
734 1923 892 1984 seeundum
912 1923 1065 1984 discrimen
1080 1923 1348 1984 Praedestinaticuis
1360 1921 1460 1998 Angelc

281 2027 354 2082 rum,
369 2015 400 2066 et
411 2007 569 2082 hominum,
585 2004 664 2082 quod
676 2004 726 2063 isti
738 2004 855 2080 quidem
869 2004 900 2062 iu
914 2003 1029 2063 Christo
1042 2014 1113 2064 suut
1127 2005 1224 2080 electi,
1240 2004 1344 2082 Ephes.
1358 2002 1375 2060 i.
1387 2005 1410 2076 4,
1422 1999 1460 2058 sei·

281 2086 350 2146 licet
364 2087 500 2146 servandi
513 2093 543 2145 et
555 2083 734 2160 redimendi;
759 2083 818 2142 Sed
831 2082 941 2162 Angeli
960 2084 1029 2144 licet
1041 2103 1093 2161 per
1116 2085 1229 2143 Filium
1243 2083 1299 2142 Dei
1319 2082 1372 2142 siut
1383 2079 1461 2140 confir·
1504 2089 1505 2112 ³

281 2167 361 2240 mati,
376 2186 435 2224 non
448 2173 545 2224 tamen
558 2165 589 2221 in
604 2163 719 2223 Christo
732 2163 845 2240 possint
858 2162 916 2223 dici
929 2163 1014 2224 electi
1025 2186 1033 2241 ;
1053 2162 1107 2241 qui
1119 2165 1184 2224 illis
1205 2163 1321 2240 quidem
1333 2162 1373 2221 uti
1383 2159 1460 2238 potnit

280 2252 314 2303 ut
323 2244 475 2336 ministris,
491 2243 543 2302 sed
554 2261 608 2321 pro
622 2243 728 2320 quibus
742 2251 839 2304 tamen
853 2243 952 2303 venire
965 2263 1024 2303 non
1043 2243 1159 2322 debuit,
1174 2251 1208 2303 ut
1231 2241 1403 2302 Medistionis
1419 2257 1460 2297 sse

281 2323 430 2459 Oblicilil.
453 2400 552 2460 Posito
566 2419 636 2460 vero
656 2401 837 2478 quorundam
851 2402 1011 2478 Eleaticue,
1099 2403 1163 2464 'tur
1183 2403 1304 2462 aliorum
1325 2397 1459 2466 Paesto,

281 2501 339 2559 qua
351 2499 410 2538 non
424 2479 510 2539 modo
524 2479 692 2539 confirmare
706 2481 800 2540 cosin
813 2481 892 2540 bono
912 2483 1014 2558 uoluit,
1027 2423 1108 2544 :qu
1268 2501 1359 2542 eorum
1371 2476 1459 2556 permit·
1504 2539 1505 2542 ,

280 2569 349 2634 tere,
365 2568 395 2618 et
407 2559 502 2637 posito
516 2560 609 2637 lapsu,
623 2559 691 2618 illos
710 2560 741 2618 in
757 2579 792 2620 eo
812 2560 1064 2640 derelinqueraet
1083 2573 1208 2642 propter
1227 2563 1336 2640 lapsum
1354 2561 1459 2618 dauntre

281 2639 419 2699 decrevit
462 2637 525 2713 Quo
539 2639 662 2698 refertm
674 2640 791 2700 illorum
802 2640 988 2719 Reprobatio,
1000 2663 1065 2721 qum
1075 2643 1196 2704 dnobus
1205 2643 1291 2704 etiam
1300 2641 1400 2700 actibus
1410 2654 1458 2694 oon·

281 2719 397 2794 tinetur,
411 2738 471 2778 uno
484 2720 622 2795 negativo,
637 2719 688 2797 qui
702 2728 747 2780 est
760 2719 910 2782 derelictio
924 2721 954 2780 in
967 2723 1060 2801 lapsu,
1074 2723 1133 2782 alio
1148 2724 1327 2798 qffirmetiw,
1338 2719 1382 2798 qui
1389 2711 1458 2774 estad

281 2807 420 2859 aternum
434 2799 608 2877 supplicium
621 2798 787 2876 damnatio;
810 2820 863 2860 neo
883 2802 961 2860 enim
973 2811 1086 2862 tantum
1107 2813 1181 2862 sunt
1201 2800 1342 2880 preteriti,
1356 2799 1412 2858 dum
1423 2813 1458 2884 ¹¹5⁴

279 2888 350 2957 gata
364 2888 409 2938 est
421 2877 492 2957 ipsis
506 2879 685 2939 confirmatio
699 2880 730 2938 iu
742 2881 828 2956 bono,
844 2890 874 2940 ιι
887 2901 903 2941 e
917 2882 993 2940 malo
1014 2883 1129 2958 erectio,
1145 2883 1204 2944 scd
1223 2891 1254 2943 ct
1265 2879 1354 2960 poenls
1371 2885 1458 2936 ΜΝ*

280 2959 407 3038 positive
421 2968 489 3019 suut
502 2957 619 3035 addicti,
635 2959 720 3020 Μιιι
735 2980 818 3036 xxv,
832 2960 906 3021 Jud
920 2963 950 3021 6.

323 3039 450 3134 Xlllll.
473 3039 586 3100 Rursus
599 3040 631 3098 in
644 3041 840 3100 Pressitione
853 3041 926 3136 duos
940 3049 1022 3102 aetus
1041 3060 1201 3119 possumus
1214 3049 1328 3135 notam
1349 3041 1373 3098 1.
1385 3039 1456 3110 lew

283 3200 411 3260 secundo
425 3119 1456 3283 qupnqmdnmiqppulteppppsqppepmprffiepqpppffifflq

282 3281 421 3356 quaritm
442 3280 524 3354 ratio,
546 3288 665 3358 propter
686 3299 773 3358 quam
795 3279 936 3358 quosdam
956 3299 1132 3358 preservare
1146 3283 1244 3342 voluit
1264 3302 1283 3340 a
1301 3281 1384 3357 lapsu.
1402 3271 1456 3330 ⁸l1⁰⁰

282 3377 352 3416 vero
366 3357 461 3435 lapsui
474 3359 648 3435 permittere,
663 3361 745 3419 nulla
758 3359 816 3420 alia
828 3360 910 3420 reddi
922 3369 1019 3438 potest
1038 3369 1144 3438 praeter
1158 3361 1254 3422 solum
1268 3353 1454 3440 bensphcitun
1504 3382 1505 3404 ι

282 3436 410 3514 quisita
429 3437 474 3494 illi
493 3437 596 3514 libuit;
617 3441 760 3516 posterior
779 3449 824 3500 est
845 3447 927 3500 actus
944 3440 1076 3518 justitiae,
1096 3440 1163 3500 ideo
1184 3443 1263 3501 enim
1280 3458 1329 3500 ecs
1340 3432 1418 3494 voluit
1432 3445 1454 3484 u
1504 3473 1505 3488 ι

281 3524 401 3594 peccato
415 3515 624 3594 derelinquere,
646 3518 715 3595 quis
734 3520 790 3578 hoe
810 3528 982 3580 meruerant
1023 3520 1072 3580 Ita
1086 3529 1184 3580 autem
1199 3540 1298 3582 omnes
1317 3519 1345 3576 in
1362 3515 1455 3592 putem

281 3595 417 3669 deseruit,
432 3603 465 3654 ut
479 3595 552 3655 nulli
566 3615 644 3674 spem
660 3599 762 3675 gratie
776 3598 870 3660 tacere
883 3599 1015 3677 voluerit,
1030 3600 1080 3658 vel
1100 3601 1237 3678 cuiquem
1250 3620 1288 3660 ex
1306 3597 1360 3658 illis
1376 3604 1453 3679 ΡθΡῆῐ·

281 3675 361 3749 cerit,
384 3675 435 3734 sed
456 3683 563 3735 aeterno
584 3686 614 3736 et
635 3677 819 3738 irrevocabili
839 3679 981 3757 supplicio
1003 3679 1158 3757 addixerit
1182 3681 1310 3742 severius
1329 3667 1453 3762 cuuth&

281 3765 369 3834 atque
383 3775 448 3814 cum
468 3754 634 3816 homiuibus
652 3757 776 3835 agendo,
799 3779 921 3836 quorum
941 3759 1096 3819 nonnullos
1116 3780 1134 3819 a
1154 3761 1239 3840 lapsu
1252 3760 1355 3836 erigere
1367 3764 1453 3810 ΜΠ·

283 3835 381 3895 cordia
403 3855 456 3895 sua
475 3835 505 3893 in
530 3835 644 3897 Christo
665 3838 775 3914 voluit;
801 3839 853 3898 sed
875 3839 923 3898 hio
947 3839 978 3897 in
1001 3858 1071 3898 casu
1095 3841 1191 3918 simili,
1215 3839 1333 3919 gratiam
1355 3827 1452 3892 emilam

282 3915 447 3994 denegavit,
462 3915 606 3994 parcendo
625 3918 798 3996 hominibus,
820 3939 879 3977 non
898 3919 1026 3996 pepercit
1039 3919 1181 4000 diabolis;
1202 3919 1256 3980 scd
1268 3913 1355 3976 voluit
1366 3920 1394 3969 ut
1404 3901 1453 3962 tul·

282 4015 337 4054 nus
351 4015 450 4055 eorum
469 4004 546 4055 esset
565 3995 785 4073 immedicabile,
805 4008 835 4059 et
854 4000 938 4058 ruina
958 3999 1160 4077 irreparabilis.
1203 4000 1235 4060 Si
1248 3995 1375 4078 quaritur
1385 3983 1451 4050 ratio.
1504 4069 1505 4074 η

283 4075 437 4152 respondet
448 4074 527 4153 Aug.
539 4098 546 4136 :
568 4080 676 4136 occulte
689 4097 746 4136 esse
753 4087 854 4155 potest,
864 4081 916 4138 aed
926 4079 1030 4155 injusta
1043 4100 1102 4140 esse
1114 4101 1171 4140 aon
1178 4088 1277 4157 potest.
1304 4071 1390 4132 Van'ae
1401 4061 1452 4120 vul·
1504 4079 1505 4082 ’

281 4174 320 4230 go
334 4153 495 4215 afferuntur
507 4155 680 4233 probabiles,
724 4159 750 4216 1.
773 4157 857 4232 Quod
870 4159 957 4218 homo
970 4160 1097 4236 peccarit
1110 4179 1147 4219 ex
1161 4159 1319 4237 fragssitate,
1334 4141 1451 4210 Diabolus
1504 4171 1505 4174 =

282 4253 351 4292 vero
366 4255 404 4293 cx
417 4235 541 4312 malitia;
556 4256 614 4313 quc
626 4235 776 4296 sublimior
789 4247 884 4296 autem
898 4239 963 4316 ejus
977 4239 1032 4298 fuit
1045 4241 1181 4317 cognitio,
1193 4259 1227 4300 eo
1241 4247 1269 4297 et
1281 4230 1388 4313 gravim
1398 4239 1450 4300 1³²⁸·

281 4321 387 4373 catum.
429 4318 458 4373 2.
480 4313 566 4389 Quod
578 4315 665 4376 homo
679 4317 717 4374 ab
730 4317 788 4376 alio
802 4317 947 4393 seductus,
969 4318 1112 4380 Diabolus
1125 4339 1195 4380 vero
1214 4317 1292 4377 nullo
1310 4307 1448 4382 iffifigffllft

283 4391 334 4448 sed
350 4393 466 4469 propria
478 4395 638 4471 voluntate,
659 4397 805 4474 apostasia
825 4397 912 4475 plane
931 4398 1104 4475 voluntaria,
1127 4408 1157 4459 et
1175 4415 1288 4478 prorsus
1309 4395 1448 4470 sposslfflffi

252 4497 254 4502 ·
283 4471 320 4558 3..
334 4469 409 4544 Quia
422 4471 453 4529 in
467 4471 649 4551 Angelorum
662 4475 755 4554 lapsu,
769 4497 828 4536 non
845 4486 907 4538 tota
920 4487 1024 4538 natura
1036 4478 1182 4557 Angelius
1195 4474 1301 4548 cecidit,
1321 4479 1349 4529 st
1366 4466 1397 4554 in·
1409 4459 1449 4516 li

281 4563 358 4633 mune
372 4559 509 4624 peccante
521 4562 616 4614 totum
628 4575 722 4632 genus
734 4557 893 4618 humanum
907 4558 1019 4635 cecidit,
1035 4557 1101 4618 ideo
1123 4578 1161 4618 ue
1181 4565 1269 4618 totum
1288 4563 1371 4629 gem
1383 4545 1446 4634 ,Μ’

281 4632 359 4696 rrret,
381 4626 480 4688 divine
500 4633 695 4694 msericordia
715 4635 873 4696 remedium
894 4637 1036 4699 exhibuit.
1079 4638 1139 4698 Sed
1158 4650 1326 4717 quaeeunque
1344 4629 1446 4682 rabone!
