3158 5190
120 403 237 452 octar.
254 385 346 468 nvn]
632 407 672 448 ns
687 407 858 450 scarrronr.
1287 389 1342 448 12³

127 543 165 604 ad
177 545 308 604 verbnm
323 541 449 622 aliquod
461 540 577 626 cipp-oo
589 545 752 624 confugere,
762 545 840 624 quod
853 543 1035 604 'l'raditiones
1044 543 1155 621 aliquas
1169 543 1349 621 dogmaticas

128 623 181 684 vel
194 623 322 684 Etbicas
336 625 506 700 contineat;
530 626 597 700 Seu,
619 626 669 684 An
685 626 832 704 Scriptum
852 625 890 684 sit
910 625 1011 702 regula
1030 623 1128 683 totalis
1148 631 1178 684 et
1196 623 1348 701 adaquata

134 703 206 764 fidei
219 711 249 763 et
262 723 392 778 morum,
415 702 466 762 An
480 723 549 764 vero
562 704 691 782 partialis
710 712 823 764 tantum
843 712 873 764 et
885 703 1075 780 inadequau.
1117 703 1178 762 Nos
1190 703 1271 780 prius
1285 712 1346 763 tue·

135 803 220 842 mur:
241 782 394 842 Pontificii
408 783 551 860 posterius
565 791 704 850 statuunt,
718 784 769 862 qui
782 783 885 844 volunt
899 783 1077 842 lbodr'tionea
1086 782 1275 857 mancipiae
1289 791 1348 841 mm

135 863 276 942 adfidem
294 871 355 920 bon
375 865 419 920 ad
436 883 527 922 morea
545 864 713 938 pertinenter
732 863 804 937 pari
812 863 924 938 pietob'a
944 865 1047 938 affecta
1060 871 1087 920 ct
1108 862 1266 921 reverentia
1284 881 1348 920 crea

135 942 294 1017 &porra
306 961 366 1000 erae
380 941 562 1018 recipiendos,
579 941 688 1002 Concil.
703 942 819 1002 Triden.
836 941 914 1002 Sese.
929 944 948 1000 4
960 963 967 1016 ;
984 941 1090 1000 Bellnr.
1104 940 1155 999 lib.
1165 945 1193 1017 4,
1208 940 1245 1000 de
1258 941 1297 1000 V.
1308 941 1346 1001 D.

140 1022 295 1080 ata&

182 1099 227 1158 X.
244 1099 427 1158 Prasivcrunt
436 1099 596 1160 Pontificiis
610 1100 640 1158 fn
649 1098 865 1159 Traditionibus
877 1097 1049 1176 recipiendia
1057 1097 1164 1173 Judsei‚
1177 1098 1227 1176 qui
1238 1098 1347 1176 Legem

134 1178 343 1256 partiebantur
362 1178 394 1236 in
407 1179 549 1254 Scriptom
563 1187 592 1238 et
610 1181 725 1240 Orokm
739 1197 826 1255 qnam
837 1179 936 1238 Moses
946 1178 976 1236 in
990 1187 1088 1237 moute
1103 1177 1185 1238 Sinai
1199 1188 1346 1255 acceptam

137 1257 299 1318 trarliderit
324 1256 435 1333 Joeura,
463 1258 512 1316 bic
533 1258 628 1317 LXX
661 1257 837 1333 Senioribus,
860 1257 891 1316 bi
911 1275 983 1318 vero
1005 1257 1166 1334 Prophetis,
1196 1257 1348 1335 Propheta

140 1336 316 1414 synagogae
327 1355 450 1414 magna,
471 1337 555 1396 etita
568 1335 712 1414 deinceps,
728 1338 819 1396 donec
833 1336 949 1397 taudem
963 1336 1125 1414 conscripta
1137 1346 1168 1396 et
1180 1335 1210 1394 in
1224 1335 1349 1395 Talmud

137 1415 238 1474 relata
251 1415 299 1474 sit.
334 1416 421 1476 Unde
435 1416 522 1476 varie
536 1414 684 1496 amplae
698 1416 775 1493 apud
788 1417 866 1495 ipsos
880 1415 1071 1490 invaluerunt,
1086 1424 1120 1474 ut
1132 1415 1203 1494 ipsis
1217 1416 1349 1476 Obrisbrs

138 1493 321 1572 exprobrat3
342 1495 422 1572 quod
435 1495 490 1556 fuit
505 1496 619 1556 Satanas
628 1495 779 1556 artificium
793 1504 826 1556 ut
838 1515 890 1573 per
900 1494 1009 1572 Legem
1023 1495 1097 1554 hanc
1111 1494 1232 1553 ludaeos
1241 1514 1259 1553 a
1269 1494 1351 1572 Lege

141 1574 265 1651 Scripta
286 1573 399 1634 facilius
422 1583 565 1634 avocaret
608 1574 719 1636 Eadem
741 1583 801 1634 arte
828 1573 923 1636 effecit
942 1583 975 1634 ut
998 1573 1142 1633 Pontificii
1163 1574 1272 1650 duplex
1294 1574 1350 1633 Dei

138 1652 279 1712 Verbum
300 1653 445 1728 finxerint,
468 1653 549 1713 aliud
562 1653 701 1731 scriptum
722 1653 801 1714 aliud
822 1673 880 1714 non
902 1654 1049 1732 scriptum,
1064 1653 1147 1731 qusai
1169 1653 1300 1712 Christus
1320 1661 1351 1713 et

141 1730 288 1809 Apostoli
300 1733 393 1792 multa
405 1732 476 1792 viva
488 1753 560 1793 voce
581 1732 731 1794 docuerint
744 1753 809 1810 quae
833 1733 939 1810 scripto
961 1752 1020 1792 uon
1040 1732 1228 1792 tradiderunt
1271 1733 1350 1790 Hinc

146 1810 336 1870 'lbadib'ones
349 1819 420 1870 ortas
435 1820 502 1872 sont
515 1809 637 1893 dep-cu,
650 1812 692 1871 ita
705 1811 799 1888 dicta,
820 1831 880 1872 non
892 1811 971 1889 quod
991 1830 1133 1888 nusqmm
1148 1811 1203 1870 scri
1224 1820 1261 1870 tae
1282 1811 1349 1887 sint,

144 1889 202 1948 sed
215 1889 296 1967 qnod
306 1891 394 1968 juxta
408 1890 483 1950 Bell.
497 1893 620 1968 aprime
634 1892 754 1951 authore
774 1911 833 1950 non
854 1890 968 1967 scripta
982 1890 1048 1965 siut,
1071 1831 1223 1966 estquod

142 1969 224 2028 libro
238 1969 411 2046 Apostolico
425 1970 537 2048 scripta
551 1970 744 2030 inveniantm.

187 2047 252 2108 Xl.
273 2047 319 2107 Ne
331 2048 486 2108 videantur
498 2068 567 2110 vero
589 2050 645 2108 bac
665 2049 777 2108 ratione
801 2047 979 2128 Scriptorum
998 2044 1207 2106 insufficientia
1221 2065 1349 2122 arguere,

143 2126 334 2204 distinguunt
359 2127 436 2188 inter
462 2147 512 2190 eos
539 2129 671 2188 nonnulli
692 2127 884 2202 acffieicntr'om
905 2127 1065 2203 explicitam
1086 2134 1116 2184 et
1140 2125 1301 2200 inplicitom
1320 2134 1354 2185 ut

147 2207 274 2284 Staplet.
297 2215 328 2266 et
350 2205 490 2282 Scrarins,
518 2208 567 2268 vel
593 2208 746 2268 mcdrbtom
774 2214 805 2266 et
823 2207 1021 2270 rismedfatam
1047 2212 1081 2264 ut
1108 2203 1272 2264 Petronius.
1314 2204 1354 2264 Et

148 2285 331 2363 Scriptorum
352 2283 470 2362 quidem
491 2306 550 2346 non
572 2305 636 2348 esee
648 2287 826 2361 sufficientem
839 2285 1003 2346 immediate
1017 2291 1047 2343 et
1060 2283 1197 2360 explicita
1211 2283 1352 2360 fatentur;

1225 1889 1256 1948 in
1269 1890 1349 1950 nullo

147 2364 202 2423 sed
224 2383 311 2443 posse
331 2363 390 2424 dici
400 2372 497 2426 tamen
510 2365 698 2426 sufficientem
712 2366 832 2428 mediate
846 2373 875 2426 et
888 2364 1026 2440 frrrplicr‘tc,
1042 2363 1111 2441 quia
1122 2363 1153 2422 in
1167 2363 1204 2424 iis
1217 2383 1282 2441 qna
1295 2383 1354 2424 non
1484 2339 1487 2346 ⁴

149 2444 243 2504 babet
257 2445 289 2502 in
302 2463 342 2518 ae,
358 2444 494 2503 amandat
506 2442 544 2503 ad
559 2445 721 2504 Ecclesiam
734 2455 764 2506 et
778 2443 983 2506 lbaditioncm.

189 2522 270 2582 XII.
293 2523 321 2580 N
322 2541 355 2582 os
368 2541 439 2581 vero
451 2523 540 2584 talem
554 2523 753 2584 sufficientiam
766 2531 796 2584 et
809 2523 1012 2601 perfectionem
1023 2521 1177 2599 Scriptura
1190 2521 1353 2598 tribuimus,

149 2621 218 2678 quse
240 2601 280 2662 ait
302 2601 468 2661 immediata
490 2610 520 2662 et
541 2603 695 2680 explicate,
718 2611 751 2662 nt
771 2603 845 2662 nibil
867 2621 984 2662 necesse
1006 2600 1045 2660 sit
1071 2609 1155 2660 extra
1178 2601 1355 2679 Scriptoram

149 2681 231 2820 alm
202 2681 295 2740 ullam
308 2680 506 2778 'Proditionem
528 2681 693 2759 confugere,
716 2682 785 2744 licet
805 2703 858 2760 pro
881 2681 989 2742 Divina
1010 2688 1040 2739 et
1062 2680 1234 2758 Apostolica
1253 2679 1354 2740 vendi·

196 2891 202 2904 .
456 2837 552 2900 XIII.
569 2841 595 2900 1.
606 2839 681 2916 Quia
695 2840 804 2900 Paulus
817 2838 888 2900 dicit
901 2845 988 2898 mim
1000 2840 1097 2919 pecode
1111 2856 1174 2898 esse
1187 2837 1355 2915 θἰἆηυπον,

149 2891 315 2994 Ἦᾚ,
342 2901 619 2992 0&accresceret
644 2919 1355 2995 mmmrmmemerarcmaa

178 2963 292 3078 §aaa
307 2963 394 3052 edu.
414 3017 485 3072 sen,
500 2999 898 3074 mmeramme,
913 2996 1360 3072 cpeferesrunwnerar

180 3061 315 3120 aare
415 3096 495 3138 omne
508 3097 578 3154 ope
591 3079 692 3138 comm
703 3080 826 3153 persae
838 3078 997 3151 oseem,
1012 3079 1030 3134 a
1045 3073 1171 3134 rium
1184 3077 1230 3147 rc,
1248 3077 1294 3150 re,
1307 3078 1354 3151 rr,

150 3154 202 3216 nbi
216 3154 300 3214 varia
312 3154 405 3216 latent
418 3165 587 3233 argumenta
600 3177 652 3234 pro
668 3157 823 3235 Scriptura
836 3154 1020 3233 perfectione.
1063 3152 1160 3212 Primo
1170 3153 1239 3230 qnia
1252 3153 1358 3214 Litora

151 3253 242 3294 sacrae
255 3243 378 3311 possunt
398 3235 543 3294 bominem
566 3238 668 3308 αφίσιι
689 3239 732 3298 od
752 3238 877 3311 odotem,
901 3254 933 3296 v.
949 3235 996 3294 15.
1010 3231 1081 3311 quid
1104 3231 1180 3290 enim
1202 3232 1357 3310 quaerimus

151 3313 287 3391 amplius,
302 3332 389 3390 quam
404 3323 437 3374 ut
450 3315 552 3375 salutis
564 3315 668 3378 fiamus
688 3317 858 3394 compotes?
897 3318 926 3374 f.
941 3313 1016 3389 Quia
1035 3311 1115 3373 utilis
1135 3320 1180 3372 est
1200 3311 1238 3372 ad
1258 3331 1358 3373 omnes

152 3412 224 3453 naus
245 3393 421 3454 theoreticos
442 3402 472 3454 et
493 3395 643 3472 practices,
667 3395 704 3455 ad
726 3395 886 3455 docendam
907 3393 1003 3468 fidem,
1017 3399 1048 3454 et
1066 3391 1231 3452 formandos
1252 3411 1356 3454 mores.

152 3475 181 3532 3.
205 3471 282 3547 Quia
295 3480 392 3549 potest
403 3473 561 3550 perfectam
575 3475 695 3535 reddere
715 3474 820 3534 Virum
843 3473 899 3532 Dei
920 3472 958 3534 ad
979 3489 1063 3532 omne
1085 3470 1193 3532 bonum
1215 3491 1304 3552 opns;
1328 3482 1358 3534 at

152 3552 231 3629 qnod
246 3550 417 3612 Pectoribus
430 3551 543 3628 sufficit,
557 3554 658 3630 utique
671 3562 701 3614 et
714 3553 819 3614 ovibus
832 3552 961 3614 sufficere
973 3559 1078 3629 potest.

192 3629 287 3692 xlv.
312 3630 434 3690 Frustra
460 3631 606 3692 Pontificii
632 3632 791 3710 excipiunt
833 3632 939 3707 Primo,
964 3631 1059 3692 uatem
1082 3629 1148 3706 dici,
1172 3649 1231 3690 non
1261 3639 1357 3690 antem

155 3729 239 3768 omne
253 3709 327 3770 utile
340 3708 485 3770 sufficiens
498 3729 579 3790 esse;
601 3731 706 3788 aquam
718 3709 820 3772 utilem
833 3730 896 3772 essa
918 3710 956 3772 ad
969 3711 1068 3786 vitam,
1091 3716 1186 3769 abram
1200 3709 1237 3766 ad
1251 3709 1357 3768 sanita·

155 3797 222 3866 tem‚
238 3807 299 3848 non
312 3796 410 3849 tamen
423 3789 562 3850 sufficere.
604 3791 680 3850 Nam
701 3789 780 3868 quod
801 3791 872 3850 utile
893 3798 938 3852 est
959 3809 1018 3850 non
1039 3788 1077 3848 ad
1089 3788 1222 3865 quadam
1236 3795 1357 3864 tantum,

154 3869 206 3928 sad
218 3867 424 3930 universaliter
437 3869 475 3928 ad
495 3869 599 3946 omnia,
614 3869 738 3932 utilitate
752 3871 894 3949 completa
906 3877 937 3932 et
949 3869 1108 3946 adaquata,
1130 3885 1188 3926 non
1201 3866 1316 3943 partiali
1329 3875 1360 3926 et

154 3947 339 4025 incompleta,
369 3948 568 4009 sufficientiam
595 3949 757 4010 necessario
784 3950 928 4028 importat.
970 3948 1014 4007 At
1042 3946 1190 4022 Scriptura
1217 3945 1284 4004 talis
1310 3945 1358 4004 bic

155 4027 337 4104 predicatur,
352 4028 469 4105 qnando
482 4027 588 4090 dicitur
599 4048 685 4107 posse
697 4029 843 4090 bominem
857 4029 895 4090 ad
909 4029 1031 4090 salutem
1045 4024 1146 4095 noina
1160 4030 1190 4083 et
1202 4022 1282 4082 utilis
1295 4043 1360 4083 esse

156 4114 217 4166 tnm
239 4106 279 4166 ad
302 4103 472 4168 balaami.»
491 4108 562 4185 veri,
590 4117 621 4171 et
646 4106 750 4186 ἰ’ληχυ
773 4108 847 4184 falsi,
869 4117 931 4170 tum
952 4107 989 4168 ad
1010 4103 1164 4182 kemetam
1184 4101 1253 4160 mall
1273 4110 1303 4161 et
1322 4101 1360 4162 ad

156 4185 269 4248 mm·
282 4187 362 4263 boni,
377 4187 451 4246 nibil
464 4187 541 4246 enim
555 4195 693 4266 prrcterea
705 4189 861 4266 requiritur
874 4187 912 4246 ad
925 4183 1138 4264 perfectionem.
1180 4181 1242 4240 Nec
1255 4180 1360 4241 similia

156 4268 244 4328 allata
257 4269 316 4328 buc
329 4267 491 4345 pertinent3
513 4267 582 4344 quia
601 4267 681 4328 alind
701 4276 747 4327 est
765 4267 847 4344 loqui
867 4265 904 4326 de
917 4263 1051 4336 utilitate,
1066 4279 1131 4336 qnae
1144 4259 1183 4320 ad
1196 4260 1282 4320 finem
1297 4270 1359 4321 tan·

157 4355 218 4406 tum
231 4357 375 4408 remotum
390 4354 420 4406 et
433 4344 638 4408 accidentalem
651 4347 781 4421 refertar,
796 4345 891 4422 qualis
904 4350 949 4403 eat
962 4342 992 4400 in
1012 4342 1077 4400 abre
1089 4339 1127 4400 ad
1148 4341 1308 4416 unitatem,
1330 4340 1360 4401 in

159 4444 231 4504 aqna
243 4427 282 4488 ad
294 4425 484 4486 nutritionem
495 4446 503 4500 3
518 4434 587 4486 tunc
600 4428 677 4488 enim
690 4427 801 4488 utilitas
813 4430 910 4503 potest
917 4428 1016 4482 notare
1024 4427 1137 4482 tantum
1145 4419 1359 4498 adminiculum,

158 4523 213 4566 non
227 4505 451 4580 sufficientiam
473 4503 565 4566 Aliud
578 4525 648 4566 vero
662 4506 699 4567 da
712 4505 845 4580 utilitate,
861 4501 1025 4581 qualinam
1046 4501 1191 4580 proprium
1213 4501 1359 4562 immedia-

158 4594 215 4646 tum
230 4597 261 4649 et
274 4585 440 4648 mortalem
453 4584 586 4662 respicit3
601 4585 755 4646 tamenim
763 4585 875 4644 utilitas
882 4581 1044 4644 necessario
1055 4581 1253 4644 sufficientiam
1264 4601 1360 4640 secum

158 4667 250 4744 trahit,
266 4676 301 4730 ut
323 4683 418 4742 quum
439 4662 515 4741 ignis
536 4663 642 4728 dicitur
662 4665 743 4728 utilis
764 4664 802 4726 ad
824 4661 1057 4726 calefaciendum.
1099 4663 1144 4722 Eo
1158 4669 1253 4722 autem
1275 4659 1361 4718 modo
