3160 5194
194 341 293 412 xxxvi
639 367 769 414 oneum
788 367 973 414 renueris.

199 527 332 592 Relictis
346 527 473 591 Parisiis
489 527 675 592 Salmurium
700 532 870 606 contendit,
887 531 991 610 ibique
1013 529 1159 592 docentes
1174 526 1293 591 audivit
1317 547 1410 590 sum-

200 647 266 691 mos
282 626 461 706 Theologos,
480 628 678 692 Ludova'cum
693 629 870 712 Capellam,
883 630 1008 694 Mosam
1022 627 1253 711 accercitum,
1262 626 1412 690 Joeeram

201 725 378 789 Plocoeum.
431 724 521 790 Illinc
538 725 772 791 Montalbanum
788 748 886 808 usque
900 746 1080 808 progressus
1089 732 1147 807 est,
1163 723 1218 790 ubi
1232 723 1413 788 Clarissimi

202 821 274 884 Viri
292 817 429 887 Carolus
445 829 478 886 et
493 823 689 889 Garieeoliua
707 826 840 906 Europae
856 827 1044 890 Reformatae
1060 824 1171 889 decora
1198 842 1318 887 summa
1333 844 1414 888 cum

201 920 295 983 laude
311 919 496 985 cathedram
514 921 729 1003 Theologieam
754 926 967 1005 occupabant;
996 923 1075 987 Inde
1091 923 1281 987 Nemausum
1296 921 1412 1002 petiit,

204 1016 323 1082 Urbem
347 1020 546 1100 antiquitatis
564 1021 756 1086 Veneranda
781 1021 998 1104 monumentis,
1016 1029 1049 1086 et
1075 1020 1262 1084 admirandae
1287 1021 1413 1100 partim

191 1116 444 1198 pulchritudiuis
458 1120 620 1184 ruderibus
636 1141 671 1185 ac
689 1121 879 1202 fragmentis,
897 1120 1164 1202 spectatissimum,
1181 1119 1214 1180 in
1228 1138 1291 1198 qua
1306 1118 1417 1182 Benc-

205 1216 307 1278 clictua
325 1216 526 1280 Turrettinua
550 1211 722 1284 ministerio
736 1221 863 1284 functus
887 1221 999 1283 suerat.
1050 1218 1112 1282 Hic
1129 1223 1236 1280 noster
1250 1226 1418 1301 peregisse

207 1312 428 1377 Venerandum
446 1315 581 1380 Calvum
596 1317 755 1399 salutarit,
773 1319 825 1398 qui
849 1319 950 1399 ipsum
965 1317 1139 1382 arctissime
1163 1314 1323 1394 amplexus
1349 1323 1417 1398 est,

207 1432 264 1476 nec
280 1413 437 1479 dimittere
453 1421 587 1498 poterat,
603 1416 755 1497 siquidem
775 1417 951 1482 amicissimi
966 1415 1108 1479 Parentis
1133 1415 1165 1476 in
1183 1433 1229 1495 eo,
1244 1420 1281 1475 ut
1295 1413 1418 1496 aiebat,

209 1510 373 1592 imaginem
402 1513 581 1576 intuebatur
610 1534 797 1595 expressam.
865 1515 917 1580 Sic
945 1521 1043 1578 totam
1067 1512 1243 1594 peragrarit
1266 1510 1417 1593 Gelliam,

209 1609 323 1689 ubique
337 1610 385 1674 sui
400 1611 587 1676 desiderium
611 1613 797 1692 relinquens,
813 1634 848 1676 ac
874 1612 1007 1677 nominis
1031 1611 1308 1694 fragrantissimum
1325 1630 1420 1692 span·-

209 1727 285 1789 gens
303 1708 436 1773 odorem.
489 1710 626 1774 Tandem
651 1731 755 1774 rerum
771 1732 838 1786 usu,
863 1711 965 1775 literis
980 1731 1017 1775 ac
1041 1711 1168 1792 pietatis
1190 1711 1307 1785 ardore,
1324 1709 1419 1774 locu-

210 1804 323 1886 pletior
336 1809 447 1886 factus,
466 1808 623 1873 Gallorum
640 1829 675 1873 ao
691 1808 856 1892 Belgarum
870 1810 971 1876 doctis
985 1816 1113 1874 onustus
1128 1808 1245 1891 spoliis,

517 2003 634 2079 Optatos
647 2005 731 2080 berar,
747 2012 772 2062 et
780 2003 907 2081 pignora
921 2005 986 2062 loeta
999 2001 1100 2062 recisit.

264 2198 410 2263 Taurus
426 2209 505 2283 erat,
521 2209 558 2263 ut
574 2202 752 2266 concredita
765 2201 824 2265 sibi
839 2201 958 2263 talenta
971 2199 1004 2261 in
1021 2198 1159 2278 publicos
1174 2201 1315 2274 erogaret
1329 2214 1420 2259 usus.

216 2294 290 2360 Non
317 2317 403 2359 mora
429 2298 520 2378 longa
543 2299 613 2373 fuit,
628 2299 682 2359 vix
709 2298 790 2361 enim
815 2289 924 2375 patriae
941 2288 1024 2360 sedis
1050 2294 1157 2356 limina
1171 2291 1288 2372 tetigit,
1305 2293 1419 2356 statim

214 2393 295 2456 sacri
321 2393 487 2456 Ministerii
514 2394 630 2456 honore
657 2393 768 2474 dignus
794 2392 920 2456 babitus
947 2399 997 2456 est
1022 2411 1103 2455 anno
1130 2387 1189 2472 47,
1212 2397 1245 2453 et
1272 2393 1419 2470 sequenti

215 2489 395 2554 Venerandi
412 2489 557 2571 Synedrii
572 2489 718 2554 Patribus
734 2496 899 2571 cooptatus
924 2490 996 2571 fuit,
1014 2509 1050 2554 ac
1067 2490 1160 2570 hujus
1177 2488 1325 2553 Ecclesiae
1340 2489 1420 2553 Pas-

214 2595 266 2651 tor
282 2595 415 2671 creatus,
431 2587 543 2652 Italico
559 2588 658 2653 Coetui
675 2609 762 2652 sacra
776 2589 871 2653 etiam
885 2588 1084 2663 ministrans;
1111 2588 1157 2675 (N
1158 2609 1208 2651 am
1218 2607 1271 2652 seu
1283 2587 1418 2670 Gallico,

216 2707 271 2752 seu
288 2685 413 2768 Latino,
431 2706 486 2750 seu
501 2685 613 2752 Italico
634 2687 790 2764 idiomate,
805 2687 874 2768 pari
891 2708 927 2752 ac
952 2687 1106 2768 stupenda
1120 2687 1271 2751 facilitate
1288 2707 1418 2767 perora-

214 2782 294 2857 bat.)
346 2783 410 2847 Ubi
434 2785 566 2866 primum
584 2806 643 2850 vox
671 2785 737 2866 ejus
763 2787 796 2849 in
814 2785 951 2868 Templis
966 2787 1073 2849 audita
1095 2783 1418 2866 trinorciensem·

215 2904 287 2946 rum
302 2883 428 2946 Patrem
445 2892 644 2967 agnoverunt,
654 2891 687 2948 et
703 2885 910 2950 Benedictum
921 2886 954 2948 in
962 2885 1136 2948 Francisco
1151 2883 1321 2947 exosculati
1333 2889 1417 2946 sunt.

217 2981 345 3058 Quoties
362 2982 547 3046 ascendebat
564 2990 752 3066 suggestum,
768 2983 862 3047 toties
877 2984 962 3050 velut
976 2983 1075 3046 altero
1089 2982 1162 3047 Sole
1178 2987 1248 3045 orto
1264 2981 1357 3044 animi
1369 3001 1418 3044 re-

216 3083 413 3164 creabantur,
428 3081 624 3162 omniumque
649 3082 805 3163 adipsum
831 3083 1090 3146 convertebantur
1110 3081 1189 3145 oculi
1202 3086 1235 3144 ct
1250 3100 1356 3153 aures;
1382 3099 1420 3142 eo

218 3181 343 3244 flumine
359 3180 483 3262 eloquii,
500 3201 536 3244 eo
551 3201 642 3246 succo
657 3181 820 3246 suavitatis
846 3181 971 3246 auribus
996 3201 1063 3243 sese
1080 3178 1214 3244 omnium
1228 3178 1417 3258 insinuabat,

217 3284 254 3339 ut
272 3277 409 3342 Athenis
425 3279 545 3342 Atticis
562 3279 658 3342 altum
675 3268 900 3359 educatumque
914 3279 1066 3351 dixisses;
1093 3278 1211 3341 Cuncta
1231 3276 1419 3356 usqueadeo

218 3375 251 3438 in
268 3375 335 3454 ejus
350 3374 469 3438 labellis
484 3375 576 3454 plena
600 3375 709 3456 mellis,
724 3377 816 3456 plena
835 3377 979 3440 nectaris.
1040 3375 1234 3439 Luxuriabat
1259 3381 1349 3437 tanta
1374 3373 1420 3437 di-

219 3473 384 3538 cendorum
409 3473 553 3535 ubertate
578 3479 612 3535 et
636 3473 734 3552 copia,
751 3481 786 3535 ut
803 3474 829 3536 si
847 3474 921 3553 quid
935 3473 1037 3536 minus
1054 3481 1176 3538 attento
1205 3474 1364 3554 effiagisset
1388 3471 1421 3533 in

220 3570 340 3652 primis,
356 3569 389 3633 id
403 3569 435 3631 in
451 3570 593 3634 secundis
609 3570 699 3634 facilc
716 3572 853 3650 reparari
868 3581 981 3654 posset.
1032 3572 1199 3636 Oculorum
1221 3579 1254 3634 et
1270 3572 1332 3635 oris
1357 3589 1421 3634 ma-

217 3671 318 3749 jestas
333 3688 370 3731 ea
382 3668 444 3730 fuit
456 3669 552 3746 juxta
576 3674 610 3730 et
625 3668 811 3750 humanitas,
830 3675 865 3731 ut
890 3669 1094 3734 attentionem
1121 3670 1297 3732 auditorum
1320 3669 1422 3732 nullus

221 3769 373 3848 denegare
386 3774 503 3846 posset,
514 3765 628 3848 quippe
644 3773 735 3848 grata
749 3767 933 3849 illaaugusti
945 3768 1034 3831 simul
1052 3775 1085 3832 et
1098 3767 1222 3831 humani
1236 3766 1423 3849 conjunctio,

222 3887 290 3948 quae
305 3865 338 3927 in
353 3866 457 3928 fronte
472 3866 705 3948 observabatur,
721 3867 924 3930 reverentiam
941 3887 977 3930 ac
994 3887 1129 3931 amorem
1146 3867 1280 3930 omnium
1295 3866 1423 3947 adspec-

222 3965 357 4029 tant-ium
372 3963 479 4028 statim
495 3964 700 4044 extorquebat
713 3986 721 4039 ;
747 3963 799 4028 Sic
815 3970 935 4028 tantam
950 3964 989 4029 de
1002 3985 1035 4030 se
1046 3964 1305 4029 existimationem
1315 3961 1423 4044 primis

221 4065 284 4127 illis
299 4063 387 4126 annis
402 4063 551 4127 excitarit
567 4063 651 4143 apud
666 4061 871 4145 Genereuses,
887 4068 924 4124 ut
938 4083 1020 4126 anuo
1036 4064 1142 4143 1650,
1154 4063 1193 4125 ab
1212 4061 1424 4142 Amplissimis

223 4161 406 4224 Proceribus
421 4161 537 4226 nostris
552 4159 696 4242 Syuedrii
711 4160 857 4224 Patribus
873 4160 1090 4242 Philosophica
1106 4159 1262 4224 Cathedra
1277 4159 1336 4242 ipsi
1361 4179 1423 4222 uon

223 4256 317 4324 semel
333 4255 438 4320 oblata
452 4259 556 4340 suerit,
573 4280 665 4339 quam
682 4279 737 4339 pro
752 4278 808 4322 sua
824 4259 975 4322 modestia
990 4258 1135 4340 amplecti
1151 4258 1264 4322 renuit.

273 4353 305 4417 N
308 4369 354 4416 on
381 4352 465 4416 intra
489 4363 636 4435 angustos
661 4355 793 4420 Genevee
809 4363 923 4420 nostrae
940 4356 1089 4421 cancellos
1111 4358 1328 4420 coarctabatur
1342 4357 1426 4418 fama

223 4451 324 4518 nostri
337 4459 490 4534 μακαρίτου
504 4473 512 4525 ;
539 4452 609 4515 hinc
624 4455 740 4517 sactum
755 4461 792 4516 ut
808 4475 878 4518 cum
891 4454 1032 4519 Ecclesia
1046 4453 1261 4537 Lugdunensis
1278 4454 1426 4517 Acconis

221 4552 313 4618 Mori
326 4555 402 4612 tunc
419 4547 553 4613 defimcti
570 4549 742 4616 ministerio
756 4553 867 4615 orbata
882 4553 1053 4636 plangeret,
1070 4573 1126 4635 per
1142 4553 1250 4616 literas
1265 4551 1428 4615 Tarrctti-

221 4671 298 4716 nam
312 4653 453 4714 nostrum
469 4646 659 4734 invitaverit,
674 4651 703 4715 ei
718 4652 813 4716 verba
826 4649 885 4718 riri
900 4649 1078 4716 Macedonis
1103 4648 1284 4727 acclamans,
1301 4653 1428 4727 βοήθησον
