3160 5194
220 386 287 429 xxx
651 383 782 430 casuro
801 381 985 454 ruuusnrs.

217 544 398 626 gravissimo
415 541 509 608 dolori
529 564 701 624 queramus
725 546 885 623 medelam,
907 566 943 611 ac
958 545 1202 628 quandoquidem
1222 545 1320 623 nobis,
1341 545 1418 611 licet

218 641 473 717 balbutientibus,
498 641 594 705 Tanti
609 640 681 705 Viri
703 642 791 708 locus
814 644 899 709 venit
925 644 1129 726 occupandus,
1156 644 1199 708 sit
1223 643 1276 707 ille
1300 651 1415 708 nostra

217 739 324 819 prima
342 745 413 819 post
427 738 520 803 ferias
535 741 740 820 praelectionis
755 749 989 824 argumentum
1011 742 1138 808 Etenim
1154 742 1232 806 bene
1244 762 1281 806 aa
1294 742 1414 824 sapien·

217 844 266 899 ter
291 836 494 900 instituerunt
509 836 651 916 Veteres,
672 845 710 901 ut
729 839 884 904 bominum
909 840 1085 917 illustrium,
1111 840 1163 922 qui
1186 841 1280 905 rebus
1306 841 1414 922 gestis,

216 939 272 996 aut
286 933 459 998 studiorum
470 937 651 1016 praestantia
663 937 886 1014 inclaruissent,
900 957 939 1002 ne
949 940 1059 1002 funera
1070 937 1193 1018 quidem
1207 937 1307 1001 tacita
1322 938 1413 1002 duce-

216 1037 336 1113 rentur,
353 1032 407 1095 sed
430 1033 496 1097 bac
513 1054 633 1115 quoque
660 1035 851 1098 laudantium
868 1036 1038 1116 exequialis
1052 1037 1149 1100 honos
1164 1043 1412 1116 prosequeretur.

216 1129 299 1210 Ipsis
323 1129 411 1194 Indis
437 1130 498 1194 alio
525 1131 597 1196 Sola
622 1131 793 1196 calentibus
817 1133 915 1214 uiguit
938 1134 1135 1209 consuetudo,
1161 1139 1200 1196 ut
1223 1140 1415 1197 mortuorum

215 1227 324 1290 Vitam
340 1248 500 1308 moresque
515 1249 572 1310 pro
586 1231 705 1294 loribus
722 1231 829 1294 domus
845 1231 912 1310 ipse
927 1232 1117 1296 describeret
1133 1229 1355 1313 Magistratus3
1380 1236 1415 1295 et

217 1323 296 1402 Quis
325 1324 394 1388 XII
420 1325 607 1390 Tabularum
632 1327 725 1409 Legis
755 1327 916 1404 sancitum,
941 1329 1030 1410 cujus
1054 1328 1195 1393 meminit
1220 1327 1348 1404 Tullius,
1377 1349 1414 1394 ac

216 1423 393 1486 Graecorum
419 1429 546 1499 Ἰάλεμον
572 1425 715 1506 ignorati
766 1425 927 1490 Barbarici
957 1427 1071 1508 quippe
1103 1427 1205 1508 operis
1235 1425 1413 1503 Mamolaea,

215 1521 366 1603 Phrygios
384 1521 511 1602 lapides,
535 1543 611 1586 saxo
625 1530 680 1586 aut
697 1544 758 1587 sere
775 1530 896 1587 structa
910 1532 1117 1599 monumenta,
1135 1524 1242 1588 tabida
1258 1529 1351 1605 atque
1366 1524 1415 1586 in-

215 1619 334 1683 vidiosa
350 1619 503 1683 consumit
515 1626 673 1702 vetustas;
700 1628 734 1684 at
750 1621 843 1683 durat
859 1629 1005 1702 exempta
1020 1623 1150 1686 fortuna
1167 1623 1280 1687 merita
1295 1622 1362 1685 laus
1378 1629 1413 1685 et

216 1717 398 1798 praedicatio
415 1717 574 1781 virtutum.

264 1813 363 1894 Quou
381 1815 406 1879 si
424 1815 517 1880 moris
534 1821 613 1898 erat,
630 1822 713 1882 teste
727 1814 931 1894 Stridouensi,
950 1823 1124 1900 “utsupra
1140 1818 1413 1898 cadauerapareu-

214 1919 280 1976 tum
295 1913 327 1976 in
344 1913 490 1978 concione
501 1933 559 1996 pro
569 1914 679 1978 rostris
691 1915 798 1979 laudes
810 1915 900 1979 liberi
917 1915 1065 1993 dicerent,
1077 1921 1110 1980 et
1124 1915 1224 1980 instar
1239 1915 1415 1998 lugubrium

214 2011 382 2075 carminum
408 2013 448 2075 ad
475 2013 565 2078 fletus
593 2019 626 2078 et
655 2015 787 2096 gemitus
811 2015 1002 2078 audientium
1027 2022 1155 2096 pectora
1179 2009 1413 2088 condtarent;”

214 2108 328 2187 Quidni
352 2105 507 2176 hodierna
524 2112 573 2176 die
587 2111 671 2176 idem
686 2113 817 2178 officium
832 2119 1013 2192 praestarem
1028 2111 1288 2176 desideratissimo
1303 2111 1414 2174 Avun-

213 2209 293 2286 culo,
319 2209 380 2272 imo
401 2209 589 2272 Venerando
611 2209 708 2284 Patri,
735 2209 816 2289 quod
842 2210 915 2272 olim
942 2207 1084 2272 Ooeaamo
1111 2207 1238 2285 aliisque
1261 2206 1416 2284 prostitit

213 2304 441 2376 Nazianzenus,
459 2313 492 2367 et
515 2305 722 2385 Hieronymus
739 2305 934 2386 Nepotiane,
951 2311 1045 2382 atque
1065 2303 1123 2365 hoc
1138 2301 1241 2365 seculo
1256 2301 1339 2382 apud
1355 2322 1414 2368 nos

212 2403 360 2480 θαυμασίῳ
376 2401 467 2463 Bcsae
483 2400 733 2464 Consultissimus
750 2401 887 2476 Lectius,
914 2399 1107 2463 Olmissimus
1124 2400 1242 2482 Fapas,
1260 2399 1414 2466 Doctissi-

212 2518 280 2561 mus
296 2495 503 2572 Laurentius,
521 2504 553 2562 et
570 2496 750 2562 Venerabili
769 2497 941 2562 Goolcrtab
958 2497 1182 2562 Celeberrimus
1202 2499 1412 2564 Trebelliano.

263 2593 349 2658 Eant
361 2593 413 2657 alii
428 2593 462 2658 in
479 2595 584 2658 laudes
598 2595 779 2677 Magnatum
789 2596 854 2659 sato
868 2597 1052 2673 structorum,
1065 2603 1159 2678 atque
1169 2597 1263 2660 meris
1273 2597 1414 2661 moeroris

212 2693 423 2769 imitamentis,
449 2699 504 2756 ant
530 2693 631 2758 fallaci
663 2693 881 2758 Encomiorum
905 2693 1078 2774 jactatione
1103 2695 1311 2771 blandiantur,
1340 2695 1414 2758 dum

213 2789 278 2854 haec
290 2791 378 2870 justa
395 2790 507 2872 Mystes
524 2791 730 2868 meritissimo,
749 2813 784 2857 ac
801 2791 984 2857 dulcissimae
1001 2793 1076 2857 mihi
1093 2800 1243 2857 aeternum
1259 2795 1414 2857 memoria

213 2887 353 2964 Doctori‚
369 2889 551 2968 persolvam.

263 2986 387 3062 Favete,
404 2988 607 3070 Amplissimi
624 2989 806 3066 Procerca,
834 2988 931 3066 Quem
952 2987 1054 3054 meum
1077 3009 1114 3054 ac
1136 2989 1307 3072 spirantem
1324 2995 1414 3053 tauto

213 3105 282 3149 eum
299 3084 449 3166 applausu
464 3085 603 3164 audistis,
619 3085 724 3150 audite
740 3087 834 3151 etiam
851 3087 1040 3151 defunctum.

262 3183 389 3260 Favete,
400 3185 552 3250 Ecclesiae
563 3191 596 3249 et
606 3185 802 3268 Academia,
816 3187 906 3267 cujus
917 3205 990 3266 pars
1002 3204 1062 3248 non
1073 3184 1248 3265 percaluit,
1260 3184 1415 3248 radiantia

212 3279 323 3344 sidera.

263 3375 380 3440 Favete
396 3398 510 3454 omnes,
525 3399 601 3458 quoa
618 3379 669 3442 hic
685 3380 824 3442 funestat
836 3380 932 3455 dolor,
949 3397 1007 3442 nec
1022 3399 1104 3443 ame
1116 3379 1237 3444 inanem
1248 3381 1410 3444 verborum

212 3481 394 3556 apparatum
407 3475 588 3556 expectetis.
628 3475 766 3558 Lugubri
779 3484 963 3557 argumento
978 3495 1040 3540 uon
1051 3477 1236 3542 conveniunt
1249 3481 1413 3542 vementes

213 3573 378 3636 Oratorum
395 3573 502 3646 flores;
526 3573 559 3635 in
577 3571 634 3636 hoc
650 3571 800 3653 imprimis
813 3573 987 3655 justissimo
1003 3574 1100 3651 luctu,
1118 3575 1173 3638 ubi
1188 3575 1313 3656 publica
1329 3572 1414 3638 velut

211 3669 330 3734 orbitas
347 3689 380 3733 se
395 3670 530 3733 omnium
545 3669 642 3734 oculis
657 3669 781 3752 ingerit.
831 3671 916 3736 Date
930 3670 1027 3754 igitur
1041 3673 1175 3752 veniam,
1189 3680 1223 3738 et
1239 3671 1315 3736 mihi
1339 3691 1412 3752 par-

211 3769 284 3845 cite,
301 3769 341 3831 ad
357 3767 520 3831 dolendum
538 3787 628 3847 quam
638 3767 677 3830 ad
693 3769 842 3844 orandum
857 3769 1017 3851 paratiori.

254 3866 430 3950 Quantus,
437 3865 807 3946 juxtaSenacoeeffatum,
819 3875 906 3932 “non
917 3867 1011 3932 saciat
1021 3867 1155 3932 nobilem
1165 3867 1280 3930 atrium
1289 3865 1414 3947 plenum

182 3971 186 3976 “
211 3966 337 4031 fumosis
360 3964 554 4047 imaginibus,
570 3963 642 4044 quia
666 3983 756 4028 nemo
780 3965 812 4028 in
837 3971 976 4030 nostram
999 3966 1128 4047 gloriam
1144 3965 1234 4042 vixit,
1254 3984 1311 4028 nec
1332 3963 1414 4043 qnod

211 4072 285 4128 anta
299 4084 355 4128 nos
366 4063 426 4127 fuit
437 4071 577 4128 nostrum
592 4069 641 4127 est
654 4058 682 4138 ;'’
710 4061 745 4126 Si
758 4069 861 4128 tamen
874 4063 999 4127 familia
1011 4063 1147 4146 dignitas
1160 4063 1323 4143 quicquam
1337 4061 1414 4125 lacit

211 4161 252 4221 ad
268 4160 386 4239 justam
408 4161 538 4226 excelsis
559 4161 714 4225 mentibus
738 4160 961 4225 conciliandam
978 4159 1215 4234 uenerationem,
1241 4159 1292 4223 De
1316 4159 1414 4224 nobili

210 4255 309 4335 stirpe
322 4255 447 4336 gloriari
462 4259 600 4336 potuisse
616 4265 755 4324 nostmm
769 4257 990 4324 Turrctts'num
1003 4257 1066 4320 illis
1078 4257 1221 4321 omnibus
1234 4262 1341 4321 notum
1352 4261 1413 4332 est,

211 4351 264 4433 qni
292 4351 326 4414 in
352 4361 533 4431 pervetusta
560 4353 693 4420 Lucensi
721 4355 895 4437 Republica
919 4355 987 4436 ejus
1011 4353 1151 4436 -Majcres
1178 4354 1294 4436 primas
1324 4353 1413 4418 sedes

209 4448 347 4512 tenuisse
361 4454 486 4511 norunt.

259 4545 407 4622 Pramus,
418 4543 470 4626 qui
481 4549 605 4610 nostras
615 4546 693 4612 Oras
703 4549 834 4632 appulit,
846 4556 879 4614 et
889 4549 1021 4615 Genera
1032 4550 1141 4632 pedem
1152 4549 1233 4626 fixit,
1243 4548 1415 4614 uocabatur

209 4643 401 4708 Franciacua
416 4643 626 4719 Temesaea,
643 4647 743 4710 noemi
759 4646 898 4712 defuncti
914 4667 990 4713 amas
1006 4668 1039 4729 p.
1052 4667 1105 4724 m.,
1116 4648 1170 4728 qui
1187 4653 1259 4710 ante
1275 4644 1414 4710 seculum
