3158 5190
263 367 301 424 60
724 376 815 419 socos
829 375 988 420 asenneus.
1280 355 1405 437 [unsar.
1420 375 1470 420 tv.

263 522 520 597 dammasque
534 517 575 577 ita
589 517 619 576 in
633 535 664 576 se
674 535 745 576 vers
755 526 830 593 sunt,
845 524 879 576 ut
888 535 940 594 pro
950 533 1052 576 nonus
1061 514 1129 574 lidei
1139 522 1169 574 et
1179 533 1292 575 morum
1302 515 1472 578 tradentem.

264 603 331 662 Non
344 601 517 675 omniaque
532 597 643 658 suntin
667 595 815 674 Scriptura
834 596 944 656 hebent
963 595 1142 668 sutbenbam
1163 613 1280 669 normae,
1294 603 1329 654 nt
1350 614 1385 654 es
1397 615 1472 674 quse

263 682 300 741 ab
314 680 409 758 impiis
423 678 472 772 vel
487 676 611 736 Diabolc
624 675 703 735 dicta
715 674 892 752 referuntur3
914 674 967 734 sed
980 673 1077 735 omnia
1097 683 1195 734 tamen
1216 673 1327 733 habent
1342 675 1469 736 authen·

262 769 332 820 mm
345 760 472 818 mm
562 833 602 894 V.
623 833 690 893 Non
710 833 864 912 quaritur3
895 832 945 892 An
970 832 1131 911 Scriptores
1156 831 1237 892 Sacri
1261 851 1320 910 qna
1341 833 1472 894 Ιιοιιιὺιω

292 901 472 974 &VIIQW
523 913 691 990 simpliciter
707 923 737 973 et
757 913 788 972 in
801 933 883 973 senen
895 913 991 987 diobo,
1006 931 1101 972 errare
1122 911 1286 990 potuerint3
1308 913 1364 971 hoc
1386 914 1471 972 enirn

320 965 403 1007 ‘¹⁰³³'
521 992 606 1053 neue
632 992 833 1053 anenno:
861 1011 921 1068 2011,
949 992 999 1050 An
1026 1011 1084 1070 qua
1109 991 1231 1051 somno
1257 992 1336 1050 me
1360 993 1422 1052 oe
1448 1013 1472 1052 ι

264 1073 373 1151 Spiritu
389 1073 419 1134 S.
433 1081 463 1134 et
483 1073 513 1132 in
526 1092 607 1131 seam
620 1073 777 1148 composito,
791 1071 886 1150 reipsa
899 1071 1036 1147 errarint3
1057 1073 1113 1130 boe
1126 1070 1204 1130 enim
1216 1089 1302 1129 nemo
1315 1077 1349 1130 ut
1362 1071 1472 1149 opinor

262 1173 301 1213 ex
321 1151 515 1228 advorsariis,
539 1151 596 1212 nisi
616 1151 702 1229 plano
723 1151 838 1211 Atheus
860 1150 955 1210 dicere
977 1149 1148 1211 sustinebit:
1174 1149 1242 1224 Sed,
1266 1148 1318 1208 An
1339 1148 1372 1208 in
1392 1152 1468 1210 scri·

262 1230 358 1292 bendo
371 1233 412 1292 ita
425 1232 482 1291 acti
496 1239 526 1291 et
538 1230 669 1309 inspirati
691 1229 797 1290 brerim
813 1249 831 1288 a
846 1229 955 1308 Spiritu
970 1229 1086 1305 Sancto,
1100 1237 1131 1289 et
1143 1228 1239 1307 quoad
1261 1247 1308 1288 res
1330 1228 1420 1307 ipsas,
1436 1241 1471 1291 et

261 1311 358 1389 quoad
371 1313 468 1388 verba,
484 1319 518 1371 ut
530 1311 567 1369 ab
582 1310 660 1369 omni
672 1329 768 1369 errore
789 1309 931 1369 immunes
944 1308 1058 1384 firmint,
1073 1318 1104 1368 et
1125 1308 1232 1386 scripta
1250 1307 1381 1385 ipsorum
1394 1329 1470 1371 vere

257 1391 321 1451 sint
333 1392 499 1451 anthentica
512 1397 542 1450 et
555 1388 677 1448 divim?
716 1389 888 1448 Adversarii
900 1395 1026 1466 negant;
1048 1389 1110 1448 Nos
1123 1387 1305 1447 affinnemm.

308 1536 313 1548 Ι
425 1537 431 1548 Ι
561 1469 617 1528 VI.
641 1467 789 1546 Scriptura
815 1469 939 1546 seipsam
967 1467 1104 1526 Divinam
1137 1466 1249 1544 probat,
1284 1485 1344 1526 non
1375 1468 1469 1528 modo

262 1535 500 1595 ⁸⁰¹¹Pt¹¹³⁸⁸⁰¹¹³⁰⁸²¹
520 1548 716 1606 audoenem
737 1555 767 1606 et
788 1567 839 1624 per
860 1547 978 1605 modum
1004 1545 1167 1623 argumenti
1193 1543 1384 1605 martificislis
1411 1567 1469 1608 seu

342 1596 435 1652 probet
471 1665 478 1680 .
521 1625 700 1701 Testimonii,
715 1625 831 1703 qnando
852 1645 882 1684 se
902 1625 1179 1701 idwinavvoean
1200 1625 1280 1702 quod
1299 1624 1369 1685 lisset
1389 1625 1468 1686 bene

136 1709 138 1716 ’
261 1712 414 1784 usurpetur
427 1705 567 1765 adversus
578 1705 764 1780 Christianos,
774 1705 825 1782 qui
838 1724 902 1763 eam
916 1724 947 1765 se
960 1706 1087 1782 recipere
1099 1703 1278 1781 profitentur,
1293 1723 1353 1796 non
1366 1713 1468 1782 potest

261 1792 358 1843 tamen
378 1785 477 1862 urgeri
500 1786 639 1844 adversus
660 1784 734 1844 alios
750 1785 800 1862 qui
821 1804 885 1843 eam
906 1785 1058 1862 rejicirmt:
1081 1783 1140 1844 sed
1161 1783 1355 1843 ratiocinante
1376 1805 1465 1862 argu-

261 1873 359 1924 mento
373 1865 523 1941 artificiali,
539 1885 577 1924 ex
589 1865 673 1924 Nonis
686 1883 758 1941 qnae
781 1864 935 1942 Scriptura
950 1863 1030 1923 Deus
1050 1863 1203 1940 Impressit,
1218 1882 1284 1939 quse
1297 1862 1467 1924 indubitata

261 1963 321 2021 prce
336 1963 367 2003 se
380 1943 476 2003 ienrnt
491 1944 660 2004 Divinitatis
674 1952 852 2021 argrrmanta.
894 1944 969 2001 Nam
981 1951 1015 2002 nt
1036 1961 1122 2020 opera
1137 1942 1193 2000 Dei
1207 1943 1466 2021 incomparabilem

263 2023 382 2100 Opificis
396 2025 440 2083 sui
454 2024 648 2103 prestantiam
662 2023 754 2082 veluti
775 2023 866 2082 oculis
888 2021 1118 2100 conspiciendam
1140 2021 1227 2080 certis
1248 2022 1467 2083 characteribus
1571 2068 1572 2071 ι

262 2104 409 2179 exhibent,
426 2113 454 2164 et
467 2114 501 2164 ut
516 2105 567 2165 Sol
588 2103 704 2182 propria
724 2104 789 2162 luce
810 2102 981 2161 innotescit:
1004 2101 1050 2160 Ita
1063 2101 1157 2161 voluit
1177 2101 1209 2159 in
1224 2101 1382 2178 Scriptura,
1397 2121 1466 2179 quse

262 2191 308 2242 est
321 2188 424 2262 trappa
436 2183 530 2244 Patris
543 2184 684 2242 luminum
698 2190 728 2241 et
734 2183 814 2242 Solis
824 2182 954 2259 juutitise,
964 2180 1074 2258 fulgere
1082 2180 1179 2240 varios
1189 2179 1352 2242 divinitatis
1365 2181 1466 2242 radios
1570 2185 1571 2196 ¹

262 2262 368 2338 quibus
383 2282 413 2321 se
427 2262 657 2339 cognoscendam
671 2261 805 2338 praebeat.

562 2340 636 2398 VII.
657 2343 742 2399 Note
754 2347 850 2400 antem
870 2340 942 2414 istae,
957 2340 1005 2399 vel
1027 2348 1095 2400 sunt
1116 2340 1278 2400 amnem
1290 2339 1339 2399 vel
1361 2341 1463 2400 aein-
1570 2347 1571 2352 ’

292 2404 501 2508 PVJRQW
520 2437 598 2477 coeo.
640 2419 704 2476 Illsa
731 2419 787 2477 etsi
812 2437 871 2477 non
898 2427 1019 2496 possunt
1045 2418 1174 2478 sufficere
1200 2418 1239 2478 ad
1271 2419 1389 2496 plenam
1422 2421 1465 2480 rei

262 2571 515 2652 confirmationem,
538 2585 569 2635 et
590 2577 846 2637 contradicentium
868 2577 1088 2639 convictionem.
1131 2578 1191 2638 Sed
1216 2577 1248 2636 in
1274 2577 1339 2638 istis
1360 2598 1464 2657 praecr·

261 2671 351 2730 puum
364 2652 451 2713 robur
465 2656 627 2733 argumenti
641 2656 728 2716 situm
740 2663 795 2716 est.

563 2734 654 2794 VIII.
677 2735 814 2796 Externos
827 2744 903 2812 sunt,
921 2740 947 2797 1.
962 2757 1000 2796 ex
1013 2744 1094 2814 parte
1108 2736 1240 2814 mipinsh,·
1261 2735 1360 2798 Prima
1374 2735 1465 2797 Anti-

349 2790 473 2906 lxiona,
502 2815 620 2909 ,quites
641 2833 729 2908 supra
745 2816 846 2908 ¹omnia
869 2815 988 2893 Pegana
1008 2824 1210 2893 monumente;
1231 2817 1364 2910 Pnirsnm
1385 2817 1466 2910 enim

262 2893 777 3053 ussuunnuuu
790 2896 1361 3052 {subinnuuntur
1374 2896 1467 3034 ii?

262 3050 441 3112 {sanissimos
455 3054 505 3131 qui
518 3054 593 3114 ferro
607 3063 637 3115 et
650 3053 772 3114 flammis
794 3055 867 3116 illud
889 3057 1018 3114 excisum
1032 3054 1193 3128 voluerunt,
1217 3055 1249 3112 in
1271 3055 1348 3113 hunc
1369 3075 1466 3132 usque

263 3131 340 3190 diem
354 3135 542 3210 conservatio,
558 3154 624 3194 cum
637 3141 681 3193 tot
694 3134 743 3193 alii
756 3134 832 3211 libri,
848 3135 987 3194 adversus
1000 3153 1073 3211 qnos
1094 3133 1166 3192 nihil
1180 3134 1237 3192 tale
1251 3141 1394 3192 tentatum
1407 3143 1464 3208 est,

262 3212 378 3292 penitus
405 3212 610 3274 interciderint.
656 3217 685 3273 3.
708 3214 755 3272 Ex
782 3221 863 3291 perte
884 3217 1135 3273 Inennmenornm
1162 3220 1192 3271 et
1213 3212 1464 3288 Amanuensium3

257 3289 401 3348 ,Summus
415 3292 445 3348 in
459 3293 610 3352 scribendo
629 3295 738 3352 condor
749 3301 780 3352 et
802 3294 959 3368 sinceritas,
974 3292 1025 3370 qui
1046 3312 1100 3352 nec
1121 3292 1236 3370 proprie
1257 3312 1310 3351 sua
1330 3295 1466 3368 ἑπιίμιτι

263 3366 454 3443 dissimulant,
471 3370 522 3428 sed
540 3371 664 3446 ingenue
677 3371 816 3448 pandunt.
858 3375 887 3430 4.
909 3373 957 3430 Ex
978 3380 1059 3449 parte
1072 3375 1285 3447 ιιᾱῂιιιοιοιιιηι,Ι
1306 3373 1464 3448 Numerus,

263 3447 425 3504 constantia
438 3456 468 3505 et
481 3448 607 3508 conditio
615 3451 788 3525 Martyrum,
798 3449 849 3526 qni
863 3469 926 3508 eam
940 3470 993 3510 suo
1007 3451 1147 3528 sanguina
1161 3450 1359 3528 obsignanmt.
1389 3452 1466 3510 Οιιιιι

263 3523 340 3582 enim
353 3523 427 3582 nihil
440 3525 549 3584 bomini
571 3527 609 3585 sit
622 3527 683 3586 vita
704 3528 806 3602 carius,
821 3547 880 3586 non
900 3529 1063 3606 potuissent
1083 3539 1127 3589 tot
1147 3530 1296 3590 bominum
1317 3529 1467 3606 myriades

264 3603 357 3662 omnis
372 3623 467 3680 sexus,
483 3605 585 3680 atatis,
601 3613 630 3665 et
646 3605 827 3682 conditionis,
850 3626 902 3684 pro
915 3607 1082 3668 defensione
1098 3610 1252 3686 Scriptura
1266 3616 1326 3667 tarn
1339 3610 1467 3669 libenter

264 3691 385 3742 mortem
407 3693 541 3761 oppetere
562 3684 649 3744 etiam
670 3685 906 3762 cmdelissimam,
927 3687 984 3746 nisi
1005 3688 1043 3747 de
1064 3690 1128 3766 ejus
1151 3689 1311 3748 Divinitate
1332 3690 1467 3766 persuasi

264 3762 395 3822 fidssent
437 3763 498 3822 Nec
514 3763 594 3823 Deus
607 3764 842 3842 omnipotentiam
866 3785 947 3826 suam
966 3767 1103 3826 adhibere
1117 3768 1258 3827 voluisset
1274 3767 1313 3826 ad
1332 3775 1378 3826 tot
1399 3776 1465 3827 tsn-

264 3850 351 3920 tsque
365 3843 511 3904 Mbucnlo
524 3843 664 3922 patranda
676 3863 741 3921 quse
755 3843 831 3905 saeta
845 3855 920 3922 sunt,
943 3855 1005 3906 tum
1027 3848 1058 3906 in
1072 3847 1151 3924 Lege
1170 3855 1231 3906 tum
1245 3847 1276 3904 in
1290 3847 1464 3924 Evangelio,

265 3923 303 3982 ed
323 3922 410 3983 fidem
431 3921 591 3982 faciendam
607 3924 762 4002 Scriptura
777 3925 939 4002 Divinitati,
962 3925 987 3985 si
1007 3945 1118 3985 merum
1139 3926 1257 3984 humani
1278 3925 1389 3986 cerebri
1409 3925 1465 4004 fig-

263 4011 393 4064 mentum
406 4002 516 4064 fuisset.
559 4002 712 4063 Accedunt
721 4003 962 4065 Adversariorum
975 4006 1103 4084 ipsorum
1116 4005 1296 4080 testimonis;
1318 4012 1351 4064 ut
1360 4005 1465 4064 Etbni·

264 4102 364 4142 corum
385 4084 422 4143 de
445 4083 537 4160 Mose,
560 4083 684 4161 Josephi
706 4094 736 4144 et
748 4083 1013 4144 Thalmndistornm
1034 4085 1071 4144 de
1088 4084 1211 4160 Christo,
1235 4093 1264 4144 et
1286 4083 1466 4145 Mahumetie

264 4159 356 4238 ipsius
376 4161 412 4221 de
434 4171 556 4241 utroque
570 4163 763 4238 Testamento,
778 4184 843 4240 quae
866 4183 904 4222 ex
923 4165 996 4239 Vrbe,
1011 4166 1140 4238 Person,
1159 4164 1261 4225 erveo
1283 4172 1313 4222 at
1326 4163 1392 4224 aliis
1405 4164 1466 4242 peti

263 4249 394 4314 possunt
430 4242 562 4320 Denique
571 4244 746 4318 Populornm
753 4262 906 4318 conrnune,
918 4243 969 4319 qui
978 4242 1047 4302 licet
1059 4242 1170 4319 ritibus,
1181 4242 1364 4321 opinionibus
1377 4244 1467 4302 etiam

264 4317 341 4374 circa
355 4337 443 4392 sacra,
459 4322 547 4396 cultu,
563 4321 664 4399 lingua
684 4331 714 4381 et
736 4321 832 4381 studio
854 4321 1008 4397 differrent,
1023 4322 1079 4381 hoc
1093 4321 1224 4381 Verbum
1245 4330 1384 4398 tanquam
1398 4341 1465 4414 pre-

263 4395 369 4452 tiosum
384 4395 491 4455 divinoe
504 4399 644 4461 Veritatis
658 4400 823 4460 thesaurum
844 4409 1026 4478 exceperunt,
1048 4400 1177 4478 illudque
1191 4421 1243 4478 pro
1258 4400 1422 4476 Religionis
1436 4409 1467 4460 et

264 4471 320 4530 Dei
335 4473 429 4532 cultus
443 4474 628 4537 bundamerno
640 4479 819 4540 habuenmt:
841 4499 893 4539 nec
907 4481 983 4538 enim
998 4479 1134 4540 credibile
1148 4489 1193 4540 est
1204 4481 1298 4540 Deum
1311 4499 1465 4557 passurum

263 4550 360 4627 luisse,
376 4560 409 4612 ut
422 4561 502 4611 tauta
515 4555 662 4614 hominum
676 4559 839 4636 multitudo,
850 4579 914 4636 quse
929 4560 1022 4636 ipsum
1037 4559 1164 4620 studiose
1178 4559 1332 4637 quaerebat,
1344 4559 1463 4619 menda·

262 4630 344 4692 cibus
358 4631 439 4691 libris
454 4632 563 4692 tamdiu
578 4633 765 4712 deciperetur.
1105 4634 1108 4640 ’

522 2497 802 2572 demonstrationem,
827 2497 925 2575 magni
951 2507 1049 2558 tamen
1075 2508 1143 2559 sunt
1168 2498 1305 2576 ponderis
1331 2499 1371 2558 ad
1397 2501 1465 2593 ejus
1570 2555 1571 2558 ,
