3174 5174
138 315 245 366 cansa.
261 297 318 376 un]
642 311 680 350 nn
694 310 834 353 rnccnrc.
1279 303 1337 361 539

139 455 232 516 Aliud
251 472 321 514 vcro
334 456 424 533 ιςῒμ,
440 448 518 528 quod
539 467 602 508 eam
616 447 785 526 comitatum
808 448 865 508 illa
886 453 996 528 peccati
1017 463 1149 514 naturam
1172 454 1339 534 constituit;

139 534 224 596 Istud
237 551 307 593 vero
322 551 385 591 eam
400 527 592 605 consequitur,
608 534 637 586 et
650 528 686 586 ab
701 547 735 586 ea
749 529 910 588 necessario
923 532 1038 608 pendet.

178 614 235 674 IV.
258 610 451 687 Consequitur
464 627 534 668 vero
553 614 703 684 peccatum
723 614 828 681 reatus,
849 609 952 687 partim
967 631 1005 669 ex
1022 612 1088 688 jure
1103 613 1160 673 Dei
1173 613 1298 674 naturali
1311 623 1342 674 ct

139 690 368 771 indispensabili,
379 687 458 766 quod
468 685 604 748 firndatur
613 685 644 743 in
655 687 718 762 ejus
726 686 749 745 J
751 687 857 763 ustitia,
869 696 899 746 st
908 689 1063 750 intrinseco
1071 693 1184 768 peccati
1192 692 1339 768 demerito,

140 773 209 850 quia
221 791 269 831 rcs
283 777 328 830 est
340 777 444 828 natura
463 786 517 827 sna
536 765 612 824 mela
632 772 661 823 ct
674 764 775 842 turpis,
790 785 877 842 quam
891 767 972 828 Deus
986 789 1045 828 non
1054 779 1150 847 potest
1163 791 1221 832 non
1235 773 1341 848 odisse,

143 851 262 912 Romi.
278 853 326 924 32,
342 848 454 906 Habeo.
469 845 489 906 i.
506 847 552 921 13,
573 844 677 921 partim
691 863 729 902 ex
743 846 890 904 sanctione
905 845 994 926 Legis
1008 848 1124 926 divina,
1142 869 1207 926 qua
1227 871 1343 928 poeuam

26 981 27 984 ,
140 939 260 1010 peccato
273 926 437 1001 denunciat,
452 934 481 984 et
494 944 559 1002 quac
573 943 630 996 non
640 931 736 1000 potest
749 943 807 982 non
820 924 941 1002 impleri.

180 1010 221 1072 V.
244 1007 384 1084 Quamvis
397 1025 466 1064 vero
487 1003 598 1064 sanctio
620 1001 709 1078 Legis
729 1005 890 1062 necessario
910 1004 1024 1083 impleri
1044 1006 1157 1083 debeat,
1183 1016 1269 1085 atquc
1288 1010 1344 1068 hoo

24 1079 25 1094 ¹
142 1108 229 1150 sensu
248 1095 345 1147 reatus
363 1102 510 1160 nunquam
531 1089 679 1158 separetur
699 1101 716 1138 a
736 1091 872 1176 peccato,
894 1085 962 1176 quie
982 1093 1080 1144 tamen
1099 1094 1195 1164 potest
1209 1088 1346 1147 substitui

22 1142 24 1236 i
143 1186 265 1246 sponsor
285 1164 432 1224 inlocum
452 1161 619 1239 peccatoris,
639 1159 690 1237 qui
710 1170 821 1220 reatum
843 1181 907 1238 ejus
929 1183 959 1222 ur
981 1183 1013 1224 se
1033 1165 1152 1244 recipit,
1176 1166 1244 1224 hinc
1265 1167 1299 1226 fit
1312 1175 1345 1226 ut

22 1253 23 1260 Ν
143 1243 700 1397 utitatissimum
707 1244 1123 1400 {iiiimxiiii
1138 1248 1345 1323 ΜΨ

617 1363 625 1394 ’
1123 1366 1129 1382 Ι

185 1405 242 1464 VI.
265 1403 419 1478 Perperam
433 1419 502 1458 vero
517 1418 534 1457 a
548 1397 708 1456 Pontificiis
722 1396 910 1475 distinguitur
922 1410 1027 1476 recca,
1049 1403 1079 1461 in
1093 1413 1204 1462 reatum
1218 1406 1308 1479 calpa
1321 1413 1348 1462 ct

140 1502 242 1560 pratea.
284 1483 391 1540 Rcaaa
411 1481 501 1556 calpa
522 1477 581 1536 iliis
595 1477 707 1550 dicitnr,
730 1497 787 1554 quo
829 1487 942 1537 ecastor
962 1499 1000 1539 cx
1020 1499 1051 1540 se
1073 1481 1211 1558 indignus
1231 1490 1276 1542 est
1291 1482 1348 1540 Dei

146 1563 249 1640 gratie,
272 1561 378 1636 dignus
398 1567 493 1618 autem
515 1565 559 1616 est
579 1555 670 1633 ipsius
689 1555 733 1614 ira
753 1563 782 1614 et
869 1557 994 1634 natione,
1009 1561 1103 1618 Poeaoe
1117 1580 1195 1636 vcro,
1218 1580 1275 1637 quo
1295 1561 1347 1620 ob·

147 1641 255 1699 noxius
269 1647 313 1698 est
327 1637 511 1710 damnationi,
533 1643 563 1693 et
583 1633 621 1692 ad
641 1653 704 1692 eam
719 1633 881 1711 obligatur:
903 1637 1032 1698 Priorem
1052 1647 1163 1700 reatum
1184 1641 1247 1699 tolli
1267 1640 1349 1704 aiunt

148 1740 200 1798 per
223 1718 385 1792 Christum
408 1715 600 1774 Postericrcm
620 1731 689 1772 vcro
710 1731 856 1772 remanere
880 1735 973 1792 posse,
996 1717 1099 1777 saltam
1120 1719 1216 1795 quoad
1238 1728 1349 1780 reatum

148 1817 243 1876 poense
257 1795 429 1874 temporalis.
474 1793 532 1854 Sed
545 1792 659 1850 vanitas
680 1791 874 1852 distinctionis
897 1803 977 1872 patet
1000 1816 1037 1855 ex
1059 1806 1162 1858 natura
1182 1799 1349 1876 utriusque;

151 1877 225 1936 Cum
240 1876 315 1934 cuim
328 1876 413 1952 culpa
427 1883 456 1932 ct
469 1892 555 1950 poena
568 1871 659 1932 relata
673 1870 738 1946 sint,
754 1879 783 1930 st
796 1879 892 1932 reatus
906 1875 979 1932 nihii
991 1875 1071 1934 aliud
1085 1877 1123 1936 sit
1136 1896 1223 1953 quam
1237 1877 1348 1954 obliga·

149 1956 191 2015 tio
205 1953 243 2012 ad
262 1974 384 2031 posnam,
400 1972 465 2031 ques
485 1951 612 2012 nascitur
625 1969 663 2010 cx
677 1949 770 2026 culpa,
793 1969 824 2008 sc
844 1961 944 2012 mutuo
965 1962 1076 2030 ponunt
1090 1963 1119 2014 ct
1132 1956 1247 2031 tollunt,
1263 1956 1304 2015 ita
1316 1963 1350 2016 ut

150 2033 265 2094 sublate
278 2033 363 2110 culpa
376 2041 405 2092 et
419 2032 482 2109 ejus
496 2038 585 2104 reatu,
600 2029 762 2088 necessario
776 2027 881 2088 suferri
895 2031 999 2092 debeat
1012 2033 1076 2109 ipsa
1088 2053 1183 2110 poena,
1197 2053 1263 2110 quae
1276 2054 1349 2094 non-

150 2113 207 2172 nisi
221 2119 337 2190 proptar
350 2111 464 2188 culpam
478 2117 573 2186 potest
591 2107 703 2184 infligi:
723 2107 795 2166 alias
809 2107 895 2186 culpa
907 2111 1027 2170 remissa
1040 2111 1098 2170 dici
1110 2131 1170 2171 non
1183 2121 1287 2190 potest,
1302 2114 1351 2174 vel

151 2193 214 2270 ejus
228 2199 325 2251 reatus
339 2189 461 2264 ablatus,
478 2188 502 2248 si
516 2187 660 2265 peccatori
672 2205 724 2264 pro
739 2207 773 2246 ec
786 2186 881 2246 adhuc
896 2190 1005 2266 aliquid
1018 2191 1156 2250 luendum
1171 2200 1310 2269 superest.

192 2270 266 2329 VII.
289 2269 372 2328 Licet
384 2267 519 2326 fidelibus
532 2275 598 2344 post
612 2265 725 2342 culpem
736 2265 885 2338 remissam
898 2288 991 2345 pcenae
1004 2270 1098 2330 adhuc
1109 2271 1242 2348 quaedam
1255 2289 1273 2329 a
1288 2271 1351 2330 Deo

151 2349 343 2427 imponantur,
359 2355 392 2408 ut
407 2345 514 2406 Davidi
528 2344 644 2418 statiis,
659 2345 809 2421 quiasunt
828 2353 942 2406 tantum
962 2348 1116 2426 improprie
1136 2350 1177 2409 ita
1195 2350 1289 2423 dictae,
1311 2348 1352 2406 id.

152 2429 330 2488 medicinales
350 2434 380 2486 et
403 2425 598 2502 cmtipntorc'oe,
621 2423 659 2481 ed
683 2422 889 2484 correctionem
908 2425 1045 2503 ipsorum,
1069 2446 1127 2486 non
1147 2448 1217 2488 vero
1238 2428 1353 2506 proprie

153 2507 247 2582 dictas,
263 2514 293 2565 et
305 2506 507 2582 satisfactoria,
522 2502 561 2561 ad
571 2521 666 2562 eorem
679 2501 835 2579 ultionem3
858 2523 916 2563 nan
931 2507 1060 2582 sequitur
1073 2508 1193 2567 remissa
1206 2507 1291 2584 culpa
1304 2507 1353 2566 val

153 2586 268 2646 sublato
282 2586 346 2663 ejus
359 2593 449 2660 reatu,
464 2601 611 2642 remancre
621 2580 719 2644 adhuc
732 2589 843 2641 rcaturn
856 2583 948 2642 ulium
962 2603 1064 2661 poenae.

620 2817 813 2892 QUAESTIO
834 2817 889 2878 IV.

490 2994 530 3034 nn
544 2993 676 3036 saccaro
690 2992 864 3034 assumar
878 2993 1018 3036 nonum.

196 3137 244 3196 Aa
256 3136 351 3195 arania
358 3143 478 3212 peccata
489 3153 544 3209 per
556 3153 585 3192 sc
599 3141 625 3192 ct
637 3141 742 3192 natura
755 3152 809 3192 aaa
821 3133 877 3192 sint
888 3133 1043 3192 mortalia!
1062 3135 1109 3192 Aa
1121 3152 1187 3192 acro
1200 3135 1318 3211 αῑίᾳιιοᾱ

288 3214 511 3274 detorserant
532 3213 617 3272 Prius
631 3211 724 3287 Affic,
740 3212 820 3271 Post.
836 3211 919 3288 Neg,
934 3219 1033 3272 contm
1047 3211 1223 3273 Pontificius.

159 3413 287 3460 &nuntia
298 3411 399 3458 Pontia-
459 3370 484 3430 1.
507 3369 614 3430 Notum
625 3377 670 3428 est
681 3369 848 3430 Pontificioa
861 3369 936 3430 inter
945 3370 1040 3430 variae
1054 3370 1222 3448 partitiones
1234 3372 1354 3450 pcccati,

188 3471 280 3516 ciorum
296 3471 325 3516 a,
341 3472 399 3518 1³00·
418 3449 493 3508 hsnc
517 3469 576 3526 prae
600 3448 712 3508 cacteris
731 3468 843 3526 urgere,
868 3447 938 3508 dum
958 3451 1107 3510 Peccatum
1128 3450 1305 3512 distribuunt
1325 3452 1355 3510 in

188 3532 243 3574 ⁰⁸2⁰
260 3529 359 3574 ¹¹¹⁰*st
373 3532 399 3575 cc
419 3529 537 3587 mortale
550 3535 580 3588 et
592 3528 707 3587 asciola
750 3528 861 3606 Scopas
880 3527 1008 3606 ipsorum
1028 3529 1058 3587 in
1075 3549 1109 3588 ec
1123 3548 1182 3590 non
1195 3540 1240 3590 cst
1253 3531 1355 3590 obscu-

188 3586 286 3632 'm'fl'
419 3627 477 3683 rus,
493 3606 587 3666 nimir.
608 3605 776 3683 perfectioni
789 3608 926 3682 Justitiae,
942 3608 1077 3684 operibus
1091 3609 1354 3686 supereroganda,

160 3686 270 3746 meritis
289 3705 416 3764 operum,
439 3694 469 3746 st
493 3685 673 3763 Purgatorio,
687 3686 877 3762 patrocinium
897 3705 1032 3763 quarere.
1075 3687 1157 3744 Licet
1176 3707 1247 3746 vero
1267 3687 1356 3749 variis

161 3763 237 3823 inter
255 3765 422 3824 Pontificius
442 3765 600 3842 displiceat,
622 3772 656 3823 ut
678 3765 806 3840 Gareatai,
820 3766 969 3840 Almayno,
984 3765 1117 3837 Roffcnas',
1139 3773 1169 3824 et
1188 3765 1261 3838 aliie,
1277 3763 1355 3841 quod

164 3861 223 3900 non
237 3842 398 3903 dissimsdst
412 3844 548 3904 Bellum.
562 3843 613 3902 lib.
627 3843 647 3902 i.
662 3843 698 3901 de
709 3843 790 3901 amis
802 3861 845 3918 gr.
857 3863 882 3900 c.
893 3846 921 3918 4,
933 3841 1091 3918 apiuribus
1104 3851 1201 3922 tamen
1211 3843 1354 3920 recipitur,

162 3929 193 3980 et
206 3939 224 3979 a
239 3921 357 3998 Synodo
371 3923 539 3982 Tridentina
553 3922 744 3996 confirmatur,
763 3922 840 3981 Soss.
855 3921 916 3978 xiv.
931 3941 955 3979 c.
971 3923 1000 3978 5.

203 3999 246 4058 11.
267 4002 409 4060 Mortalia
418 4011 537 4078 paccata
550 4001 621 4079 ipsis
635 4008 710 4075 sunt,
726 4019 791 4076 quae
805 3999 949 4060 hominem
961 3999 1047 4076 plane
1061 4007 1196 4060 avertunt
1209 4019 1227 4059 a
1241 3999 1312 4074 Deo,
1328 4007 1359 4060 ct

162 4079 267 4156 quibus
276 4099 363 4157 poena
372 4080 494 4140 debetur
504 4089 619 4156 cama,
632 4079 737 4140 similia
747 4079 915 4138 vulneribus
925 4077 1073 4154 lethiferis,
1086 4097 1150 4155 quse
1161 4080 1256 4140 statim
1267 4078 1358 4141 vium

162 4156 345 4235 extinguunt.
393 4160 522 4218 Veniatia
536 4179 614 4235 vcro,
630 4179 695 4237 que
715 4178 773 4218 non
793 4157 909 4236 quidem
930 4158 1015 4235 plane
1028 4165 1194 4220 avertunta
1208 4159 1280 4231 Dao,
1294 4175 1358 4215 cur·

162 4255 226 4296 sum
239 4245 337 4296 tamen
351 4237 389 4296 ad
404 4239 499 4297 Deum
513 4237 682 4316 impediunt,
699 4246 728 4298 et
742 4237 820 4296 facili
834 4237 951 4315 negotia
965 4236 1128 4314 expiantur,
1140 4237 1188 4295 vel
1202 4256 1266 4314 quie
1277 4255 1315 4294 ex
1329 4254 1361 4294 se

162 4323 192 4374 ct
205 4335 259 4374 sua
271 4325 375 4376 natura
395 4325 463 4376 sunt
482 4325 542 4376 tam
562 4315 640 4375 levia
653 4324 683 4375 ct
703 4316 822 4393 minuta,
845 4325 879 4376 ut
900 4335 958 4377 non
971 4315 1088 4376 valeant
1102 4315 1226 4392 aliquem
1247 4312 1361 4395 privare

162 4392 256 4470 gratia
269 4391 378 4471 divine,
394 4403 444 4455 aut
462 4395 555 4454 facere
573 4395 656 4454 illum
678 4396 734 4454 Dei
754 4395 911 4470 inimicum,
933 4404 984 4455 cut
1003 4395 1123 4454 reddare
1136 4395 1256 4472 dignum
1271 4401 1362 4451 morte

163 4480 279 4532 aeterna.
323 4473 396 4534 Haec
410 4474 564 4534 veretalia
582 4491 646 4532 csse
659 4474 770 4546 volunt,
786 4474 834 4532 vel
855 4495 893 4534 ex
910 4494 1012 4551 peccrc
1024 4495 1082 4550 saco,
1098 4474 1146 4533 vel
1166 4493 1204 4532 ex
1218 4475 1361 4548 imperfec-

162 4549 235 4630 tione
249 4551 365 4628 oparis5
387 4551 444 4612 Iiia
457 4572 522 4630 quse
535 4551 644 4611 hebent
656 4571 708 4628 pro
722 4551 836 4629 abjecto
849 4573 908 4612 rem
923 4554 1027 4612 malam
1048 4553 1164 4631 quidem
1178 4562 1207 4612 et
1221 4551 1364 4612 inordina·
