3152 5178
120 373 330 460 camum]
529 393 641 444 curuo
655 394 723 454 urso,
738 395 891 438 munao.
1244 377 1302 448 ccl,

115 541 263 612 sumentes
277 532 428 613 quomodo
441 540 500 595 tres
512 551 643 612 peracute
660 536 804 614 hnmana,
818 545 878 598 tres
890 535 1023 598 homiues
1036 534 1146 597 dicunt.
1189 534 1303 598 Deinde

113 616 174 676 nihl
184 623 257 676 esset
268 613 438 676 mirandum
452 623 482 674 et
494 617 676 680 Mune
689 617 720 676 in
739 616 795 676 hoc
815 618 962 700 mysterio,
983 617 1064 695 quod
1082 635 1184 678 omnes
1204 623 1303 684 tamen

115 697 229 771 nuncu,
243 695 312 773 quia
322 695 456 772 quotidie
470 694 501 754 id
514 695 609 774 ipsum
623 697 766 756 cernimus
780 697 856 757 inter
868 697 1009 756 homines.
1050 697 1157 773 Tertio,
1172 716 1239 758 cum
1250 717 1303 756 na-

114 785 168 836 tura
178 776 297 834 bumana
310 775 351 834 sit
372 773 537 850 divisibilis,
562 783 659 854 potest
678 775 796 854 quidem
819 777 922 838 eadem
943 790 1060 836 manere
1081 778 1185 855 specie,
1211 795 1301 855 quum

111 862 267 933 propagetur
278 873 333 994 {⁶⁸¹
346 854 573 932 generationem,
592 854 662 916 licet
674 875 733 916 uon
746 857 785 917 sit
807 857 909 916 eadem
931 871 1059 933 numero,
1085 858 1154 935 quia
1177 859 1302 924 secernlt

109 934 236 1012 rumdam
249 951 284 994 su
320 934 425 994 tantis
437 941 557 1012 padam,
571 950 658 1013 quam
671 935 703 994 in
715 937 846 1014 genitum
859 936 1052 1013 mansiundit3
1075 936 1127 997 sed
1140 937 1177 996 dc
1192 937 1301 998 Divina

108 1033 162 1091 qua
173 1013 360 1074 indivisibilis
375 1021 429 1090 est,
444 1013 546 1074 eadem
566 1033 626 1074 nou
647 1022 692 1076 est
714 1017 806 1077 ratio:
826 1035 895 1076 nam
917 1016 966 1076 vel
989 1035 1049 1076 nou
1062 1018 1300 1094 communicatur,

109 1095 148 1152 rsl
159 1094 386 1154 communicatur
399 1093 500 1154 mem
513 1113 651 1170 uumerc3
674 1095 777 1173 Itaque
792 1097 924 1156 Christus
937 1096 986 1156 vel
1000 1097 1077 1156 filins
1093 1097 1149 1157 Dei
1170 1115 1230 1158 non
1243 1105 1297 1174 cst,

108 1173 273 1232 releandcm
287 1193 416 1234 numero
427 1174 581 1234 mucan
595 1174 683 1236 debet
694 1175 803 1237 habere
815 1175 871 1238 sibi
884 1177 1133 1238 communicatam.
1163 1177 1223 1238 Sed
1235 1177 1299 1240 hacc

107 1252 185 1312 fusius
197 1253 401 1331 probabuntur
414 1253 445 1312 in
459 1254 654 1330 sequentibus.

139 1331 208 1392 XII.
230 1332 421 1394 Vocabulum
440 1331 563 1409 ὶμοιΰηη
588 1341 757 1412 usurpatum
782 1342 828 1396 cst
852 1334 950 1414 potins
974 1353 1061 1416 quam
1082 1333 1225 1414 μοιωὺεωι,
1247 1335 1298 1397 vel

105 1411 260 1482 sumbus,
280 1431 343 1472 non
357 1413 441 1492 quod
453 1415 526 1474 illud
540 1414 680 1474 unitatem
694 1414 864 1492 specificam,
886 1417 943 1476 ista
955 1432 1026 1476 vero
1048 1417 1225 1477 numericam
1247 1416 1297 1476 de·

107 1501 297 1568 mcmtrarent3
319 1493 377 1554 md
391 1493 459 1571 quia
472 1492 530 1555 duo
543 1501 688 1572 posmsma
700 1504 819 1572 possem
832 1495 972 1573 usurpari,
989 1496 1085 1573 posita
1105 1505 1218 1556 tanturm
1238 1515 1299 1556 una

106 1571 238 1648 hypostasi
251 1593 319 1633 cum
336 1573 483 1634 Sabellior
504 1575 532 1633 N
533 1589 580 1632 arn
591 1573 727 1650 μυοίη
740 1576 837 1652 potius
850 1591 916 1636 cum
929 1583 1012 1635 notat
1024 1575 1076 1653 qui
1097 1585 1185 1636 unam
1198 1595 1298 1636 esseu-

106 1651 164 1709 tiam
175 1652 266 1727 habet,
282 1671 376 1732 quam
391 1653 441 1731 qui
454 1661 499 1714 est
522 1653 654 1731 ejusdem
675 1655 808 1714 essentia
829 1675 895 1715 cum
917 1655 983 1730 alio,
1006 1655 1056 1716 vsl
1074 1675 1141 1716 eum
1162 1655 1299 1734 designat

106 1732 176 1808 cujus
187 1741 288 1826 ustura
301 1742 333 1793 et
343 1733 474 1794 essentia
485 1733 528 1792 ita
539 1733 626 1828 unica
634 1741 686 1811 est,
701 1743 735 1794 ut
747 1735 821 1793 nihil
834 1735 862 1794 ei
875 1735 914 1794 sit
927 1735 1038 1836 simile;
1053 1743 1090 1832 nt
1102 1735 1152 1795 Sol
1160 1733 1297 1812 μωΰσιη

106 1813 456 1954 ἒᾶᾚιιιθαπῒὺἕιωυὶἰέῗ
463 1815 1204 1972 ssffiffiffiepffinffissomffiffmsspffiz
1228 1835 1298 1956 qgiz

106 1969 173 2029 Deus
181 1971 315 2048 μυκόνιος
329 1981 387 2048 est,
402 1972 471 2050 qnia
483 1973 593 2049 uniens,
608 1982 638 2034 ct
650 1981 761 2034 natura
777 1991 837 2034 sun
851 1982 1012 2034 consortem
1032 1974 1176 2033 neminem
1199 1975 1296 2052 habet,

107 2049 147 2125 qui
158 2069 269 2112 numero
283 2055 324 2114 sit
336 2052 379 2112 ab
393 2053 458 2130 ejus
468 2053 597 2114 essentia
609 2053 760 2114 discretus.
801 2053 845 2113 At
859 2054 996 2113 Persona
1009 2052 1159 2114 Trinitatis
1172 2073 1207 2114 ec
1231 2070 1296 2114 seu-

107 2147 134 2186 ru
153 2131 277 2204 mim
290 2133 353 2194 dici
368 2142 524 2210 nequeunt,
544 2133 613 2211 quia
632 2141 693 2194 tres
713 2141 788 2208 suut,
810 2152 870 2193 non
890 2134 976 2194 unica
999 2133 1184 2212 hypostasis:
1204 2159 1308 2214 uoto-¹

108 2206 170 2276 sine
182 2213 264 2272 ctiam
278 2212 474 2290 ambiguitate
488 2232 546 2272 nou
559 2221 655 2289 caret3
676 2221 773 2292 potest
785 2213 863 2272 enim
877 2212 1030 2291 designare
1044 2225 1119 2290 cum,
1134 2213 1186 2291 qui
1199 2233 1296 2274 essen·

109 2289 164 2348 tiam
176 2292 259 2353 babet
272 2313 291 2352 a
304 2294 414 2370 seipso,
428 2310 488 2352 non
501 2313 539 2353 ex
553 2293 672 2354 altadus
685 2292 952 2369 communicatione,
967 2312 1026 2371 quo
1045 2311 1131 2354 seusu
1145 2292 1225 2352 sclu's
1240 2294 1296 2354 Pa·

109 2375 143 2426 ter
151 2381 220 2432 meet
231 2371 393 2438 samaim
406 2372 517 2433 ratione
527 2391 673 2452 persona:
687 2373 739 2434 sed
752 2370 875 2451 ὅμωίνιη
887 2381 970 2435 notat
981 2373 1030 2434 hic
1039 2373 1137 2454 plures
1147 2392 1294 2453 pascuas,

111 2459 239 2512 consortes
251 2453 388 2532 ejusdem
397 2467 518 2513 numero
532 2452 675 2514 essentis.

224 2573 232 2592 ,
395 2531 491 2592 XIII.
513 2533 582 2593 Huc
594 2533 719 2611 pertinet
731 2551 792 2592 vox
815 2533 1035 2616 homanagium,
1050 2552 1109 2612 qua
1131 2531 1301 2611 frequenter·

130 2571 301 2644 ⁵⁹“m''“
353 2611 457 2672 Patres
476 2619 605 2688 utuntur,
629 2631 717 2690 quam
729 2613 847 2674 vellicat
862 2617 1037 2690 curretiam,
1057 2621 1193 2691 tanquam
1210 2611 1295 2696 dega-

110 2697 152 2777 po,
165 2689 332 2770 ambiguam,
349 2699 381 2753 et
394 2709 459 2770 qua
472 2691 627 2753 adhibetur
638 2692 676 2752 ed
690 2711 753 2751 cam
766 2711 828 2752 rem
842 2693 1060 2771 significandum
1074 2712 1139 2771 quse
1153 2713 1297 2772 nusquam

110 2784 134 2823 u
146 2768 284 2848 Scriptura
297 2773 430 2833 docem.
471 2772 582 2833 Verum
595 2790 654 2831 non
675 2771 737 2832 siue
757 2773 868 2834 ratione
888 2782 1055 2852 camporum
1079 2793 1143 2833 esse
1164 2772 1204 2833 ad
1227 2773 1295 2834 inti·

112 2863 173 2906 nau
185 2849 377 2914 Personarum
389 2853 465 2914 iuter
478 2866 509 2913 se
522 2851 658 2912 unionem
680 2849 898 2912 describendam
920 2871 958 2912 ex
979 2852 1044 2930 ipsa
1068 2852 1216 2930 Scriptura
1236 2871 1297 2914 non

112 2923 214 2989 dature
227 2932 326 3011 colligi
339 2939 447 3012 potest,
461 2950 552 3010 quum
565 2931 657 2992 Fine
665 2930 774 2991 'dictur
786 2947 844 2990 crac
855 2931 886 2990 in
899 2933 997 3006 Patre,
1013 2939 1043 2991 et
1055 2933 1146 2990 Pater
1165 2932 1195 2990 ia
1208 2933 1294 3008 Filio,

113 3003 190 3102 :lom
204 3012 250 3112 dd,
272 3021 302 3073 et
324 3013 389 3073 xiv.
417 3013 462 3088 11,
486 3011 566 3105 quod
588 3011 760 3104 mysterium
783 3029 842 3069 non
863 3010 968 3104 melius
981 3029 1069 3104 qnam
1089 3010 1297 3104 positatarum

112 3093 767 3258 sshffluilxfflfflffili
779 3096 1297 3246 rihmduffli

113 3247 1096 3327 ω

116 3415 268 3487 sunum,
283 3412 337 3474 sed
351 3429 464 3488 semper
476 3409 646 3484 οοὸκίεωηὶ,
660 3415 693 3470 et
703 3407 869 3485 ubicunqne
881 3427 939 3468 uua
959 3416 1013 3486 est,
1034 3407 1077 3468 ibi
1098 3407 1193 3486 reipsa
1206 3407 1245 3470 sit
1266 3417 1298 3472 et

117 3479 199 3546 tltcra
227 3489 286 3550 Nec
300 3492 327 3552 si
347 3489 448 3550 fideles
461 3490 598 3550 merum
610 3504 726 3548 manere
739 3488 770 3546 in
785 3488 857 3564 Deo,
873 3495 903 3548 et
916 3489 998 3548 Deus
1011 3487 1195 3564 infidelibus,
1212 3491 1228 3548 1
1243 3489 1266 3550 J
1267 3507 1295 3550 o.

118 3557 198 3641 hild
208 3575 235 3627 ct
243 3570 292 3631 Jc.
302 3571 366 3631 xiv.
375 3573 424 3645 23,
435 3577 552 3647 propter
565 3568 696 3628 intimam
706 3567 832 3646 Spiritus
843 3568 1093 3646 presentiamqul
1103 3568 1295 3628 arctissimum

117 3647 361 3728 mannanhun
373 3649 503 3728 ipsorum
516 3667 582 3708 curn
597 3647 662 3706 Deo
674 3647 831 3722 vinculum,
857 3648 993 3708 continuo
1017 3647 1209 3730 ipmgcffigm
1228 3649 1296 3708 talis

120 3718 176 3792 ¹1³lit
186 3735 274 3802 polest
286 3729 376 3790 tribui
387 3751 395 3807 ς
416 3729 486 3807 quia
498 3725 695 3788 mreruniua
713 3735 759 3787 cst
781 3727 855 3786 ratio
878 3727 993 3788 unionis
1014 3728 1145 3805 mystica
1166 3725 1296 3786 fidelium

122 3813 173 3857 Μ
184 3803 248 3882 Deo,
262 3817 292 3869 et
303 3809 421 3874 unionis
434 3807 541 3868 divine
555 3807 747 3868 Personarum
761 3806 911 3868 Trinitatis
923 3806 956 3866 in
969 3806 1089 3883 Nauna,
1108 3803 1158 3865 vel
1171 3805 1295 3864 Natura·

123 3891 171 3936 '¹¹¹³
181 3881 303 3949 hmanas
316 3897 347 3950 et
360 3887 467 3948 dirius
480 3888 512 3946 in
525 3885 634 3947 Christi
648 3886 783 3948 Persona.

137 3957 239 4043 ,ΚΝ
266 3969 364 4029 vasa
390 3966 586 4044 mmmm,
614 3967 779 4042 nnuma,
807 3971 837 4024 a
859 3963 999 4038 nocue,
1027 3977 1093 4041 qua
1120 3981 1138 4021 a
1161 3960 1301 4022 sanum

126 4032 176 4126 ¹¹⁰¹?
186 4042 355 4124 adhibentur,
370 4065 455 4108 snum
473 4065 558 4108 usum
580 4063 652 4106 sanc
669 4055 757 4106 sensu
776 4044 932 4104 intellectas
951 4043 1058 4101 habere
1077 4048 1207 4119 possunt.
1221 4041 1298 4100 Pro·

122 4125 208 4183 W&
236 4134 316 4188 notat
349 4125 524 4206 peculiarem
556 4123 675 4184 modum
709 4122 886 4184 subsistendi
915 4130 945 4180 ct
979 4121 1172 4182 characterem
1198 4115 1297 4213 lmp-

124 4213 181 4283 Ψ,
193 4217 244 4278 quo
256 4206 285 4265 in
306 4225 370 4268 esse
391 4225 522 4284 pemeus
545 4204 607 4264 brec
620 4203 669 4264 vel
690 4203 742 4262 ille
759 4220 883 4280 persona
904 4199 1096 4276 constituitur,
1119 4205 1149 4258 et
1172 4199 1210 4259 ab
1231 4199 1297 4262 airis

125 4267 295 4356 imbrum.
341 4287 455 4348 Relatio
476 4304 547 4346 vero
568 4283 662 4344 innuit
682 4281 804 4344 eandem
825 4280 1037 4358 proprietatem,
1060 4285 1210 4356 quatenus·
1226 4277 1299 4340 dicit

126 4350 191 4422 'tem
201 4363 280 4424 nnius
292 4385 422 4444 persons
435 4364 473 4425 ad
486 4364 582 4424 aliam.
625 4363 665 4424 Et
681 4363 770 4422 Notio
791 4358 915 4420 eundem
937 4359 1130 4418 characterem
1152 4357 1296 4436 designat,

126 4441 242 4502 lmus
255 4445 396 4524 siguificat
409 4445 566 4506 Personam
579 4463 668 4504 unam
680 4458 745 4502 csse
758 4439 924 4502 distinctam
937 4437 975 4498 ab
995 4437 1070 4514 elia;
1092 4445 1126 4496 ut
1147 4437 1186 4497 sit
1206 4437 1296 4500 index

126 4516 217 4596 nucu
228 4520 414 4584 disbncficuis
427 4524 503 4585 inter
517 4523 669 4582 Personas.
710 4519 843 4598 Aliquod
855 4526 952 4578 tamen
965 4517 1040 4577 inter
1053 4535 1103 4576 eas
1124 4523 1220 4594 potest
1243 4519 1296 4576 ob-

128 4595 216 4654 *f'trl
227 4598 375 4664 discrimen
385 4625 394 4680 3
415 4603 484 4682 quia
497 4603 586 4663 Notio
599 4602 687 4662 latins
699 4608 781 4678 patet
794 4598 955 4674 Rehfioue,
977 4605 1008 4658 et
1022 4596 1139 4690 Relatio
1162 4595 1295 4734 Proprlrg-

128 4669 182 4730 aa.
194 4673 259 4738 llam
271 4689 328 4744 tres
346 4691 457 4745 tantum
478 4688 644 4744 statuimur
665 4679 867 4760 Proprietates,
889 4677 1060 4753 raamias,
1083 4676 1209 4752 Prlrsuc,
1284 4709 1295 4721 -
