3158 5190
712 351 803 394 accos
817 348 934 392 sarnus
1236 326 1362 409 [cuasa.
1378 347 1444 390 ιιι.

683 572 878 650 onasum
898 569 989 632 xm.

457 752 496 792 DE
511 752 665 794 Antlculns
679 751 718 792 ΕΤ
731 750 897 792 Ennomus
910 747 1210 790 sunbsusnrfflsus.
1292 777 1298 788 .

276 897 323 954 Aa
336 897 438 954 dentur
452 894 507 954 loci
519 894 635 972 pedam
650 892 1053 969 Theolopicffimdamentcles,
1069 890 1130 948 Alii
1140 910 1205 966 non,
1221 899 1248 948 et
1261 893 1401 967 qucnwdo
1424 911 1427 920 ·

636 974 710 1032 inter
722 993 752 1032 sc
765 971 892 1048 dfprrosci
904 971 1038 1049 possint!

539 1133 563 1192 1.
586 1132 714 1208 Quaestio
737 1131 775 1192 de
796 1131 931 1191 Arciam
946 1128 1207 1206 ,ἧιηᾱαιιιεηιαῐίὸιω
1227 1129 1327 1207 gravis
1346 1137 1393 1188 ast
1411 1137 1444 1188 et

468 1219 476 1229 '
497 1211 595 1288 ardua,
610 1233 676 1292 quae
689 1234 707 1272 a
720 1213 809 1271 variis
823 1220 963 1287 movetur,
978 1219 1008 1270 et
1022 1210 1098 1268 circa
1117 1228 1204 1287 quam
1223 1217 1376 1287 peccatum
1397 1218 1444 1267 est

497 1291 698 1368 diversimode,
714 1303 775 1352 tum
789 1295 820 1350 in
839 1291 961 1367 defectu,
977 1299 1038 1350 tum
1058 1290 1090 1347 in
1110 1308 1240 1348 excessu.
1285 1292 1311 1348 l.
1335 1288 1373 1346 In
1392 1291 1441 1347 de·
1558 1322 1563 1351 ι

228 1374 308 1446 seona
331 1380 452 1448 peccam
472 1373 617 1432 &ciniani
641 1374 692 1451 qui
706 1371 931 1432 fundamentalia
950 1369 1124 1448 paucissima
1143 1369 1308 1444 admittunt,
1323 1377 1355 1428 et
1368 1387 1441 1426 non·
1558 1400 1564 1447 ²,

234 1451 292 1509 nisi
307 1451 446 1526 Praetica,
462 1451 641 1512 Theoreticis
654 1452 743 1512 ferme
767 1451 909 1530 sepositis,
924 1459 957 1511 ut
981 1451 1022 1510 ita
1035 1448 1148 1510 facilem
1169 1469 1232 1508 csse
1253 1447 1441 1508 dissidiorum
1559 1453 1565 1479 ·’

236 1531 272 1589 de
288 1531 440 1608 Religione
465 1533 700 1612 compositionem
722 1533 852 1608 doceant,
877 1539 976 1608 utpote
1001 1550 1065 1608 quar
1079 1539 1231 1589 versentur
1252 1527 1350 1606 potius
1364 1527 1442 1587 circs

236 1611 435 1670 conclusiones
448 1610 648 1690 Theologicas,
664 1621 694 1671 et
717 1611 853 1689 dogmata
869 1611 1047 1686 Scholarum,
1071 1628 1157 1687 quam
1178 1609 1255 1667 circa
1267 1608 1439 1666 fundamen·

235 1689 309 1750 tales
332 1688 400 1749 fidei
424 1691 568 1768 articulos,
584 1693 634 1769 qui
656 1700 686 1750 ct
709 1693 793 1768 pauci
807 1691 865 1752 sint
886 1710 1014 1766 numero,
1031 1699 1060 1750 et
1083 1690 1217 1766 utrinque
1231 1687 1290 1747 fere
1304 1687 1440 1748 comessi

236 1769 303 1828 Hoc
327 1779 471 1849 pretextu
491 1772 637 1850 praecipua
655 1771 724 1830 fidei
745 1772 882 1849 dogmata
901 1777 1052 1830 removent
1072 1789 1090 1828 a
1113 1767 1386 1842 fundamentalibus,
1408 1777 1443 1826 ut
1561 1826 1565 1837 ,

235 1850 342 1930 dogma
356 1851 392 1910 de
418 1851 439 1910 S
460 1851 527 1911 iritu
550 1853 665 1927 Sancto,
680 1851 717 1911 de
732 1852 880 1927 Trinitate,
900 1849 938 1910 de
962 1850 1090 1909 Persona
1111 1848 1226 1924 Christi,
1242 1845 1278 1906 de
1302 1848 1439 1908 Satisfw

235 1931 322 2005 tione,
337 1928 392 1990 aito.
435 1871 485 1990 id
499 1951 549 1992 eos
570 1932 711 1992 accedam
732 1952 790 1991 non
812 1931 934 1992 obscure
947 1930 1116 2004 Anninrbnr,
1142 1927 1192 2006 qui
1212 1927 1442 1987 fundamentalia
1559 1918 1565 1983 i

235 2011 322 2070 etiam
337 2012 375 2072 ad
388 2032 423 2071 ea
436 2012 572 2090 redigrmt
585 2011 687 2092 capita,
703 2031 768 2091 quae
782 2013 859 2090 apud
874 2011 1052 2072 Christianos
1065 2028 1164 2068 omnes
1178 2007 1267 2068 ferme
1278 2015 1347 2067 sunt
1357 2017 1443 2068 extra

235 2092 460 2152 controversiam
474 2093 577 2170 posita,
599 2103 629 2153 et
649 2093 742 2152 tribus
762 2093 826 2152 istis
846 2091 1037 2164 continentur,
1053 2090 1117 2169 fide
1137 2087 1298 2148 arianarum
1311 2089 1440 2166 prm·

231 2173 351 2248 nonant,
366 2173 521 2234 obedientia
534 2173 693 2232 divinorum
701 2181 920 2250 praceptorum,
936 2181 963 2231 et
976 2171 1067 2229 debita
1081 2169 1236 2245 &rpem
1249 2169 1419 2228 reverencia

537 2252 581 2312 11.
598 2253 634 2310 In
643 2272 756 2312 excessu
765 2260 894 2328 peccent,
905 2260 966 2310 tum
975 2249 1171 2329 Ponttfloiiqui
1185 2269 1261 2326 saepe
1272 2268 1326 2327 pro
1335 2247 1440 2308 frmda-
1560 2248 1565 2269 ¹

235 2329 265 2373 1¹¹
276 2328 383 2398 armna
394 2330 478 2374 ΡΜ·
499 2331 672 2392 mentalibus
686 2331 794 2389 foennm
816 2349 899 2389 suum
918 2339 948 2390 et
961 2330 1090 2409 stipulas,
1105 2338 1135 2388 et
1148 2329 1286 2407 quicquid
1307 2329 1443 2388 Romane

263 2387 313 2488 Ἢ
328 2390 354 2431 ⁸²
374 2385 479 2432 ΜΨ
498 2409 631 2468 Ecclesia
644 2408 752 2484 definit,
764 2408 917 2470 obtrudere
931 2429 989 2468 non
1000 2409 1191 2485 erubescunt;
1207 2417 1268 2468 tum
1282 2410 1445 2468 Latiarum

496 2487 657 2566 rigidiores,
686 2489 736 2567 qui
764 2497 797 2548 ut
824 2490 1045 2567 syncretismum
1071 2489 1223 2548 nobiscum
1249 2487 1442 2547 difficiliorem

234 2567 365 2644 reddant,
380 2566 606 2628 fundamentalia
619 2569 706 2628 latius
720 2588 807 2646 quam
828 2589 880 2646 par
893 2579 937 2629 est
950 2567 1119 2644 extendunt,
1135 2587 1260 2628 errorem
1281 2568 1443 2645 quemlibet

236 2667 311 2727 saepe
336 2647 366 2706 in
387 2647 519 2707 haeresim
540 2657 665 2725 vertum,
681 2657 711 2708 et
731 2668 770 2708 ex
789 2649 954 2727 adiaphoris
972 2649 1134 2709 necessaria
1147 2647 1264 2725 faciunt,
1280 2656 1312 2708 ut
1326 2647 1444 2708 facilius

234 2729 371 2788 evincant
383 2747 437 2787 nos
450 2727 591 2788 dissidere
604 2729 635 2787 in
649 2727 921 2789 fundamentalibus.
1564 2744 1569 2795 ἓ

277 2808 337 2867 ΙΙΙ.
360 2807 441 2867 Inter
454 2815 591 2886 utrosque
612 2809 738 2868 medium
758 2817 858 2870 tenent
872 2807 1042 2884 Orthodoxi,
1065 2807 1115 2886 qui
1129 2817 1162 2868 nt
1175 2805 1444 2867 fundamentalibus
1565 2808 1569 2825 ¹

235 2887 407 2965 quibusdam
431 2889 593 2948 necessario
615 2889 754 2967 nituntur,
777 2889 818 2948 ita
841 2909 895 2949 nec
921 2887 1008 2948 nimis
1029 2907 1064 2948 ea
1083 2888 1263 2966 restringunt
1282 2907 1350 2946 oum
1371 2887 1440 2965 illis,
1566 2882 1569 2901 '

234 2987 289 3027 nee
303 2967 389 3027 nimis
402 2969 563 3030 extendunt
576 2989 642 3030 cnm
655 2969 729 3029 istis.

538 3050 593 3110 IV.
617 3049 659 3110 Ut
678 3049 897 3110 fundamentum
917 3049 948 3108 in
968 3047 1089 3107 edificio
1105 3047 1219 3124 dicitur,
1239 3047 1320 3126 quod
1340 3047 1386 3106 illi
1401 3047 1444 3108 ita
1567 3068 1572 3099 ι

236 3127 301 3231 θῖῑᾶ
321 3127 475 3232 'lgmfflffi
495 3129 695 3206 substernitur,
705 3139 739 3190 nt
748 3130 857 3208 absque
869 3151 903 3190 eo
914 3149 967 3188 nec
978 3127 1088 3187 exstrui
1098 3147 1152 3186 nec
1162 3127 1318 3187 consistere
1327 3129 1421 3204 possit
1432 3150 1441 3204 ;

264 3201 330 3289 ff„
434 3201 475 3235 ω’
497 3210 544 3271 Ita
563 3211 594 3269 in
615 3211 768 3288 Religione
787 3209 861 3270 illud
877 3211 1097 3285 fundamentum
1118 3207 1231 3283 dicitur,
1249 3227 1307 3284 quo
1323 3207 1442 3284 Religio

497 3298 558 3349 tota
571 3291 680 3366 nititur,
696 3298 726 3350 et
745 3310 804 3368 qno
817 3298 912 3349 stante
933 3297 998 3364 stat,
1020 3307 1078 3365 quo
1093 3287 1206 3347 sublato
1225 3287 1341 3348 corruit
1386 3291 1440 3347 Su-

236 3367 324 3427 mitur
344 3377 442 3428 antem
456 3367 608 3429 bifariam:
630 3369 687 3428 Vel
714 3371 887 3446 incomplexe
900 3378 930 3429 et
942 3369 1140 3444 paenaliter,
1162 3377 1192 3427 et
1212 3367 1384 3426 transfertur
1404 3367 1443 3426 ad

237 3447 383 3506 Christian
404 3446 506 3506 salutis
526 3448 620 3506 omnis
640 3447 928 3524 fundamentumcui
950 3445 1082 3506 Ecclesia
1095 3456 1125 3507 et
1146 3447 1261 3525 Religio
1275 3468 1328 3506 ceu
1352 3457 1442 3525 petra

236 3525 363 3584 immotae
383 3534 413 3585 et
436 3525 615 3586 inconeussa
629 3527 843 3605 superstruitur,
859 3529 945 3586 Mstt
967 3527 1028 3588 xvi.
1046 3529 1102 3604 183
1127 3531 1140 3586 1
1158 3527 1221 3587 Pet.
1244 3528 1316 3603 iili,
1333 3529 1438 3603 7,et1

237 3605 302 3665 Cor.
317 3604 358 3664 iii.
382 3607 428 3665 11.
470 3605 697 3665 dhndcmentum
721 3606 803 3666 aliud
821 3627 900 3666 nemo
915 3616 1010 3683 potest
1031 3617 1164 3683 statuere,
1184 3617 1294 3684 praeter
1314 3607 1347 3666 id
1365 3609 1445 3684 quod

186 3732 190 3741 ,
230 3685 356 3763 positum
369 3695 417 3763 est,
432 3687 510 3763 qaod
521 3695 562 3745 est
576 3685 704 3746 curtae
715 3687 823 3760 Jeeus5
844 3687 901 3746 Vel
915 3689 1059 3764 complexe
1069 3696 1098 3746 et
1107 3687 1286 3763 neutraliter,
1301 3687 1440 3765 proveri·

236 3773 296 3826 tate
320 3764 528 3826 fundamentali
542 3786 606 3844 que
629 3765 762 3826 omnibns
786 3766 930 3826 credenda
950 3767 1154 3845 prescribitur,
1178 3775 1208 3826 et
1231 3787 1296 3845 quae
1320 3766 1441 3844 proinde

236 3845 305 3906 fidei
318 3845 536 3907 fundamentum
549 3846 663 3906 dicitur.
705 3845 772 3906 Hoc
785 3865 864 3922 vero,
879 3848 928 3908 vel
941 3850 997 3908 late
1017 3847 1184 3907 extenditur
1197 3846 1234 3906 ad
1255 3846 1347 3926 prima
1362 3846 1440 3905 Reli-

281 3977 447 4035 eeuu·
497 3925 1047 4086 sertrttssstuirrarr
1061 3925 1441 4066 tlrttrhrrr

234 4087 542 4163 aaaaannmma
554 4107 605 4148 seu
618 4091 698 4168 rma
712 4089 841 4164 veniunt,
856 4089 954 4166 quun
968 4097 1035 4148 sunt
1055 4051 1443 4163 rapscma'as'opesaa

236 4169 361 4242 marteris,
367 4169 444 4246 fides
454 4168 483 4226 in
494 4169 596 4243 Deum,
606 4169 808 4245 baptismorum
818 4168 956 4245 doctrina,
972 4166 1109 4244 impositio
1120 4187 1262 4242 mamam,
1272 4167 1442 4226 resurrectio

236 4256 419 4322 scortatorum,
435 4257 461 4306 et
466 4248 607 4323 judiciam
620 4258 764 4324 omnam,
779 4267 844 4325 quae
853 4257 949 4307 tamen
960 4248 1056 4324 capita
1067 4266 1166 4325 parem
1180 4246 1361 4306 necessitatis
1375 4266 1441 4324 gra·

236 4323 306 4382 dum
320 4343 377 4380 non
391 4325 539 4403 obtinent;
562 4327 613 4387 sed
627 4328 684 4386 alin
697 4327 833 4406 primario
841 4336 871 4386 et
884 4347 935 4404 per
949 4347 988 4402 ss,
1001 4327 1058 4386 alia
1069 4345 1138 4384 vcro
1148 4326 1317 4386 secundario
1328 4335 1442 4386 tantum

236 4411 266 4461 et
280 4423 330 4479 per
343 4403 422 4462 aliud
437 4407 598 4466 necessaria
611 4415 698 4482 sunt;
720 4427 778 4483 quo
792 4427 879 4466 sensu
900 4407 1014 4466 articuli
1027 4405 1257 4466 fundamentales
1278 4405 1443 4484 Religionis

235 4482 443 4542 referunturad
459 4485 645 4563 Decalognm,
661 4487 831 4564 Symbolum
844 4486 1054 4564 Apostolioum,
1065 4485 1230 4545 Orationem
1246 4487 1441 4563 Dominicam,

238 4563 430 4638 Sacramenta,
446 4571 476 4622 ct
491 4563 666 4625 Potastatem
687 4567 821 4641 clavium,
844 4566 912 4644 qnia
925 4566 967 4625 illi
987 4565 1177 4626 necessariam
1191 4576 1221 4626 et
1241 4565 1441 4626 fundamenta·

235 1191 267 1239 In
295 1193 398 1238 Defectn
424 1206 466 1251 pec

260 1256 317 1297 cant
327 1251 457 1298 Soeinisnl.

235 4641 292 4702 lem
317 4641 418 4702 salutis
440 4641 599 4703 doctrinam
614 4647 769 4722 continent,
786 4645 847 4705 sine
870 4665 927 4722 qus
948 4646 1060 4724 reliqua
1082 4665 1183 4724 capere
1203 4666 1261 4706 non
1276 4665 1441 4723 possumus.
