3160 5194
564 417 695 466 onurro
713 419 899 468 susumus.
1229 407 1337 474 xxxvii

120 580 188 652 tau.
242 575 342 644 Hauc
359 578 550 643 vocationem
565 589 719 647 annuente
734 589 866 664 utroque
881 582 997 649 Senatu
1014 585 1177 666 amplexus
1191 593 1249 664 est,
1265 594 1298 652 et
1315 609 1334 651 a

119 674 390 757 Lugdunensibus
403 677 515 742 blando
530 679 627 762 vultu,
640 681 720 744 laetis
737 683 873 764 vocibus,
885 689 917 746 et
932 683 1044 764 saepius
1059 684 1268 769 ingeminatis,
1279 707 1334 752 ac-

117 782 228 854 ceptus
243 775 321 839 fnit.

165 873 330 937 Fansurs
346 874 493 955 auspiciis
508 874 546 938 de
561 877 796 957 eoeogitarerat
813 878 1028 962 Lugdunensis
1040 882 1164 957 Ooetus3
1192 882 1333 947 Ecclesia

119 971 240 1052 quippe
256 973 327 1036 burc
343 973 376 1035 in
403 979 509 1053 partes
533 974 608 1051 ibat,
624 982 718 1056 atquo
745 977 856 1058 aliquis
877 985 945 1042 erat
972 979 1194 1044 discordiarum
1222 983 1330 1065 fomes,

118 1090 217 1150 quum
233 1069 362 1135 Noster
379 1078 474 1136 aestus
491 1073 662 1136 animorum
676 1076 874 1159 compescuit,
889 1084 921 1140 et
938 1079 1073 1142 motibus
1083 1080 1225 1144 omuibus
1242 1081 1333 1144 seda-

118 1168 162 1232 tis
176 1168 353 1249 pristinam
382 1171 508 1234 reduxit
535 1173 802 1251 tranquillitatem.
866 1175 926 1239 Per
951 1177 1025 1240 anui
1050 1178 1184 1258 spatium
1197 1178 1262 1242 illic
1277 1199 1333 1242 suo

117 1268 250 1332 sunaus
279 1277 332 1332 est
359 1269 541 1352 ministerio,
558 1277 674 1351 quanto
699 1291 768 1336 cum
783 1274 932 1353 applausu
957 1277 1094 1338 reserant
1107 1275 1166 1355 ipsi
1184 1275 1335 1358 Lugdun-

118 1385 221 1430 enses.
275 1366 410 1431 Diutius
428 1369 509 1448 apud
524 1367 607 1448 ipsos
621 1376 704 1434 esset
718 1379 933 1453 commoratus,
952 1372 978 1435 si
995 1393 1100 1437 eorum
1115 1381 1188 1437 rota
1203 1375 1334 1439 fluissent

117 1465 298 1540 exaudita3
325 1472 359 1528 at
374 1466 431 1530 hoc
449 1465 528 1529 Viro
543 1468 673 1548 amplius
698 1489 803 1534 carere
817 1491 878 1533 uon
902 1477 1029 1551 poterat
1044 1472 1233 1536 Athenaeum
1259 1493 1334 1537 nos-

116 1571 214 1646 trum,
232 1574 269 1629 et
298 1585 446 1629 revocare
471 1567 621 1647 cogebant
637 1567 784 1631 Ecclesiae
809 1575 923 1631 nostrae
953 1570 1118 1634 commoda.
1180 1571 1334 1636 Discessit

118 1661 242 1744 itaque,
260 1670 298 1729 et
315 1684 405 1744 quem
420 1683 483 1728 uon
497 1664 564 1729 siue
574 1664 655 1728 latis
666 1665 824 1746 plausibus
834 1675 1017 1747 acceperant
1028 1669 1259 1751 Lugdunenses,
1270 1690 1333 1733 non

119 1759 186 1824 siue
201 1761 381 1843 lachrymis
395 1762 597 1838 dimiscruuu
623 1763 734 1844 Sospes
751 1764 856 1828 natale
872 1765 967 1829 solam
982 1767 1109 1849 tetigit3
1134 1767 1217 1832 illico
1233 1769 1272 1832 de
1297 1788 1335 1832 eo

119 1857 152 1921 in
169 1867 304 1939 partem
319 1861 458 1924 laborum
476 1861 733 1926 Academicorum
749 1864 885 1928 vocando
901 1864 1069 1944 cogitatum
1084 1871 1144 1946 est,
1162 1867 1333 1946 etquidem

120 1957 188 2021 loco
203 1957 394 2023 Venerandi
423 1959 453 2021 Τ
451 1961 606 2043 roccbe'at,
624 1981 714 2040 quem
739 1981 817 2024 caua
841 1969 982 2026 senectus
1007 1963 1132 2043 publice
1156 1965 1258 2044 legere
1272 1984 1335 2028 non

119 2057 322 2137 patiebatur.
373 2057 587 2138 Theologicam
612 2059 719 2138 itaque
735 2059 920 2124 cathedram
946 2059 1125 2123 conscendit
1149 2081 1229 2124 anuo
1244 2062 1336 2140 hujus

125 2155 226 2219 secruli
249 2171 338 2232 Lm,
356 2162 389 2220 et
405 2163 519 2237 preater
532 2155 772 2222 Celeberrimum
793 2157 1010 2220 Troacbinum
1025 2165 1068 2220 rb
1081 2163 1106 2219 lv
1123 2166 1221 2240 ἁγίοις,
1239 2158 1336 2222 Collo-

125 2273 180 2334 gas
197 2255 319 2318 habuit
334 2255 542 2319 Clarissimum
557 2257 737 2321 Antonium
751 2257 911 2340 Leperum
926 2254 1039 2318 Virum
1056 2276 1208 2338 maguum,
1219 2258 1339 2321 foecun-

127 2353 205 2416 dum
223 2354 388 2418 literarum
405 2360 525 2435 pectus,
539 2355 657 2434 judicio
673 2355 844 2432 subactum,
862 2355 981 2435 pietate
993 2355 1152 2430 fervidum,
1165 2355 1339 2421 eruditione

127 2459 402 2528 consummatum
440 2452 654 2517 Rerereudum
682 2453 871 2537 Philippum
900 2455 1130 2518 Mestrezotam
1163 2453 1338 2519 Facultatis

129 2549 332 2633 Theologica
342 2550 502 2616 Decanum
519 2551 875 2627 meritissimum,nostro
889 2552 1044 2634 praeconio
1060 2551 1217 2633 majorem,
1235 2559 1268 2616 et
1283 2573 1339 2617 ou-

125 2649 180 2730 jus
201 2649 375 2714 encomium
391 2651 507 2714 honore
523 2650 637 2714 silentii
652 2650 843 2731 supprimere
858 2651 943 2733 cogit
957 2651 1024 2731 ejus
1038 2650 1214 2732 praesentia.

184 2749 241 2812 Ex
259 2769 320 2830 quo
336 2769 461 2829 compos
476 2750 576 2814 lactus
591 2756 639 2812 est
656 2749 880 2829 assignatorum
897 2769 1069 2830 muncrum,
1087 2748 1265 2812 Orationem
1283 2748 1341 2811 ha-

132 2847 208 2912 buit
222 2847 435 2929 inauguralem
463 2847 495 2910 iu
512 2847 643 2927 primum
663 2845 812 2927 Epistola
836 2847 875 2910 ad
901 2846 1050 2911 Hebraeos
1067 2846 1251 2910 versiculum
1271 2851 1341 2910 tota

132 2946 305 3026 plaudente
320 2935 442 3021 corona,
460 2952 539 3009 etse
555 2945 587 3007 iu
606 2945 735 3008 solidum
749 2946 843 3009 rebus
861 2945 1088 3010 Ecclesiasticis
1101 2965 1136 3008 ac
1149 2943 1342 3025 Theologieis

136 3045 337 3126 manciparit.
390 3043 451 3108 Hic
468 3044 500 3106 iu
515 3043 620 3108 laudes
632 3043 722 3122 hujus
736 3043 881 3124 Theologi
899 3043 1082 3107 excurrendi
1094 3042 1263 3106 latissimus
1275 3061 1342 3104 sese

139 3145 233 3208 offert
248 3163 396 3223 campns3
424 3141 540 3205 Verum
567 3141 705 3222 quamvis
727 3142 822 3221 juxta
836 3141 868 3204 N
871 3141 1067 3204 aziauzenum
1089 3137 1245 3219 aequitatis
1262 3138 1344 3201 ratio

141 3241 285 3322 laedatur,
304 3241 329 3304 si
347 3241 511 3304 laudentur
527 3241 631 3320 alieni,
649 3246 682 3303 et
707 3239 841 3318 proximi
858 3237 981 3302 silentio
996 3245 1178 3317 premantur
1191 3236 1342 3310 obscuro;

143 3347 247 3404 tacere
262 3345 368 3402 umen
391 3338 472 3402 malo
495 3358 586 3418 quam
612 3338 708 3418 loqui,
726 3357 765 3400 ue
789 3335 1040 3401 desideratissimi
1058 3335 1215 3400 Avunculi
1233 3334 1266 3398 iu
1290 3355 1344 3400 ore

143 3439 268 3518 nepotis
285 3437 463 3502 sordescant
476 3435 594 3518 laudes,
610 3457 677 3517 quae
693 3435 787 3499 altius
802 3421 938 3500 eminent
953 3455 1044 3515 quam
1059 3441 1094 3497 ut
1104 3435 1227 3498 invidias
1238 3453 1343 3497 morsu

142 3537 249 3618 appeti
271 3535 403 3617 possint.
465 3546 525 3606 Τοῖς
542 3538 642 3606 ἄλλοις
665 3541 807 3619 ἀνθρώποις
822 3541 852 3596 e'u
877 3541 925 3606 τῆς
941 3539 990 3596 τῶν
1006 3541 1093 3616 λόγων
1111 3536 1248 3614 αὐξήσεως
1265 3541 1345 3594 συνίσ-

144 3663 228 3698 rarcu
246 3643 284 3698 τὰ
310 3640 446 3717 ἐγκώμια,
464 3660 518 3705 τοις
533 3641 645 3704 δικαίοις
671 3640 697 3696 δὲ
714 3642 795 3718 cignei
805 3639 854 3695 τῶν
875 3639 1066 3717 πεπραγμένων
1080 3638 1170 3702 obruit
1186 3637 1201 3704 ἡ
1220 3636 1345 3706 ἀλήθεια,

143 3745 205 3820 πρὸς
223 3743 254 3797 rb
281 3737 369 3817 delfau
396 3739 482 3795 αὐτῶν
508 3741 537 3794 rb
562 3739 731 3817 ὑπεςίάλλον
747 3739 796 3804 γῆς
816 3738 920 3816 ἀρετῆς.
989 3731 1127 3795 Narrent
1152 3729 1204 3792 alii
1231 3733 1347 3809 quanto

147 3833 252 3897 studio
266 3833 307 3895 ad
322 3831 466 3912 Regnum
482 3830 596 3894 Christi
612 3832 853 3912 propagandum,
870 3837 903 3894 et
916 3830 1138 3911 profligandam
1156 3824 1348 3891 Antichristi

148 3931 360 4013 Tyrannidem
383 3929 568 4005 incubuerit,
592 3950 628 3993 aa
651 3937 767 4010 quanta
783 3949 840 4009 pro
857 3928 1006 3992 Ecclesia
1023 3927 1122 3990 salute
1140 3921 1349 3988 sollicitudine

146 4030 241 4094 luerit
256 4031 422 4104 obsessus;
449 4047 540 4107 quam
565 4028 661 4092 solide
677 4035 711 4092 et
735 4027 855 4091 erudite
874 4045 995 4090 sacrum
1012 4023 1128 4086 Christi
1146 4018 1350 4100 Evangelium

148 4127 335 4209 exposuerit,
352 4147 413 4189 uon
441 4126 602 4190 verborum
630 4125 789 4190 lenociniis
818 4123 994 4187 auditorum
1021 4119 1148 4200 animos,
1172 4117 1226 4181 sed
1251 4115 1351 4182 solida

148 4245 276 4306 pascens
292 4224 445 4305 doctriua,
461 4231 527 4287 tum
545 4224 757 4288 histrionicum
774 4229 807 4287 ct
820 4219 1046 4301 ‚ampullatum
1063 4223 1130 4280 tum
1154 4215 1303 4280 incultum
1318 4223 1352 4280 et

150 4324 322 4406 neglectum
348 4322 471 4386 dicendi
494 4343 590 4404 genus
614 4322 767 4402 devitans,
782 4327 816 4384 et
839 4317 930 4380 auxie
947 4335 1069 4398 careus,
1087 4336 1125 4379 ne
1139 4315 1241 4379 oratio
1257 4315 1354 4378 nimia

152 4425 314 4487 verborum
340 4421 562 4500 compositione
589 4421 809 4500 frondesceret,
840 4424 877 4480 ut
901 4415 1038 4496 loquitur
1064 4413 1281 4495 Hieronymus,
1298 4421 1355 4476 aut

152 4521 329 4600 spumantia
344 4520 439 4584 rerba
454 4519 631 4595 trutinaret,
648 4526 681 4582 et
696 4523 852 4580 notamen
869 4514 954 4578 humi
969 4520 1102 4595 reperet.
1139 4513 1293 4576 Referunt
1301 4509 1355 4573 alii

151 4626 267 4697 quauta
287 4639 358 4684 cum
376 4622 509 4702 παξρησίᾳ
524 4617 618 4682 seculi
644 4635 745 4680 mores
769 4614 986 4694 insectaretur,
1002 4633 1021 4676 a
1036 4610 1139 4676 servili
1163 4609 1218 4672 illo
1233 4606 1356 4670 silentio

152 4715 240 4794 plane
257 4716 390 4796 dianus,
405 4715 487 4802 quod
504 4715 616 4782 divinis
631 4713 771 4784 Oraculis
786 4713 1012 4789 convenienter,
1029 4708 1143 4774 talibus
1158 4705 1234 4771 uiris
1258 4703 1358 4766 iuter-
