3250 5176
530 722 683 800 LOCUS
722 719 954 800 DECIMUS.

249 961 320 1052 De
361 961 578 1058 LIBERO
615 961 871 1059 HOMINIS
921 962 1230 1058 ARBITRIO

500 1221 550 1298 III
579 1221 737 1300 STATU
764 1221 984 1301 PEGGATI.

559 1561 754 1640 QUAESTIO
775 1562 921 1624 PRIMA.

135 1729 183 1788 Aa
196 1745 294 1788 nomen
307 1725 405 1786 Liberi
416 1723 538 1784 Arctoa·
545 1744 593 1784 eea
603 1725 938 1798 ahsloonbvretincadum
948 1724 1021 1785 sitin
1031 1723 1340 1788 &macerationes

176 1810 272 1948 {eldad
284 1827 369 1886 pamm
381 1807 550 1882 facultatem
563 1805 673 1881 animae,
688 1806 853 1865 intellectum
866 1808 910 1866 vel
927 1807 1104 1884 volunlatem,
1116 1806 1237 1885 proprie
1249 1803 1340 1883 perti·

177 2049 203 2108 I.
225 2048 340 2124 Quanta
361 2065 413 2124 per
435 2054 585 2124 peceatum
609 2045 639 2105 in
654 2045 755 2106 Genus
778 2044 936 2106 humanum
959 2046 1076 2107 invecta
1095 2045 1134 2108 sit
1154 2043 1299 2125 corruptio
1313 2043 1344 2104 in

136 2129 365 2209 precedentibus
379 2127 552 2205 apemimus.
594 2125 730 2186 Vidimus
744 2127 813 2186 mali
832 2125 942 2187 fontem
965 2127 997 2186 in
1011 2128 1135 2188 Peccato
1149 2125 1291 2205 originali,
1314 2133 1344 2184 et

137 2211 216 2269 rivos
229 2209 388 2269 lutulentos
402 2208 469 2267 inde
483 2207 607 2266 fluentes
619 2207 650 2266 in
666 2207 797 2266 Peccatis
811 2206 995 2268 Actualibus.
1027 2207 1049 2269 J
1050 2228 1097 2266 am
1110 2208 1229 2287 propius
1241 2206 1341 2265 miser-

137 2291 228 2350 rimus
241 2289 366 2348 hominis
380 2296 481 2363 status,
497 2295 526 2346 et
539 2287 686 2347 teterrima
705 2285 790 2345 liberi
804 2287 915 2347 arbitrii
936 2288 990 2349 sub
1004 2297 1123 2366 peccato
1145 2287 1271 2347 servitus
1291 2306 1341 2345 ex·

138 2369 290 2448 pendenda
303 2378 356 2429 est.
371 2368 467 2428 Triste
480 2366 572 2428 fateor
586 2363 791 2445 spectaculum,
808 2367 860 2427 sed
873 2367 1058 2428 utilissimum
1073 2377 1178 2444 tamen,
1188 2376 1218 2427 et
1232 2383 1343 2427 summe

137 2449 338 2524 necessarium,
353 2458 386 2508 ut
400 2445 628 2527 magnitudinem
642 2446 765 2507 miserim
779 2456 885 2508 nostrae
899 2447 1014 2526 penitus
1028 2467 1227 2527 agnoscamus,
1238 2455 1267 2508 et
1277 2467 1342 2526 gra·

137 2531 185 2590 tire
209 2529 390 2590 medicinalis
413 2529 615 2588 necessitatem
639 2528 746 2588 certine
769 2528 917 2608 capiamus
938 2537 968 2590 et
991 2527 1139 2589 ardentius
1163 2535 1343 2606 expetamus.

137 2610 237 2688 Atque
250 2631 285 2669 eo
299 2609 468 2686 diligentius
482 2607 513 2668 id
527 2605 729 2686 exequendum
743 2615 788 2668 est
801 2618 1011 2687 argumentum,
1024 2608 1102 2688 quod
1116 2609 1296 2688 gravissimae
1306 2608 1360 2668 ab*

137 2691 215 2750 omni
239 2689 299 2749 fers
322 2709 386 2748 sevo
410 2709 428 2747 a
448 2689 536 2748 variis
551 2688 737 2748 Adversariis
761 2690 839 2748 circa
859 2689 934 2750 illud
953 2699 1039 2750 motae
1054 2690 1113 2750 sint
1134 2698 1164 2749 et
1184 2688 1342 2749 etiamnum

136 2771 223 2831 hodie
237 2775 408 2827 moveantur
422 2769 641 2844 Controversia,
664 2789 729 2846 quse
742 2789 850 2847 magna
870 2769 987 2848 ingenia
1008 2767 1130 2830 subinde
1151 2777 1344 2830 exercuerunt
1402 2793 1405 2800 ¹

137 2860 167 2910 et
180 2855 325 2908 exercent.
369 2848 408 2906 Et
421 2867 458 2905 ne
471 2849 519 2906 hic
535 2849 776 2926 Philosophorum
785 2849 945 2909 Gentilium
959 2871 1070 2910 errores
1080 2849 1254 2909 vanissimos
1265 2870 1342 2908 com·

136 2947 337 3004 memoremus,
353 2927 403 3004 qui
425 2935 535 2986 naturae
555 2927 768 3004 corruptionem
790 2929 966 3006 ignorantes,
980 2929 1127 2989 hominem
1146 2929 1268 2988 fortuna
1283 2949 1343 2988 sua

137 3011 250 3070 fabrum
264 3016 295 3068 et
307 3007 496 3066 architectum
510 3026 574 3066 esse
587 3026 673 3084 posse
682 3007 902 3084 contendebant,
912 3016 941 3068 et
950 3007 1084 3068 faciendo
1095 3007 1225 3068 homines
1235 3007 1343 3068 liberos

137 3090 283 3150 faciebant
296 3088 472 3165 sacrilegos:
494 3083 566 3161 Quis
586 3086 678 3146 nescit
693 3086 915 3164 Pelagianorum
936 3096 966 3147 et
982 3087 1277 3166 semipelagianorum
1298 3087 1342 3166 gi·

138 3179 259 3248 ganteos
272 3168 328 3227 hac
342 3167 372 3225 in
386 3175 467 3244 parte
482 3175 610 3242 conatus,
626 3174 659 3225 ut
672 3174 782 3226 nature
796 3167 990 3244 impuritatem
1002 3167 1050 3226 vel
1064 3167 1179 3245 penitus
1193 3177 1342 3246 negarent,

138 3251 186 3310 vel
200 3251 304 3310 mirum
319 3255 459 3326 quantum
473 3255 672 3322 extenuarant,
688 3255 718 3308 et
730 3245 815 3306 liberi
828 3245 939 3307 arbitrii
952 3248 1030 3307 vires
1044 3247 1241 3306 extollerent?
1263 3248 1342 3323 Quos

137 3351 196 3390 non
219 3331 260 3390 ita
282 3330 331 3388 vel
356 3327 549 3387 Gouciliorum
573 3326 719 3386 variorum
743 3327 911 3402 authoritas,
932 3328 981 3387 vel
1005 3347 1180 3387 summorum
1202 3327 1342 3388 Ecclesiae

138 3411 302 3484 Luminum,
318 3407 500 3486 Hieronymi,
515 3406 685 3484 Augustini,
702 3407 845 3486 Prosperi,
861 3407 977 3484 Hilarii,
993 3407 1151 3486 Fulgentii,
1166 3415 1196 3467 et
1209 3407 1341 3486 aliorum,

137 3491 188 3568 qui
201 3491 269 3550 huic
290 3487 526 3568 pestilentissimo
548 3487 637 3546 errori
651 3507 714 3546 sese
729 3508 872 3566 opponere
887 3497 1062 3566 sategenmt,
1077 3487 1228 3566 diligentia
1250 3496 1279 3547 et
1299 3489 1342 3547 in-

138 3571 249 3630 dustris
262 3570 357 3647 fregit,
373 3568 444 3646 quin
456 3567 623 3627 labentibus
637 3567 773 3646 deinceps
787 3565 893 3628 seculis
913 3568 1071 3628 identidem
1085 3576 1293 3628 renovarentur
1313 3577 1343 3628 et

137 3651 352 3729 repullularent,
368 3647 441 3708 adeo
454 3657 487 3708 ut
510 3647 702 3724 triumphatos
715 3647 813 3726 potius
826 3669 913 3727 quam
933 3649 1018 3727 plene
1033 3649 1126 3708 victos
1141 3648 1229 3708 hosce
1243 3650 1343 3708 hostes

137 3752 156 3790 a
170 3731 306 3791 Patribus
320 3729 439 3788 diceres.
482 3729 544 3788 Nec
558 3726 638 3787 aliud
652 3737 742 3806 agrmt
756 3727 842 3788 hodie
857 3729 879 3790 J
880 3731 991 3805 esuitae,
1009 3728 1156 3788 Sociniani
1172 3737 1201 3788 et
1216 3729 1341 3787 Remen-

139 3819 272 3887 strantes,
287 3829 374 3888 quam
388 3818 421 3869 nt
433 3809 490 3868 hoc
503 3809 533 3866 in
548 3807 650 3886 capite,
665 3816 699 3868 ut
712 3817 741 3868 et
754 3808 785 3867 in
799 3807 888 3868 variis
902 3809 975 3884 aliis,
992 3807 1237 3885 Pelagianismum
1251 3812 1281 3867 et
1291 3809 1342 3868 Se·

138 3890 426 3969 mipelagienismum,
443 3889 490 3948 vel
505 3897 603 3966 aperte
617 3887 665 3947 vel
679 3887 841 3948 clanculum
855 3896 885 3947 et
898 3909 950 3966 per
970 3888 1129 3963 cuniculos,
1143 3886 1290 3965 reducant,
1313 3896 1343 3948 et

139 3972 255 4032 Idolum
269 3969 353 4029 liberi
367 3968 491 4028 Arbitrii
505 3969 535 4026 in
549 3988 614 4028 arce
628 3963 780 4028 collocent.
822 3967 896 4027 Haeo
907 3976 952 4028 est
962 3967 1085 4044 Helena,
1095 3987 1182 4046 quam
1193 3976 1343 4046 tantopere

138 4052 304 4131 depereunt,
320 4058 350 4109 et
370 4069 423 4127 pro
446 4069 503 4127 que
516 4057 654 4143 tanquam
675 4068 728 4126 pro
742 4049 799 4107 aris
821 4056 850 4108 et
864 4048 936 4108 focis
955 4047 1102 4108 decertare
1125 4068 1184 4107 nou
1198 4047 1342 4109 dubitant.

138 4133 265 4194 Multum
279 4151 349 4210 ergo
363 4129 459 4205 refert,
480 4137 514 4189 ut
527 4149 589 4188 verr
603 4137 632 4188 et
653 4129 772 4207 genuini
786 4128 895 4188 Gratim
917 4128 1069 4207 Discipuli,
1091 4128 1258 4188 exitialibus
1278 4129 1344 4189 istis

138 4213 282 4272 erroribus
296 4210 397 4270 sedulo
412 4229 442 4268 se
457 4217 612 4288 opponant,
628 4217 657 4268 et
670 4209 712 4268 ita
725 4209 851 4269 hominis
864 4209 1009 4269 miseriam
1030 4216 1059 4269 et
1073 4209 1174 4287 gratiae
1187 4209 1343 4269 necessita·

138 4301 197 4352 tem
211 4290 370 4368 adstruant,
385 4298 418 4349 ut
431 4298 493 4349 tota
506 4289 588 4349 exitii
602 4309 690 4350 causa
703 4289 902 4365 inhominem,
917 4297 979 4350 tote
992 4309 1062 4348 vero
1083 4289 1185 4349 salutis
1200 4290 1293 4368 gloria
1313 4291 1344 4348 in

140 4371 234 4430 Deum
249 4370 342 4429 solum
364 4368 541 4428 refundatur.
593 4368 658 4444 Quo
678 4368 802 4446 pertinet
823 4370 964 4430 Doctrina
985 4369 1020 4428 de
1034 4371 1137 4429 Libero
1155 4371 1291 4446 Arbitrio,
1307 4369 1344 4430 de

139 4471 197 4530 qua
210 4469 287 4508 nnnc
301 4448 491 4526 disputamus.

140 4566 235 4614 Nomou
255 4563 328 4609 liberi
344 4575 381 4608 er·
443 4527 486 4586 11.
509 4526 583 4600 Quia
596 4548 666 4588 vero
684 4528 721 4588 lis
742 4529 852 4588 moveri
872 4529 957 4589 nobis
978 4530 1052 4589 solet
1071 4529 1119 4588 hio
1140 4549 1159 4587 a
1172 4527 1342 4605 Pontificiis,

167 4624 238 4670 bieria
258 4623 320 4669 unde
349 4621 383 4668 rit
402 4607 485 4684 quasi
499 4627 604 4666 nomen
627 4608 712 4668 liberi
726 4609 837 4668 arbitrii
851 4629 909 4668 non
923 4611 1019 4670 minus
1034 4629 1069 4667 ac
1089 4629 1150 4667 rem
1163 4609 1255 4685 ipsam
1270 4607 1344 4668 ferre

167 4687 255 4730 ortum.
401 4695 459 4747 non
472 4687 625 4766 possimus,
641 4689 783 4765 paneade
804 4690 920 4749 nomina
940 4688 1142 4768 praemittenda
1162 4695 1238 4748 sunt
1274 4688 1344 4748 Vox
