<?xml version="1.0" encoding="UTF-8"?>
<!DOCTYPE html PUBLIC "-//W3C//DTD XHTML 1.0 Transitional//EN"
    "http://www.w3.org/TR/xhtml1/DTD/xhtml1-transitional.dtd">
<html xmlns="http://www.w3.org/1999/xhtml" xml:lang="en" lang="en">
 <head>
  <title>
</title>
<meta http-equiv="Content-Type" content="text/html;charset=utf-8" />
  <meta name='ocr-system' content='tesseract 3.04.00' />
  <meta name='ocr-capabilities' content='ocr_page ocr_carea ocr_par ocr_line ocrx_word'/>
</head>
<body>
  <div class='ocr_page' id='page_1' title='image "./francisciturret01pictgoog_0062.png"; bbox 0 0 3160 5194; ppageno 0'>
   <div class='ocr_carea' id='block_1_1' title="bbox 111 344 1314 426">
    <p class='ocr_par' dir='ltr' id='par_1_1' title="bbox 111 344 1314 426">
     <span class='ocr_line' id='line_1_1' title="bbox 111 344 1314 426; baseline 0 -18"><span class='ocrx_word' id='word_1_1' title='bbox 111 365 224 416; x_wconf 71' lang='lat' dir='ltr'><strong>cunsr.</strong></span> <span class='ocrx_word' id='word_1_2' title='bbox 240 344 305 426; x_wconf 77' lang='lat' dir='ltr'><strong>nn]</strong></span> <span class='ocrx_word' id='word_1_3' title='bbox 598 365 638 406; x_wconf 81' lang='lat' dir='ltr'><strong>on</strong></span> <span class='ocrx_word' id='word_1_4' title='bbox 652 365 831 408; x_wconf 77' lang='lat' dir='ltr'><strong>nenorosus.</strong></span> <span class='ocrx_word' id='word_1_5' title='bbox 1299 357 1314 414; x_wconf 76' lang='grc'><strong>7</strong></span> 
     </span>
    </p>
   </div>
   <div class='ocr_carea' id='block_1_2' title="bbox 108 487 1312 589">
    <p class='ocr_par' dir='ltr' id='par_1_2' title="bbox 108 487 1312 589">
     <span class='ocr_line' id='line_1_2' title="bbox 108 487 1312 589; baseline 0.004 -21"><span class='ocrx_word' id='word_1_6' title='bbox 108 512 230 568; x_wconf 78' lang='lat' dir='ltr'><strong>escum</strong></span> <span class='ocrx_word' id='word_1_7' title='bbox 243 505 283 564; x_wconf 92' lang='lat' dir='ltr'><strong>de</strong></span> <span class='ocrx_word' id='word_1_8' title='bbox 298 503 388 564; x_wconf 82' lang='lat' dir='ltr'><strong>variis</strong></span> <span class='ocrx_word' id='word_1_9' title='bbox 401 505 431 564; x_wconf 90' lang='lat' dir='ltr'><strong>in</strong></span> <span class='ocrx_word' id='word_1_10' title='bbox 445 487 604 584; x_wconf 75' lang='lat' dir='ltr'><strong>Tireologn&#39;e</strong></span> <span class='ocrx_word' id='word_1_11' title='bbox 612 507 764 586; x_wconf 85' lang='lat' dir='ltr'><strong>contentis,</strong></span> <span class='ocrx_word' id='word_1_12' title='bbox 775 527 834 568; x_wconf 90' lang='lat' dir='ltr'><strong>uon</strong></span> <span class='ocrx_word' id='word_1_13' title='bbox 847 507 884 568; x_wconf 91' lang='lat' dir='ltr'><strong>de</strong></span> <span class='ocrx_word' id='word_1_14' title='bbox 894 507 953 568; x_wconf 89' lang='lat' dir='ltr'><strong>illie</strong></span> <span class='ocrx_word' id='word_1_15' title='bbox 963 515 1088 570; x_wconf 66' lang='lat' dir='ltr'><strong>tractem</strong></span> <span class='ocrx_word' id='word_1_16' title='bbox 1099 509 1203 570; x_wconf 85' lang='lat' dir='ltr'><strong>eodem</strong></span> <span class='ocrx_word' id='word_1_17' title='bbox 1216 512 1312 589; x_wconf 84' lang='lat' dir='ltr'><strong>modo,</strong></span> 
     </span>
    </p>
   </div>
   <div class='ocr_carea' id='block_1_3' title="bbox 104 583 1313 2584">
    <p class='ocr_par' dir='ltr' id='par_1_3' title="bbox 107 583 1313 670">
     <span class='ocr_line' id='line_1_3' title="bbox 107 583 1313 670; baseline 0.007 -26"><span class='ocrx_word' id='word_1_18' title='bbox 107 585 227 646; x_wconf 87' lang='lat' dir='ltr'><strong>neesub</strong></span> <span class='ocrx_word' id='word_1_19' title='bbox 241 585 347 644; x_wconf 59' lang='lat' dir='ltr'><strong>Mem</strong></span> <span class='ocrx_word' id='word_1_20' title='bbox 369 583 479 645; x_wconf 87' lang='lat' dir='ltr'><strong>ratione</strong></span> <span class='ocrx_word' id='word_1_21' title='bbox 500 584 632 666; x_wconf 81' lang='lat' dir='ltr'><strong>formali3</strong></span> <span class='ocrx_word' id='word_1_22' title='bbox 654 586 730 648; x_wconf 85' lang='lat' dir='ltr'><strong>Nam</strong></span> <span class='ocrx_word' id='word_1_23' title='bbox 751 587 912 666; x_wconf 81' lang='lat' dir='ltr'><strong>Theologie</strong></span> <span class='ocrx_word' id='word_1_24' title='bbox 932 586 970 648; x_wconf 90' lang='lat' dir='ltr'><strong>de</strong></span> <span class='ocrx_word' id='word_1_25' title='bbox 992 587 1052 648; x_wconf 91' lang='lat' dir='ltr'><strong>illis</strong></span> <span class='ocrx_word' id='word_1_26' title='bbox 1074 589 1146 667; x_wconf 81' lang='lat' dir='ltr'><strong>agit,</strong></span> <span class='ocrx_word' id='word_1_27' title='bbox 1169 599 1313 670; x_wconf 85' lang='lat' dir='ltr'><strong>quatenus</strong></span> 
     </span>
    </p>

    <p class='ocr_par' dir='ltr' id='par_1_4' title="bbox 106 664 1311 750">
     <span class='ocr_line' id='line_1_4' title="bbox 106 664 1311 750; baseline 0.007 -26"><span class='ocrx_word' id='word_1_28' title='bbox 106 665 188 726; x_wconf 83' lang='lat' dir='ltr'><strong>nobis</strong></span> <span class='ocrx_word' id='word_1_29' title='bbox 201 665 306 724; x_wconf 89' lang='lat' dir='ltr'><strong>Verbo</strong></span> <span class='ocrx_word' id='word_1_30' title='bbox 323 664 379 724; x_wconf 86' lang='lat' dir='ltr'><strong>Dei</strong></span> <span class='ocrx_word' id='word_1_31' title='bbox 392 673 461 726; x_wconf 91' lang='lat' dir='ltr'><strong>sunt</strong></span> <span class='ocrx_word' id='word_1_32' title='bbox 472 665 617 728; x_wconf 80' lang='lat' dir='ltr'><strong>revelate.</strong></span> <span class='ocrx_word' id='word_1_33' title='bbox 658 666 772 728; x_wconf 79' lang='lat' dir='ltr'><strong>Deinde</strong></span> <span class='ocrx_word' id='word_1_34' title='bbox 793 687 843 728; x_wconf 87' lang='lat' dir='ltr'><strong>ees</strong></span> <span class='ocrx_word' id='word_1_35' title='bbox 863 665 1027 728; x_wconf 75' lang='lat' dir='ltr'><strong>considerat</strong></span> <span class='ocrx_word' id='word_1_36' title='bbox 1043 670 1132 750; x_wconf 83' lang='lat' dir='ltr'><strong>juxta</strong></span> <span class='ocrx_word' id='word_1_37' title='bbox 1151 691 1254 732; x_wconf 88' lang='lat' dir='ltr'><strong>eeuses</strong></span> <span class='ocrx_word' id='word_1_38' title='bbox 1267 692 1311 733; x_wconf 84' lang='lat' dir='ltr'><strong>ra-</strong></span> 
     </span>
    </p>

    <p class='ocr_par' dir='ltr' id='par_1_5' title="bbox 105 743 1311 910">
     <span class='ocr_line' id='line_1_5' title="bbox 105 743 1311 910; baseline 0.007 -26"><span class='ocrx_word' id='word_1_39' title='bbox 105 743 607 906; x_wconf 76' lang='lat' dir='ltr'><strong>mme</strong></span> <span class='ocrx_word' id='word_1_40' title='bbox 618 767 638 863; x_wconf 85' lang='lat'><strong>.·</strong></span> <span class='ocrx_word' id='word_1_41' title='bbox 650 747 1311 910; x_wconf 45' lang='lat' dir='ltr'><strong>outcome</strong></span> 
     </span>
     <span class='ocr_line' id='line_1_6' title="bbox 204 873 626 904; baseline 0.009 -4"><span class='ocrx_word' id='word_1_42' title='bbox 204 873 212 900; x_wconf 80' lang='lat' dir='ltr'><strong>t</strong></span> <span class='ocrx_word' id='word_1_43' title='bbox 618 873 626 904; x_wconf 77' lang='lat' dir='ltr'><strong>l</strong></span> 
     </span>
    </p>

    <p class='ocr_par' dir='ltr' id='par_1_6' title="bbox 105 927 140 964">
     <span class='ocr_line' id='line_1_7' title="bbox 105 927 140 964; baseline 0 0"><span class='ocrx_word' id='word_1_44' title='bbox 105 927 140 964; x_wconf 84' lang='lat' dir='ltr'><strong>na</strong></span> 
     </span>
    </p>

    <p class='ocr_par' dir='ltr' id='par_1_7' title="bbox 104 907 1313 1928">
     <span class='ocr_line' id='line_1_8' title="bbox 140 907 1312 1071; baseline 0.006 -25"><span class='ocrx_word' id='word_1_45' title='bbox 140 907 325 1046; x_wconf 50' lang='lat' dir='ltr'><strong>tlitiihkliud</strong></span> <span class='ocrx_word' id='word_1_46' title='bbox 350 993 397 1046; x_wconf 84' lang='lat' dir='ltr'><strong>est</strong></span> <span class='ocrx_word' id='word_1_47' title='bbox 418 983 612 1064; x_wconf 63' lang='lat' dir='ltr'><strong>theologiam</strong></span> <span class='ocrx_word' id='word_1_48' title='bbox 638 1003 703 1048; x_wconf 88' lang='lat' dir='ltr'><strong>esse</strong></span> <span class='ocrx_word' id='word_1_49' title='bbox 729 1007 817 1048; x_wconf 75' lang='lat' dir='ltr'><strong>mem</strong></span> <span class='ocrx_word' id='word_1_50' title='bbox 843 987 939 1066; x_wconf 84' lang='lat' dir='ltr'><strong>quoad</strong></span> <span class='ocrx_word' id='word_1_51' title='bbox 962 987 1146 1051; x_wconf 68' lang='lat' dir='ltr'><strong>adamatam</strong></span> <span class='ocrx_word' id='word_1_52' title='bbox 1170 998 1312 1071; x_wconf 72' lang='lat' dir='ltr'><strong>otpertus</strong></span> 
     </span>
     <span class='ocr_line' id='line_1_9' title="bbox 105 1065 1313 1149; baseline 0.007 -24"><span class='ocrx_word' id='word_1_53' title='bbox 105 1067 246 1142; x_wconf 74' lang='lat' dir='ltr'><strong>doctr-riso,</strong></span> <span class='ocrx_word' id='word_1_54' title='bbox 277 1065 376 1126; x_wconf 86' lang='lat' dir='ltr'><strong>Aliud</strong></span> <span class='ocrx_word' id='word_1_55' title='bbox 398 1065 495 1143; x_wconf 88' lang='lat' dir='ltr'><strong>quoad</strong></span> <span class='ocrx_word' id='word_1_56' title='bbox 516 1069 629 1126; x_wconf 82' lang='lat' dir='ltr'><strong>modam</strong></span> <span class='ocrx_word' id='word_1_57' title='bbox 655 1069 820 1144; x_wconf 51' lang='lat' dir='ltr'><strong>cmmode]</strong></span> <span class='ocrx_word' id='word_1_58' title='bbox 861 1067 992 1130; x_wconf 85' lang='lat' dir='ltr'><strong>osteriori</strong></span> <span class='ocrx_word' id='word_1_59' title='bbox 1019 1088 1106 1130; x_wconf 88' lang='lat' dir='ltr'><strong>sensu</strong></span> <span class='ocrx_word' id='word_1_60' title='bbox 1133 1078 1229 1149; x_wconf 86' lang='lat' dir='ltr'><strong>potest</strong></span> <span class='ocrx_word' id='word_1_61' title='bbox 1255 1072 1313 1134; x_wconf 91' lang='lat' dir='ltr'><strong>diei</strong></span> 
     </span>
     <span class='ocr_line' id='line_1_10' title="bbox 105 1089 1313 1229; baseline 0.009 -25"><span class='ocrx_word' id='word_1_62' title='bbox 105 1147 254 1224; x_wconf 84' lang='lat' dir='ltr'><strong>multiplex</strong></span> <span class='ocrx_word' id='word_1_63' title='bbox 266 1146 361 1224; x_wconf 83' lang='lat' dir='ltr'><strong>juxta</strong></span> <span class='ocrx_word' id='word_1_64' title='bbox 373 1146 486 1206; x_wconf 76' lang='lat' dir='ltr'><strong>ver-ium</strong></span> <span class='ocrx_word' id='word_1_65' title='bbox 506 1143 618 1213; x_wconf 56' lang='grc' dir='ltr'><strong>παιδιάς</strong></span> <span class='ocrx_word' id='word_1_66' title='bbox 630 1152 669 1205; x_wconf 59' lang='grc' dir='ltr'><strong>τ*</strong></span> <span class='ocrx_word' id='word_1_67' title='bbox 694 1175 726 1225; x_wconf 77' lang='lat' dir='ltr'><strong>o,</strong></span> <span class='ocrx_word' id='word_1_68' title='bbox 741 1089 900 1210; x_wconf 64' lang='lat' dir='ltr'><strong>secundum</strong></span> <span class='ocrx_word' id='word_1_69' title='bbox 913 1169 1000 1227; x_wconf 89' lang='lat' dir='ltr'><strong>quem</strong></span> <span class='ocrx_word' id='word_1_70' title='bbox 1013 1150 1088 1210; x_wconf 89' lang='lat' dir='ltr'><strong>tradi</strong></span> <span class='ocrx_word' id='word_1_71' title='bbox 1108 1159 1212 1229; x_wconf 84' lang='lat' dir='ltr'><strong>potest,</strong></span> <span class='ocrx_word' id='word_1_72' title='bbox 1227 1160 1258 1214; x_wconf 83' lang='lat' dir='ltr'><strong>st</strong></span> <span class='ocrx_word' id='word_1_73' title='bbox 1270 1153 1313 1214; x_wconf 89' lang='lat' dir='ltr'><strong>sio</strong></span> 
     </span>
     <span class='ocr_line' id='line_1_11' title="bbox 104 1173 1311 1311; baseline 0.007 -27"><span class='ocrx_word' id='word_1_74' title='bbox 104 1227 133 1284; x_wconf 91' lang='lat' dir='ltr'><strong>in</strong></span> <span class='ocrx_word' id='word_1_75' title='bbox 148 1227 343 1303; x_wconf 86' lang='lat' dir='ltr'><strong>Didaeticam,</strong></span> <span class='ocrx_word' id='word_1_76' title='bbox 359 1225 607 1304; x_wconf 84' lang='lat' dir='ltr'><strong>Problematieam,</strong></span> <span class='ocrx_word' id='word_1_77' title='bbox 617 1173 805 1306; x_wconf 70' lang='lat' dir='ltr'><strong>Eiddcticam,</strong></span> <span class='ocrx_word' id='word_1_78' title='bbox 821 1227 1018 1306; x_wconf 83' lang='lat' dir='ltr'><strong>Casuistieam,</strong></span> <span class='ocrx_word' id='word_1_79' title='bbox 1040 1227 1095 1292; x_wconf 75' lang='lat' dir='ltr'><strong>&amp;c</strong></span> <span class='ocrx_word' id='word_1_80' title='bbox 1109 1229 1311 1311; x_wconf 74' lang='lat' dir='ltr'><strong>distribuitur3</strong></span> 
     </span>
     <span class='ocr_line' id='line_1_12' title="bbox 106 1305 1311 1402; baseline 0.007 -36"><span class='ocrx_word' id='word_1_81' title='bbox 106 1305 156 1366; x_wconf 85' lang='lat' dir='ltr'><strong>sed</strong></span> <span class='ocrx_word' id='word_1_82' title='bbox 176 1307 262 1386; x_wconf 78' lang='lat' dir='ltr'><strong>priori</strong></span> <span class='ocrx_word' id='word_1_83' title='bbox 285 1325 379 1400; x_wconf 77' lang='lat' dir='ltr'><strong>sensu</strong></span> <span class='ocrx_word' id='word_1_84' title='bbox 392 1325 447 1366; x_wconf 87' lang='lat' dir='ltr'><strong>nec</strong></span> <span class='ocrx_word' id='word_1_85' title='bbox 459 1313 512 1401; x_wconf 67' lang='lat' dir='ltr'><strong>est,</strong></span> <span class='ocrx_word' id='word_1_86' title='bbox 527 1326 581 1366; x_wconf 90' lang='lat' dir='ltr'><strong>noc</strong></span> <span class='ocrx_word' id='word_1_87' title='bbox 601 1316 783 1402; x_wconf 72' lang='lat' dir='ltr'><strong>potestesse</strong></span> <span class='ocrx_word' id='word_1_88' title='bbox 805 1309 968 1389; x_wconf 85' lang='lat' dir='ltr'><strong>multiplex,</strong></span> <span class='ocrx_word' id='word_1_89' title='bbox 989 1309 1058 1390; x_wconf 85' lang='lat' dir='ltr'><strong>quis</strong></span> <span class='ocrx_word' id='word_1_90' title='bbox 1072 1330 1163 1372; x_wconf 89' lang='lat' dir='ltr'><strong>unum</strong></span> <span class='ocrx_word' id='word_1_91' title='bbox 1176 1311 1311 1394; x_wconf 86' lang='lat' dir='ltr'><strong>idemque</strong></span> 
     </span>
     <span class='ocr_line' id='line_1_13' title="bbox 104 1386 1309 1551; baseline 0.004 -25"><span class='ocrx_word' id='word_1_92' title='bbox 104 1386 717 1546; x_wconf 43' lang='lat' dir='ltr'><strong>gerpuplnopltppcffipepapteppffi</strong></span> <span class='ocrx_word' id='word_1_93' title='bbox 737 1466 853 1529; x_wconf 84' lang='lat' dir='ltr'><strong>differre</strong></span> <span class='ocrx_word' id='word_1_94' title='bbox 869 1467 1027 1530; x_wconf 88' lang='lat' dir='ltr'><strong>secundum</strong></span> <span class='ocrx_word' id='word_1_95' title='bbox 1040 1469 1134 1548; x_wconf 86' lang='lat' dir='ltr'><strong>magis</strong></span> <span class='ocrx_word' id='word_1_96' title='bbox 1154 1477 1185 1531; x_wconf 90' lang='lat' dir='ltr'><strong>et</strong></span> <span class='ocrx_word' id='word_1_97' title='bbox 1203 1470 1309 1551; x_wconf 88' lang='lat' dir='ltr'><strong>minus,</strong></span> 
     </span>
     <span class='ocr_line' id='line_1_14' title="bbox 104 1547 1309 1627; baseline 0.003 -19"><span class='ocrx_word' id='word_1_98' title='bbox 104 1547 194 1626; x_wconf 77' lang='lat' dir='ltr'><strong>quood</strong></span> <span class='ocrx_word' id='word_1_99' title='bbox 207 1548 308 1606; x_wconf 86' lang='lat' dir='ltr'><strong>varios</strong></span> <span class='ocrx_word' id='word_1_100' title='bbox 321 1549 435 1624; x_wconf 70' lang='lat' dir='ltr'><strong>prades</strong></span> <span class='ocrx_word' id='word_1_101' title='bbox 448 1547 640 1626; x_wconf 85' lang='lat' dir='ltr'><strong>revelationis,</strong></span> <span class='ocrx_word' id='word_1_102' title='bbox 650 1557 736 1627; x_wconf 84' lang='lat' dir='ltr'><strong>prout</strong></span> <span class='ocrx_word' id='word_1_103' title='bbox 748 1549 798 1610; x_wconf 83' lang='lat' dir='ltr'><strong>rel</strong></span> <span class='ocrx_word' id='word_1_104' title='bbox 811 1549 959 1612; x_wconf 89' lang='lat' dir='ltr'><strong>obscurior</strong></span> <span class='ocrx_word' id='word_1_105' title='bbox 966 1557 1012 1610; x_wconf 90' lang='lat' dir='ltr'><strong>est</strong></span> <span class='ocrx_word' id='word_1_106' title='bbox 1025 1549 1080 1610; x_wconf 90' lang='lat' dir='ltr'><strong>sub</strong></span> <span class='ocrx_word' id='word_1_107' title='bbox 1094 1551 1196 1612; x_wconf 84' lang='lat' dir='ltr'><strong>Veteri</strong></span> <span class='ocrx_word' id='word_1_108' title='bbox 1209 1551 1309 1612; x_wconf 87' lang='lat' dir='ltr'><strong>Testa·</strong></span> 
     </span>
     <span class='ocr_line' id='line_1_15' title="bbox 104 1626 1310 1711; baseline 0.006 -25"><span class='ocrx_word' id='word_1_109' title='bbox 104 1637 203 1704; x_wconf 87' lang='lat' dir='ltr'><strong>mento,</strong></span> <span class='ocrx_word' id='word_1_110' title='bbox 226 1627 278 1686; x_wconf 74' lang='lat' dir='ltr'><strong>vel</strong></span> <span class='ocrx_word' id='word_1_111' title='bbox 301 1626 411 1687; x_wconf 86' lang='lat' dir='ltr'><strong>clarior</strong></span> <span class='ocrx_word' id='word_1_112' title='bbox 432 1627 487 1686; x_wconf 88' lang='lat' dir='ltr'><strong>sub</strong></span> <span class='ocrx_word' id='word_1_113' title='bbox 509 1627 603 1705; x_wconf 88' lang='lat' dir='ltr'><strong>Novo,</strong></span> <span class='ocrx_word' id='word_1_114' title='bbox 625 1629 674 1688; x_wconf 89' lang='lat' dir='ltr'><strong>vel</strong></span> <span class='ocrx_word' id='word_1_115' title='bbox 694 1627 848 1707; x_wconf 82' lang='lat' dir='ltr'><strong>perfectior</strong></span> <span class='ocrx_word' id='word_1_116' title='bbox 860 1630 909 1690; x_wconf 90' lang='lat' dir='ltr'><strong>vel</strong></span> <span class='ocrx_word' id='word_1_117' title='bbox 922 1630 961 1688; x_wconf 90' lang='lat' dir='ltr'><strong>im</strong></span> <span class='ocrx_word' id='word_1_118' title='bbox 999 1629 1115 1690; x_wconf 84' lang='lat' dir='ltr'><strong>rfectior</strong></span> <span class='ocrx_word' id='word_1_119' title='bbox 1133 1651 1186 1711; x_wconf 89' lang='lat' dir='ltr'><strong>pro</strong></span> <span class='ocrx_word' id='word_1_120' title='bbox 1199 1631 1310 1694; x_wconf 90' lang='lat' dir='ltr'><strong>rstione</strong></span> 
     </span>
     <span class='ocr_line' id='line_1_16' title="bbox 106 1705 1311 1790; baseline 0.005 -24"><span class='ocrx_word' id='word_1_121' title='bbox 106 1709 318 1786; x_wconf 66' lang='lat' dir='ltr'><strong>subjectorum</strong></span> <span class='ocrx_word' id='word_1_122' title='bbox 343 1705 537 1768; x_wconf 86' lang='lat' dir='ltr'><strong>sednoninde</strong></span> <span class='ocrx_word' id='word_1_123' title='bbox 550 1707 941 1786; x_wconf 84' lang='lat' dir='ltr'><strong>sequitrsreamdifferrequo</strong></span> <span class='ocrx_word' id='word_1_124' title='bbox 991 1710 1118 1788; x_wconf 72' lang='lat' dir='ltr'><strong>specimus,</strong></span> <span class='ocrx_word' id='word_1_125' title='bbox 1133 1711 1202 1790; x_wconf 87' lang='lat' dir='ltr'><strong>quia</strong></span> <span class='ocrx_word' id='word_1_126' title='bbox 1210 1711 1311 1773; x_wconf 88' lang='lat' dir='ltr'><strong>eadem</strong></span> 
     </span>
     <span class='ocr_line' id='line_1_17' title="bbox 105 1785 1311 1928; baseline 0.007 -82"><span class='ocrx_word' id='word_1_127' title='bbox 105 1787 261 1928; x_wconf 48' lang='lat' dir='ltr'><strong>pubetenuppe</strong></span> <span class='ocrx_word' id='word_1_128' title='bbox 275 1785 588 1927; x_wconf 44' lang='lat' dir='ltr'><strong>dffffiiniistffbiqm</strong></span> <span class='ocrx_word' id='word_1_129' title='bbox 601 1788 748 1867; x_wconf 82' lang='lat' dir='ltr'><strong>retinetur,</strong></span> <span class='ocrx_word' id='word_1_130' title='bbox 763 1797 798 1851; x_wconf 89' lang='lat' dir='ltr'><strong>ut</strong></span> <span class='ocrx_word' id='word_1_131' title='bbox 811 1789 943 1852; x_wconf 74' lang='lat' dir='ltr'><strong>Christus</strong></span> <span class='ocrx_word' id='word_1_132' title='bbox 956 1787 1033 1851; x_wconf 88' lang='lat' dir='ltr'><strong>idem</strong></span> <span class='ocrx_word' id='word_1_133' title='bbox 1047 1797 1093 1852; x_wconf 87' lang='lat' dir='ltr'><strong>est</strong></span> <span class='ocrx_word' id='word_1_134' title='bbox 1104 1789 1176 1869; x_wconf 83' lang='lat' dir='ltr'><strong>heri,</strong></span> <span class='ocrx_word' id='word_1_135' title='bbox 1185 1791 1272 1854; x_wconf 88' lang='lat' dir='ltr'><strong>hodie</strong></span> <span class='ocrx_word' id='word_1_136' title='bbox 1280 1800 1311 1856; x_wconf 93' lang='lat' dir='ltr'><strong>et</strong></span> 
     </span>
     <span class='ocr_line' id='line_1_18' title="bbox 105 1886 497 1928; baseline 0.005 -3"><span class='ocrx_word' id='word_1_137' title='bbox 105 1889 132 1926; x_wconf 87' lang='lat' dir='ltr'><strong>m</strong></span> <span class='ocrx_word' id='word_1_138' title='bbox 144 1888 189 1928; x_wconf 90' lang='lat' dir='ltr'><strong>soc</strong></span> <span class='ocrx_word' id='word_1_139' title='bbox 331 1886 348 1926; x_wconf 89' lang='lat' dir='ltr'><strong>e</strong></span> <span class='ocrx_word' id='word_1_140' title='bbox 369 1887 453 1926; x_wconf 86' lang='lat' dir='ltr'><strong>.x1u.</strong></span> <span class='ocrx_word' id='word_1_141' title='bbox 489 1911 497 1927; x_wconf 93' lang='lat'><strong>.</strong></span> 
     </span>
    </p>

    <p class='ocr_par' dir='ltr' id='par_1_8' title="bbox 105 1945 1313 2570">
     <span class='ocr_line' id='line_1_19' title="bbox 141 1945 1309 2030; baseline 0.004 -24"><span class='ocrx_word' id='word_1_142' title='bbox 141 1948 234 2008; x_wconf 83' lang='lat' dir='ltr'><strong>XIII.</strong></span> <span class='ocrx_word' id='word_1_143' title='bbox 256 1947 285 2006; x_wconf 90' lang='lat' dir='ltr'>N</span> <span class='ocrx_word' id='word_1_144' title='bbox 287 1967 333 2008; x_wconf 91' lang='lat' dir='ltr'><strong>on</strong></span> <span class='ocrx_word' id='word_1_145' title='bbox 345 1946 421 2024; x_wconf 88' lang='lat' dir='ltr'><strong>perit</strong></span> <span class='ocrx_word' id='word_1_146' title='bbox 433 1945 601 2025; x_wconf 79' lang='lat' dir='ltr'><strong>Theologie</strong></span> <span class='ocrx_word' id='word_1_147' title='bbox 614 1965 667 2008; x_wconf 80' lang='lat' dir='ltr'><strong>sne</strong></span> <span class='ocrx_word' id='word_1_148' title='bbox 683 1947 785 2008; x_wconf 68' lang='lat' dir='ltr'><strong>Unius</strong></span> <span class='ocrx_word' id='word_1_149' title='bbox 805 1947 875 2009; x_wconf 89' lang='lat' dir='ltr'><strong>licet</strong></span> <span class='ocrx_word' id='word_1_150' title='bbox 895 1945 1008 2008; x_wconf 78' lang='lat' dir='ltr'><strong>dicetur</strong></span> <span class='ocrx_word' id='word_1_151' title='bbox 1024 1948 1129 2026; x_wconf 85' lang='lat' dir='ltr'><strong>partim</strong></span> <span class='ocrx_word' id='word_1_152' title='bbox 1142 1949 1309 2030; x_wconf 86' lang='lat' dir='ltr'><strong>theoretica,</strong></span> 
     </span>
     <span class='ocr_line' id='line_1_20' title="bbox 105 2026 1311 2108; baseline 0.002 -20"><span class='ocrx_word' id='word_1_153' title='bbox 105 2028 201 2105; x_wconf 87' lang='lat' dir='ltr'><strong>partim</strong></span> <span class='ocrx_word' id='word_1_154' title='bbox 214 2029 370 2106; x_wconf 71' lang='lat' dir='ltr'><strong>practica,</strong></span> <span class='ocrx_word' id='word_1_155' title='bbox 391 2027 460 2105; x_wconf 89' lang='lat' dir='ltr'><strong>quie</strong></span> <span class='ocrx_word' id='word_1_156' title='bbox 473 2027 593 2088; x_wconf 83' lang='lat' dir='ltr'><strong>selentia</strong></span> <span class='ocrx_word' id='word_1_157' title='bbox 612 2026 725 2106; x_wconf 74' lang='lat' dir='ltr'><strong>quavis</strong></span> <span class='ocrx_word' id='word_1_158' title='bbox 738 2046 797 2086; x_wconf 87' lang='lat' dir='ltr'><strong>nna</strong></span> <span class='ocrx_word' id='word_1_159' title='bbox 812 2027 926 2103; x_wconf 88' lang='lat' dir='ltr'><strong>dicitur,</strong></span> <span class='ocrx_word' id='word_1_160' title='bbox 941 2046 1000 2086; x_wconf 89' lang='lat' dir='ltr'><strong>non</strong></span> <span class='ocrx_word' id='word_1_161' title='bbox 1013 2027 1124 2088; x_wconf 88' lang='lat' dir='ltr'><strong>unitate</strong></span> <span class='ocrx_word' id='word_1_162' title='bbox 1138 2029 1261 2108; x_wconf 79' lang='lat' dir='ltr'><strong>simplici</strong></span> <span class='ocrx_word' id='word_1_163' title='bbox 1280 2041 1311 2092; x_wconf 89' lang='lat' dir='ltr'><strong>et</strong></span> 
     </span>
     <span class='ocr_line' id='line_1_21' title="bbox 105 2105 1313 2186; baseline 0.003 -20"><span class='ocrx_word' id='word_1_164' title='bbox 105 2109 238 2185; x_wconf 87' lang='lat' dir='ltr'><strong>absoluta,</strong></span> <span class='ocrx_word' id='word_1_165' title='bbox 254 2128 328 2186; x_wconf 83' lang='lat' dir='ltr'><strong>quse</strong></span> <span class='ocrx_word' id='word_1_166' title='bbox 342 2107 439 2168; x_wconf 83' lang='lat' dir='ltr'><strong>unitas</strong></span> <span class='ocrx_word' id='word_1_167' title='bbox 460 2107 606 2167; x_wconf 76' lang='lat' dir='ltr'><strong>numerica</strong></span> <span class='ocrx_word' id='word_1_168' title='bbox 626 2114 657 2168; x_wconf 81' lang='lat' dir='ltr'><strong>et</strong></span> <span class='ocrx_word' id='word_1_169' title='bbox 675 2105 864 2167; x_wconf 70' lang='lat' dir='ltr'><strong>individualis</strong></span> <span class='ocrx_word' id='word_1_170' title='bbox 883 2105 997 2184; x_wconf 86' lang='lat' dir='ltr'><strong>dieitur,</strong></span> <span class='ocrx_word' id='word_1_171' title='bbox 1018 2107 1103 2185; x_wconf 90' lang='lat' dir='ltr'><strong>quasi</strong></span> <span class='ocrx_word' id='word_1_172' title='bbox 1115 2117 1193 2168; x_wconf 88' lang='lat' dir='ltr'><strong>esset</strong></span> <span class='ocrx_word' id='word_1_173' title='bbox 1205 2128 1263 2168; x_wconf 85' lang='lat' dir='ltr'><strong>una</strong></span> <span class='ocrx_word' id='word_1_174' title='bbox 1283 2118 1313 2170; x_wconf 93' lang='lat' dir='ltr'><strong>et</strong></span> 
     </span>
     <span class='ocr_line' id='line_1_22' title="bbox 107 2185 1310 2268; baseline 0.002 -22"><span class='ocrx_word' id='word_1_175' title='bbox 107 2187 221 2266; x_wconf 76' lang='lat' dir='ltr'><strong>simplex</strong></span> <span class='ocrx_word' id='word_1_176' title='bbox 235 2189 371 2268; x_wconf 78' lang='lat' dir='ltr'><strong>qualitas</strong></span> <span class='ocrx_word' id='word_1_177' title='bbox 384 2207 413 2246; x_wconf 85' lang='lat' dir='ltr'><strong>v.</strong></span> <span class='ocrx_word' id='word_1_178' title='bbox 427 2207 457 2264; x_wconf 84' lang='lat' dir='ltr'><strong>g.</strong></span> <span class='ocrx_word' id='word_1_179' title='bbox 471 2186 575 2247; x_wconf 77' lang='lat' dir='ltr'><strong>albedo</strong></span> <span class='ocrx_word' id='word_1_180' title='bbox 589 2186 620 2246; x_wconf 92' lang='lat' dir='ltr'><strong>iu</strong></span> <span class='ocrx_word' id='word_1_181' title='bbox 633 2185 762 2266; x_wconf 78' lang='lat' dir='ltr'><strong>pariete3</strong></span> <span class='ocrx_word' id='word_1_182' title='bbox 784 2185 836 2246; x_wconf 87' lang='lat' dir='ltr'><strong>sed</strong></span> <span class='ocrx_word' id='word_1_183' title='bbox 848 2187 956 2246; x_wconf 78' lang='lat' dir='ltr'><strong>unitate</strong></span> <span class='ocrx_word' id='word_1_184' title='bbox 968 2187 1154 2265; x_wconf 59' lang='lat' dir='ltr'><strong>appropensa</strong></span> <span class='ocrx_word' id='word_1_185' title='bbox 1167 2207 1232 2266; x_wconf 85' lang='lat' dir='ltr'><strong>qnae</strong></span> <span class='ocrx_word' id='word_1_186' title='bbox 1241 2187 1310 2248; x_wconf 88' lang='lat' dir='ltr'><strong>dici·</strong></span> 
     </span>
     <span class='ocr_line' id='line_1_23' title="bbox 107 2265 1312 2360; baseline 0.002 -34"><span class='ocrx_word' id='word_1_187' title='bbox 107 2277 149 2326; x_wconf 87' lang='lat' dir='ltr'><strong>tur</strong></span> <span class='ocrx_word' id='word_1_188' title='bbox 161 2271 252 2330; x_wconf 71' lang='lat' dir='ltr'><strong>anim</strong></span> <span class='ocrx_word' id='word_1_189' title='bbox 272 2267 454 2343; x_wconf 66' lang='lat' dir='ltr'><strong>collectioni,</strong></span> <span class='ocrx_word' id='word_1_190' title='bbox 469 2275 612 2345; x_wconf 86' lang='lat' dir='ltr'><strong>quatenus</strong></span> <span class='ocrx_word' id='word_1_191' title='bbox 633 2265 744 2328; x_wconf 89' lang='lat' dir='ltr'><strong>scilicet</strong></span> <span class='ocrx_word' id='word_1_192' title='bbox 756 2265 841 2327; x_wconf 88' lang='lat' dir='ltr'><strong>multi</strong></span> <span class='ocrx_word' id='word_1_193' title='bbox 862 2265 1001 2360; x_wconf 74' lang='lat' dir='ltr'><strong>speciales</strong></span> <span class='ocrx_word' id='word_1_194' title='bbox 1021 2266 1138 2326; x_wconf 79' lang='lat' dir='ltr'><strong>habitus</strong></span> <span class='ocrx_word' id='word_1_195' title='bbox 1151 2266 1312 2328; x_wconf 88' lang='lat' dir='ltr'><strong>conflentur</strong></span> 
     </span>
     <span class='ocr_line' id='line_1_24' title="bbox 107 2345 1311 2410; baseline 0.003 -5"><span class='ocrx_word' id='word_1_196' title='bbox 107 2357 133 2406; x_wconf 86' lang='lat' dir='ltr'><strong>st</strong></span> <span class='ocrx_word' id='word_1_197' title='bbox 151 2349 326 2410; x_wconf 82' lang='lat' dir='ltr'><strong>ordinantur</strong></span> <span class='ocrx_word' id='word_1_198' title='bbox 347 2347 386 2408; x_wconf 87' lang='lat' dir='ltr'><strong>sd</strong></span> <span class='ocrx_word' id='word_1_199' title='bbox 412 2367 502 2407; x_wconf 90' lang='lat' dir='ltr'><strong>uuum</strong></span> <span class='ocrx_word' id='word_1_200' title='bbox 523 2347 645 2408; x_wconf 87' lang='lat' dir='ltr'><strong>totalem</strong></span> <span class='ocrx_word' id='word_1_201' title='bbox 664 2346 793 2408; x_wconf 74' lang='lat' dir='ltr'><strong>scientie</strong></span> <span class='ocrx_word' id='word_1_202' title='bbox 818 2345 949 2408; x_wconf 75' lang='lat' dir='ltr'><strong>hebetum</strong></span> <span class='ocrx_word' id='word_1_203' title='bbox 976 2345 1219 2408; x_wconf 90' lang='lat' dir='ltr'><strong>constituendum.</strong></span> <span class='ocrx_word' id='word_1_204' title='bbox 1261 2349 1311 2409; x_wconf 83' lang='lat' dir='ltr'><strong>Sic</strong></span> 
     </span>
     <span class='ocr_line' id='line_1_25' title="bbox 107 2425 1312 2570; baseline 0 -80"><span class='ocrx_word' id='word_1_205' title='bbox 107 2427 201 2570; x_wconf 52' lang='lat' dir='ltr'><strong>iffi)</strong></span> <span class='ocrx_word' id='word_1_206' title='bbox 216 2429 418 2569; x_wconf 54' lang='lat' dir='ltr'><strong>DeAirrrbpprpst,</strong></span> <span class='ocrx_word' id='word_1_207' title='bbox 433 2427 502 2487; x_wconf 86' lang='lat' dir='ltr'><strong>licet</strong></span> <span class='ocrx_word' id='word_1_208' title='bbox 522 2427 681 2570; x_wconf 64' lang='lat' dir='ltr'><strong>npivitptem</strong></span> <span class='ocrx_word' id='word_1_209' title='bbox 702 2425 1027 2570; x_wconf 56' lang='lat' dir='ltr'><strong>ffititsuetteffpetutppp</strong></span> <span class='ocrx_word' id='word_1_210' title='bbox 1044 2428 1260 2569; x_wconf 63' lang='lat' dir='ltr'><strong>cpmplepttatur,</strong></span> <span class='ocrx_word' id='word_1_211' title='bbox 1282 2438 1312 2490; x_wconf 84' lang='lat' dir='ltr'><strong>et</strong></span> 
     </span>
    </p>

    <p class='ocr_par' dir='ltr' id='par_1_9' title="bbox 172 2525 1189 2584">
     <span class='ocr_line' id='line_1_26' title="bbox 172 2525 1189 2584; baseline -0.002 -14"><span class='ocrx_word' id='word_1_212' title='bbox 172 2529 235 2570; x_wconf 87' lang='lat' dir='ltr'><strong>rum</strong></span> <span class='ocrx_word' id='word_1_213' title='bbox 320 2529 333 2567; x_wconf 90' lang='lat'>1</span> <span class='ocrx_word' id='word_1_214' title='bbox 372 2525 532 2584; x_wconf 88' lang='lat' dir='ltr'><strong>umunum,</strong></span> <span class='ocrx_word' id='word_1_215' title='bbox 569 2527 601 2568; x_wconf 92' lang='lat' dir='ltr'><strong>oe</strong></span> <span class='ocrx_word' id='word_1_216' title='bbox 627 2527 702 2567; x_wconf 76' lang='lat' dir='ltr'><strong>rnen</strong></span> <span class='ocrx_word' id='word_1_217' title='bbox 772 2525 788 2569; x_wconf 87' lang='lat' dir='ltr'><strong>c</strong></span> <span class='ocrx_word' id='word_1_218' title='bbox 834 2527 968 2570; x_wconf 85' lang='lat' dir='ltr'><strong>evoun</strong></span> <span class='ocrx_word' id='word_1_219' title='bbox 1040 2526 1189 2570; x_wconf 79' lang='lat' dir='ltr'><strong>suumn.</strong></span> 
     </span>
    </p>
   </div>
   <div class='ocr_carea' id='block_1_4' title="bbox 463 2745 962 2988">
    <p class='ocr_par' dir='ltr' id='par_1_10' title="bbox 463 2745 962 2988">
     <span class='ocr_line' id='line_1_27' title="bbox 569 2745 846 2823; baseline -0.004 -14"><span class='ocrx_word' id='word_1_220' title='bbox 569 2745 764 2823; x_wconf 84' lang='lat' dir='ltr'><strong>QUAESTIO</strong></span> <span class='ocrx_word' id='word_1_221' title='bbox 785 2745 846 2808; x_wconf 92' lang='lat'>111.</span> 
     </span>
     <span class='ocr_line' id='line_1_28' title="bbox 463 2905 962 2988; baseline 0.004 -22"><span class='ocrx_word' id='word_1_222' title='bbox 463 2907 511 2967; x_wconf 80' lang='lat' dir='ltr'><strong>Aa</strong></span> <span class='ocrx_word' id='word_1_223' title='bbox 524 2907 606 2967; x_wconf 66' lang='lat' dir='ltr'><strong>deser</strong></span> <span class='ocrx_word' id='word_1_224' title='bbox 621 2905 773 2988; x_wconf 74' lang='lat' dir='ltr'><strong>cholopia</strong></span> <span class='ocrx_word' id='word_1_225' title='bbox 785 2907 962 2968; x_wconf 56' lang='lat' dir='ltr'><strong>Naucelli</strong></span> 
     </span>
    </p>
   </div>
   <div class='ocr_carea' id='block_1_5' title="bbox 113 3063 1314 4668">
    <p class='ocr_par' dir='ltr' id='par_1_11' title="bbox 113 3063 1314 3385">
     <span class='ocr_line' id='line_1_29' title="bbox 297 3063 1314 3148; baseline 0 -22"><span class='ocrx_word' id='word_1_226' title='bbox 297 3135 303 3148; x_wconf 35' lang='lat'><em>¹</em></span> <span class='ocrx_word' id='word_1_227' title='bbox 410 3065 435 3126; x_wconf 88' lang='lat' dir='ltr'>L</span> <span class='ocrx_word' id='word_1_228' title='bbox 457 3065 524 3126; x_wconf 84' lang='lat' dir='ltr'><strong>Non</strong></span> <span class='ocrx_word' id='word_1_229' title='bbox 536 3063 675 3144; x_wconf 74' lang='lat' dir='ltr'><strong>queritur</strong></span> <span class='ocrx_word' id='word_1_230' title='bbox 684 3063 721 3127; x_wconf 93' lang='lat' dir='ltr'><strong>de</strong></span> <span class='ocrx_word' id='word_1_231' title='bbox 737 3067 888 3144; x_wconf 78' lang='lat' dir='ltr'><strong>Ilseclops&#39;a</strong></span> <span class='ocrx_word' id='word_1_232' title='bbox 901 3065 931 3126; x_wconf 89' lang='lat' dir='ltr'><strong>iu</strong></span> <span class='ocrx_word' id='word_1_233' title='bbox 946 3083 1060 3144; x_wconf 77' lang='lat' dir='ltr'><strong>genere,</strong></span> <span class='ocrx_word' id='word_1_234' title='bbox 1072 3065 1124 3126; x_wconf 86' lang='lat' dir='ltr'><strong>ssd</strong></span> <span class='ocrx_word' id='word_1_235' title='bbox 1138 3065 1314 3126; x_wconf 77' lang='lat' dir='ltr'><strong>denaturals&#39;</strong></span> 
     </span>
     <span class='ocr_line' id='line_1_30' title="bbox 121 3129 1311 3241; baseline -0.001 -37"><span class='ocrx_word' id='word_1_236' title='bbox 121 3129 332 3239; x_wconf 32' lang='lat' dir='ltr'><strong>staturas-aeo-</strong></span> <span class='ocrx_word' id='word_1_237' title='bbox 368 3145 399 3204; x_wconf 91' lang='lat' dir='ltr'><strong>in</strong></span> <span class='ocrx_word' id='word_1_238' title='bbox 413 3145 509 3239; x_wconf 75' lang='lat' dir='ltr'><strong>speeie</strong></span> <span class='ocrx_word' id='word_1_239' title='bbox 518 3167 526 3223; x_wconf 68' lang='grc' dir='ltr'><strong>ς</strong></span> <span class='ocrx_word' id='word_1_240' title='bbox 548 3145 610 3240; x_wconf 80' lang='lat' dir='ltr'><strong>Nep</strong></span> <span class='ocrx_word' id='word_1_241' title='bbox 624 3145 709 3241; x_wconf 71' lang='lat' dir='ltr'><strong>desa</strong></span> <span class='ocrx_word' id='word_1_242' title='bbox 728 3145 823 3224; x_wconf 91' lang='lat' dir='ltr'><strong>qualis</strong></span> <span class='ocrx_word' id='word_1_243' title='bbox 840 3145 895 3206; x_wconf 84' lang='lat' dir='ltr'><strong>fuit</strong></span> <span class='ocrx_word' id='word_1_244' title='bbox 914 3145 945 3204; x_wconf 89' lang='lat' dir='ltr'><strong>in</strong></span> <span class='ocrx_word' id='word_1_245' title='bbox 965 3144 1081 3204; x_wconf 83' lang='lat' dir='ltr'><strong>Adamo</strong></span> <span class='ocrx_word' id='word_1_246' title='bbox 1102 3153 1169 3238; x_wconf 72' lang='lat' dir='ltr'><strong>ante</strong></span> <span class='ocrx_word' id='word_1_247' title='bbox 1189 3144 1311 3237; x_wconf 87' lang='lat' dir='ltr'><strong>lapsum,</strong></span> 
     </span>
     <span class='ocr_line' id='line_1_31' title="bbox 113 3223 1312 3385; baseline 0.003 -23"><span class='ocrx_word' id='word_1_248' title='bbox 113 3321 190 3378; x_wconf 84' lang='lat' dir='ltr'><strong>quam</strong></span> <span class='ocrx_word' id='word_1_249' title='bbox 202 3306 341 3368; x_wconf 86' lang='lat' dir='ltr'><strong>conditus</strong></span> <span class='ocrx_word' id='word_1_250' title='bbox 355 3223 427 3382; x_wconf 50' lang='lat' dir='ltr'><strong>sign</strong></span> <span class='ocrx_word' id='word_1_251' title='bbox 424 3225 654 3382; x_wconf 45' lang='lat' dir='ltr'><strong>detiisuddusfitlii1³3e</strong></span> <span class='ocrx_word' id='word_1_252' title='bbox 662 3245 714 3366; x_wconf 62' lang='lat' dir='ltr'><strong>sid</strong></span> <span class='ocrx_word' id='word_1_253' title='bbox 722 3225 819 3365; x_wconf 49' lang='lat'><strong>22¹2}</strong></span> <span class='ocrx_word' id='word_1_254' title='bbox 820 3225 919 3383; x_wconf 64' lang='lat' dir='ltr'><strong>sip&#39;udiis</strong></span> <span class='ocrx_word' id='word_1_255' title='bbox 932 3223 1312 3385; x_wconf 48' lang='lat' dir='ltr'><strong>pexmspnlpitlppspppppnugod</strong></span> 
     </span>
    </p>

    <p class='ocr_par' dir='ltr' id='par_1_12' title="bbox 114 3381 1313 4106">
     <span class='ocr_line' id='line_1_32' title="bbox 148 3381 1311 3465; baseline 0.006 -24"><span class='ocrx_word' id='word_1_256' title='bbox 148 3381 188 3444; x_wconf 92' lang='lat'><strong>11.</strong></span> <span class='ocrx_word' id='word_1_257' title='bbox 209 3385 277 3446; x_wconf 83' lang='lat' dir='ltr'><strong>Non</strong></span> <span class='ocrx_word' id='word_1_258' title='bbox 289 3385 440 3465; x_wconf 74' lang='lat' dir='ltr'><strong>qucrion,</strong></span> <span class='ocrx_word' id='word_1_259' title='bbox 456 3385 506 3446; x_wconf 80' lang='lat' dir='ltr'><strong>An</strong></span> <span class='ocrx_word' id='word_1_260' title='bbox 516 3386 601 3447; x_wconf 87' lang='lat' dir='ltr'><strong>detur</strong></span> <span class='ocrx_word' id='word_1_261' title='bbox 611 3386 762 3464; x_wconf 74' lang='lat' dir='ltr'><strong>Tlmlops‘c</strong></span> <span class='ocrx_word' id='word_1_262' title='bbox 771 3385 920 3462; x_wconf 70' lang='lat' dir='ltr'><strong>murata,</strong></span> <span class='ocrx_word' id='word_1_263' title='bbox 935 3405 1000 3464; x_wconf 85' lang='lat' dir='ltr'><strong>quse</strong></span> <span class='ocrx_word' id='word_1_264' title='bbox 1010 3385 1077 3446; x_wconf 91' lang='lat' dir='ltr'><strong>talis</strong></span> <span class='ocrx_word' id='word_1_265' title='bbox 1088 3385 1201 3447; x_wconf 73' lang='lat' dir='ltr'><strong>sitente</strong></span> <span class='ocrx_word' id='word_1_266' title='bbox 1214 3386 1311 3448; x_wconf 78' lang='lat' dir='ltr'><strong>stetim</strong></span> 
     </span>
     <span class='ocr_line' id='line_1_33' title="bbox 114 3465 1312 3543; baseline 0.004 -20"><span class='ocrx_word' id='word_1_267' title='bbox 114 3469 192 3539; x_wconf 74' lang='lat' dir='ltr'><strong>alque</strong></span> <span class='ocrx_word' id='word_1_268' title='bbox 212 3465 301 3526; x_wconf 90' lang='lat' dir='ltr'><strong>homo</strong></span> <span class='ocrx_word' id='word_1_269' title='bbox 324 3467 461 3543; x_wconf 90' lang='lat' dir='ltr'><strong>nascitur,</strong></span> <span class='ocrx_word' id='word_1_270' title='bbox 477 3475 510 3529; x_wconf 90' lang='lat' dir='ltr'><strong>ut</strong></span> <span class='ocrx_word' id='word_1_271' title='bbox 530 3476 613 3527; x_wconf 88' lang='lat' dir='ltr'><strong>actus</strong></span> <span class='ocrx_word' id='word_1_272' title='bbox 633 3467 702 3527; x_wconf 79' lang='lat' dir='ltr'><strong>vites</strong></span> <span class='ocrx_word' id='word_1_273' title='bbox 715 3475 761 3527; x_wconf 90' lang='lat' dir='ltr'><strong>est</strong></span> <span class='ocrx_word' id='word_1_274' title='bbox 774 3465 805 3524; x_wconf 93' lang='lat' dir='ltr'><strong>in</strong></span> <span class='ocrx_word' id='word_1_275' title='bbox 825 3465 951 3542; x_wconf 86' lang='lat' dir='ltr'><strong>vivente,</strong></span> <span class='ocrx_word' id='word_1_276' title='bbox 966 3475 996 3526; x_wconf 90' lang='lat' dir='ltr'><strong>et</strong></span> <span class='ocrx_word' id='word_1_277' title='bbox 1009 3485 1111 3527; x_wconf 88' lang='lat' dir='ltr'><strong>sensns</strong></span> <span class='ocrx_word' id='word_1_278' title='bbox 1125 3465 1156 3525; x_wconf 94' lang='lat' dir='ltr'><strong>in</strong></span> <span class='ocrx_word' id='word_1_279' title='bbox 1170 3465 1312 3528; x_wconf 84' lang='lat' dir='ltr'><strong>sentiente</strong></span> 
     </span>
     <span class='ocr_line' id='line_1_34' title="bbox 116 3543 1311 3641; baseline 0.007 -43"><span class='ocrx_word' id='word_1_280' title='bbox 116 3543 203 3602; x_wconf 85' lang='lat' dir='ltr'><strong>statim</strong></span> <span class='ocrx_word' id='word_1_281' title='bbox 216 3547 372 3641; x_wconf 68' lang='lat' dir='ltr'><strong>abutere:</strong></span> <span class='ocrx_word' id='word_1_282' title='bbox 394 3547 510 3640; x_wconf 69' lang='lat' dir='ltr'><strong>Certum</strong></span> <span class='ocrx_word' id='word_1_283' title='bbox 524 3546 601 3606; x_wconf 89' lang='lat' dir='ltr'><strong>enim</strong></span> <span class='ocrx_word' id='word_1_284' title='bbox 615 3555 660 3608; x_wconf 89' lang='lat' dir='ltr'><strong>est</strong></span> <span class='ocrx_word' id='word_1_285' title='bbox 673 3545 781 3640; x_wconf 73' lang='lat' dir='ltr'><strong>nullius</strong></span> <span class='ocrx_word' id='word_1_286' title='bbox 794 3545 837 3606; x_wconf 89' lang='lat' dir='ltr'><strong>rei</strong></span> <span class='ocrx_word' id='word_1_287' title='bbox 850 3545 991 3606; x_wconf 83' lang='lat' dir='ltr'><strong>actualem</strong></span> <span class='ocrx_word' id='word_1_288' title='bbox 1005 3547 1200 3626; x_wconf 79' lang='lat' dir='ltr'><strong>cognitionem</strong></span> <span class='ocrx_word' id='word_1_289' title='bbox 1213 3545 1311 3641; x_wconf 72' lang='lat' dir='ltr'><strong>nobis·</strong></span> 
     </span>
     <span class='ocr_line' id='line_1_35' title="bbox 116 3625 1313 3786; baseline 0.007 -28"><span class='ocrx_word' id='word_1_290' title='bbox 116 3636 321 3768; x_wconf 52' lang='lat' dir='ltr'><strong>illum</strong></span> <span class='ocrx_word' id='word_1_291' title='bbox 334 3625 1095 3786; x_wconf 56' lang='lat' dir='ltr'><strong>lttlttlt&#39;ttlfflttlttttt</strong></span> <span class='ocrx_word' id='word_1_292' title='bbox 1114 3625 1232 3766; x_wconf 62' lang='lat' dir='ltr'><strong>lilii</strong></span> <span class='ocrx_word' id='word_1_293' title='bbox 1244 3626 1313 3766; x_wconf 57' lang='lat' dir='ltr'>ffl</span> 
     </span>
     <span class='ocr_line' id='line_1_36' title="bbox 118 3779 1312 3866; baseline 0.003 -26"><span class='ocrx_word' id='word_1_294' title='bbox 118 3779 228 3844; x_wconf 82' lang='lat' dir='ltr'><strong>facultas</strong></span> <span class='ocrx_word' id='word_1_295' title='bbox 240 3787 384 3848; x_wconf 86' lang='lat' dir='ltr'><strong>naturalis</strong></span> <span class='ocrx_word' id='word_1_296' title='bbox 407 3787 463 3866; x_wconf 92' lang='lat' dir='ltr'><strong>ipsi</strong></span> <span class='ocrx_word' id='word_1_297' title='bbox 483 3787 579 3863; x_wconf 82' lang='lat' dir='ltr'><strong>insita,</strong></span> <span class='ocrx_word' id='word_1_298' title='bbox 594 3805 659 3866; x_wconf 82' lang='lat' dir='ltr'><strong>quse</strong></span> <span class='ocrx_word' id='word_1_299' title='bbox 681 3805 713 3846; x_wconf 89' lang='lat' dir='ltr'><strong>se</strong></span> <span class='ocrx_word' id='word_1_300' title='bbox 734 3787 810 3847; x_wconf 86' lang='lat' dir='ltr'><strong>ultro</strong></span> <span class='ocrx_word' id='word_1_301' title='bbox 829 3795 859 3847; x_wconf 86' lang='lat' dir='ltr'><strong>et</strong></span> <span class='ocrx_word' id='word_1_302' title='bbox 880 3793 982 3866; x_wconf 87' lang='lat' dir='ltr'><strong>sponte</strong></span> <span class='ocrx_word' id='word_1_303' title='bbox 1003 3795 1104 3848; x_wconf 84' lang='lat' dir='ltr'><strong>exerat</strong></span> <span class='ocrx_word' id='word_1_304' title='bbox 1125 3785 1156 3845; x_wconf 92' lang='lat' dir='ltr'><strong>in</strong></span> <span class='ocrx_word' id='word_1_305' title='bbox 1177 3784 1312 3846; x_wconf 89' lang='lat' dir='ltr'><strong>omnibus</strong></span> 
     </span>
     <span class='ocr_line' id='line_1_37' title="bbox 118 3859 1311 3946; baseline 0 -22"><span class='ocrx_word' id='word_1_306' title='bbox 118 3859 214 3924; x_wconf 78' lang='lat' dir='ltr'><strong>adultis</strong></span> <span class='ocrx_word' id='word_1_307' title='bbox 227 3868 299 3928; x_wconf 67' lang='lat' dir='ltr'><strong>sent</strong></span> <span class='ocrx_word' id='word_1_308' title='bbox 311 3875 408 3928; x_wconf 85' lang='lat' dir='ltr'><strong>mente</strong></span> <span class='ocrx_word' id='word_1_309' title='bbox 421 3867 558 3946; x_wconf 74' lang='lat' dir='ltr'><strong>preditis,</strong></span> <span class='ocrx_word' id='word_1_310' title='bbox 573 3887 639 3946; x_wconf 77' lang='lat' dir='ltr'><strong>quae</strong></span> <span class='ocrx_word' id='word_1_311' title='bbox 652 3867 924 3945; x_wconf 86' lang='lat' dir='ltr'><strong>complectaturnon</strong></span> <span class='ocrx_word' id='word_1_312' title='bbox 934 3866 1020 3926; x_wconf 88' lang='lat' dir='ltr'><strong>modo</strong></span> <span class='ocrx_word' id='word_1_313' title='bbox 1033 3867 1192 3945; x_wconf 88' lang='lat' dir='ltr'><strong>potentiam</strong></span> <span class='ocrx_word' id='word_1_314' title='bbox 1205 3863 1311 3924; x_wconf 85' lang='lat' dir='ltr'><strong>intelli·</strong></span> 
     </span>
     <span class='ocr_line' id='line_1_38' title="bbox 120 3943 1312 4026; baseline -0.005 -18"><span class='ocrx_word' id='word_1_315' title='bbox 120 3943 205 4020; x_wconf 62' lang='lat' dir='ltr'><strong>tendi,</strong></span> <span class='ocrx_word' id='word_1_316' title='bbox 220 3947 368 4008; x_wconf 85' lang='lat' dir='ltr'><strong>sedetiam</strong></span> <span class='ocrx_word' id='word_1_317' title='bbox 381 3947 671 4026; x_wconf 82' lang='lat' dir='ltr'><strong>principianeturelis</strong></span> <span class='ocrx_word' id='word_1_318' title='bbox 683 3947 858 4024; x_wconf 85' lang='lat' dir='ltr'><strong>notitiarum,</strong></span> <span class='ocrx_word' id='word_1_319' title='bbox 870 3967 908 4006; x_wconf 85' lang='lat' dir='ltr'><strong>ex</strong></span> <span class='ocrx_word' id='word_1_320' title='bbox 921 3945 1027 4026; x_wconf 88' lang='lat' dir='ltr'><strong>quibus</strong></span> <span class='ocrx_word' id='word_1_321' title='bbox 1040 3945 1240 4008; x_wconf 87' lang='lat' dir='ltr'><strong>conclusiones</strong></span> <span class='ocrx_word' id='word_1_322' title='bbox 1250 3949 1312 4004; x_wconf 91' lang='lat' dir='ltr'><strong>tum</strong></span> 
     </span>
     <span class='ocr_line' id='line_1_39' title="bbox 121 4019 980 4106; baseline 0.006 -25"><span class='ocrx_word' id='word_1_323' title='bbox 121 4019 281 4103; x_wconf 73' lang='lat' dir='ltr'><strong>theoreticae,</strong></span> <span class='ocrx_word' id='word_1_324' title='bbox 296 4035 359 4088; x_wconf 87' lang='lat' dir='ltr'><strong>tum</strong></span> <span class='ocrx_word' id='word_1_325' title='bbox 373 4028 506 4106; x_wconf 75' lang='lat' dir='ltr'><strong>practice</strong></span> <span class='ocrx_word' id='word_1_326' title='bbox 519 4027 709 4104; x_wconf 85' lang='lat' dir='ltr'><strong>deducuntur,</strong></span> <span class='ocrx_word' id='word_1_327' title='bbox 723 4027 803 4105; x_wconf 91' lang='lat' dir='ltr'><strong>quod</strong></span> <span class='ocrx_word' id='word_1_328' title='bbox 816 4027 980 4087; x_wconf 83' lang='lat' dir='ltr'><strong>asserimus.</strong></span> 
     </span>
    </p>

    <p class='ocr_par' dir='ltr' id='par_1_13' title="bbox 124 4099 1313 4426">
     <span class='ocr_line' id='line_1_40' title="bbox 155 4099 1313 4196; baseline 0.001 -34"><span class='ocrx_word' id='word_1_329' title='bbox 155 4101 213 4192; x_wconf 71' lang='lat' dir='ltr'><strong>III.</strong></span> <span class='ocrx_word' id='word_1_330' title='bbox 234 4106 300 4166; x_wconf 85' lang='lat' dir='ltr'><strong>Non</strong></span> <span class='ocrx_word' id='word_1_331' title='bbox 314 4107 461 4184; x_wconf 83' lang='lat' dir='ltr'><strong>quaeritur,</strong></span> <span class='ocrx_word' id='word_1_332' title='bbox 476 4106 528 4167; x_wconf 84' lang='lat' dir='ltr'><strong>An</strong></span> <span class='ocrx_word' id='word_1_333' title='bbox 550 4107 678 4186; x_wconf 79' lang='lat' dir='ltr'><strong>cognitio</strong></span> <span class='ocrx_word' id='word_1_334' title='bbox 702 4107 759 4168; x_wconf 88' lang='lat' dir='ltr'><strong>iste</strong></span> <span class='ocrx_word' id='word_1_335' title='bbox 772 4106 811 4168; x_wconf 89' lang='lat' dir='ltr'><strong>sit</strong></span> <span class='ocrx_word' id='word_1_336' title='bbox 833 4105 960 4185; x_wconf 81' lang='lat' dir='ltr'><strong>perfecte</strong></span> <span class='ocrx_word' id='word_1_337' title='bbox 981 4111 1012 4166; x_wconf 90' lang='lat' dir='ltr'><strong>et</strong></span> <span class='ocrx_word' id='word_1_338' title='bbox 1033 4101 1175 4195; x_wconf 71' lang='lat' dir='ltr'><strong>salutaris,</strong></span> <span class='ocrx_word' id='word_1_339' title='bbox 1190 4099 1313 4196; x_wconf 73' lang='lat' dir='ltr'><strong>letemur</strong></span> 
     </span>
     <span class='ocr_line' id='line_1_41' title="bbox 202 4181 1312 4345; baseline -0.002 -31.131"><span class='ocrx_word' id='word_1_340' title='bbox 202 4195 432 4344; x_wconf 62' lang='lat' dir='ltr'><strong>unsre</strong></span> <span class='ocrx_word' id='word_1_341' title='bbox 442 4181 1312 4345; x_wconf 45' lang='lat' dir='ltr'><strong>strumensem</strong></span> 
     </span>
     <span class='ocr_line' id='line_1_42' title="bbox 126 4339 1244 4426; baseline 0.004 -24"><span class='ocrx_word' id='word_1_342' title='bbox 126 4339 206 4402; x_wconf 76' lang='lat' dir='ltr'><strong>ustio:</strong></span> <span class='ocrx_word' id='word_1_343' title='bbox 224 4365 274 4422; x_wconf 87' lang='lat' dir='ltr'><strong>per</strong></span> <span class='ocrx_word' id='word_1_344' title='bbox 286 4366 375 4426; x_wconf 89' lang='lat' dir='ltr'><strong>qnam</strong></span> <span class='ocrx_word' id='word_1_345' title='bbox 387 4347 602 4426; x_wconf 79' lang='lat' dir='ltr'><strong>persuusdeatnr,</strong></span> <span class='ocrx_word' id='word_1_346' title='bbox 618 4349 714 4408; x_wconf 91' lang='lat' dir='ltr'><strong>Deum</strong></span> <span class='ocrx_word' id='word_1_347' title='bbox 727 4365 800 4422; x_wconf 91' lang='lat' dir='ltr'><strong>esse,</strong></span> <span class='ocrx_word' id='word_1_348' title='bbox 815 4353 846 4406; x_wconf 93' lang='lat' dir='ltr'><strong>et</strong></span> <span class='ocrx_word' id='word_1_349' title='bbox 858 4363 922 4404; x_wconf 89' lang='lat' dir='ltr'><strong>esse</strong></span> <span class='ocrx_word' id='word_1_350' title='bbox 935 4341 1069 4421; x_wconf 87' lang='lat' dir='ltr'><strong>religiose</strong></span> <span class='ocrx_word' id='word_1_351' title='bbox 1083 4342 1244 4406; x_wconf 87' lang='lat' dir='ltr'><strong>colendum.</strong></span> 
     </span>
    </p>

    <p class='ocr_par' dir='ltr' id='par_1_14' title="bbox 127 4418 1314 4668">
     <span class='ocr_line' id='line_1_43' title="bbox 163 4418 1313 4504; baseline -0.001 -18"><span class='ocrx_word' id='word_1_352' title='bbox 163 4418 212 4482; x_wconf 86' lang='lat' dir='ltr'><strong>lV.</strong></span> <span class='ocrx_word' id='word_1_353' title='bbox 233 4425 290 4486; x_wconf 83' lang='lat' dir='ltr'><strong>Res</strong></span> <span class='ocrx_word' id='word_1_354' title='bbox 304 4427 389 4487; x_wconf 90' lang='lat' dir='ltr'><strong>nobis</strong></span> <span class='ocrx_word' id='word_1_355' title='bbox 402 4428 451 4488; x_wconf 91' lang='lat' dir='ltr'><strong>hic</strong></span> <span class='ocrx_word' id='word_1_356' title='bbox 463 4437 509 4488; x_wconf 89' lang='lat' dir='ltr'><strong>est</strong></span> <span class='ocrx_word' id='word_1_357' title='bbox 521 4447 587 4488; x_wconf 84' lang='lat' dir='ltr'><strong>eum</strong></span> <span class='ocrx_word' id='word_1_358' title='bbox 595 4427 762 4502; x_wconf 65' lang='grc' dir='ltr'><strong>Εοοίηὰιηὼ,</strong></span> <span class='ocrx_word' id='word_1_359' title='bbox 774 4425 825 4504; x_wconf 91' lang='lat' dir='ltr'><strong>qui</strong></span> <span class='ocrx_word' id='word_1_360' title='bbox 835 4432 944 4502; x_wconf 81' lang='lat' dir='ltr'><strong>negant</strong></span> <span class='ocrx_word' id='word_1_361' title='bbox 954 4423 1017 4484; x_wconf 90' lang='lat' dir='ltr'><strong>dari</strong></span> <span class='ocrx_word' id='word_1_362' title='bbox 1026 4423 1114 4484; x_wconf 85' lang='lat' dir='ltr'><strong>talem</strong></span> <span class='ocrx_word' id='word_1_363' title='bbox 1124 4423 1313 4502; x_wconf 76' lang='lat' dir='ltr'><strong>&#39;ilseologiam</strong></span> 
     </span>
     <span class='ocr_line' id='line_1_44' title="bbox 127 4503 1312 4588; baseline 0.003 -26"><span class='ocrx_word' id='word_1_364' title='bbox 127 4514 171 4588; x_wconf 63' lang='lat' dir='ltr'><strong>ssu</strong></span> <span class='ocrx_word' id='word_1_365' title='bbox 183 4505 373 4582; x_wconf 82' lang='lat' dir='ltr'><strong>cognitionem</strong></span> <span class='ocrx_word' id='word_1_366' title='bbox 388 4507 444 4568; x_wconf 86' lang='lat' dir='ltr'><strong>Dei</strong></span> <span class='ocrx_word' id='word_1_367' title='bbox 457 4509 626 4585; x_wconf 84' lang='lat' dir='ltr'><strong>naturalem,</strong></span> <span class='ocrx_word' id='word_1_368' title='bbox 640 4515 671 4568; x_wconf 90' lang='lat' dir='ltr'><strong>et</strong></span> <span class='ocrx_word' id='word_1_369' title='bbox 683 4507 767 4585; x_wconf 88' lang='lat' dir='ltr'><strong>sique</strong></span> <span class='ocrx_word' id='word_1_370' title='bbox 786 4523 851 4566; x_wconf 88' lang='lat' dir='ltr'><strong>esse</strong></span> <span class='ocrx_word' id='word_1_371' title='bbox 864 4503 987 4582; x_wconf 87' lang='lat' dir='ltr'><strong>videtur,</strong></span> <span class='ocrx_word' id='word_1_372' title='bbox 1003 4522 1067 4566; x_wconf 83' lang='lat' dir='ltr'><strong>eam</strong></span> <span class='ocrx_word' id='word_1_373' title='bbox 1087 4505 1191 4582; x_wconf 87' lang='lat' dir='ltr'><strong>partim</strong></span> <span class='ocrx_word' id='word_1_374' title='bbox 1211 4505 1312 4565; x_wconf 74' lang='lat' dir='ltr'><strong>s&#39;l&#39;ra·</strong></span> 
     </span>
     <span class='ocr_line' id='line_1_45' title="bbox 127 4573 1314 4668; baseline 0 -24"><span class='ocrx_word' id='word_1_375' title='bbox 127 4573 223 4644; x_wconf 64' lang='lat' dir='ltr'><strong>‘illisne</strong></span> <span class='ocrx_word' id='word_1_376' title='bbox 244 4585 397 4668; x_wconf 67' lang='lat' dir='ltr'><strong>majorum,</strong></span> <span class='ocrx_word' id='word_1_377' title='bbox 412 4587 479 4648; x_wconf 89' lang='lat' dir='ltr'><strong>inde</strong></span> <span class='ocrx_word' id='word_1_378' title='bbox 502 4588 539 4650; x_wconf 81' lang='lat' dir='ltr'><strong>ab</strong></span> <span class='ocrx_word' id='word_1_379' title='bbox 563 4587 688 4664; x_wconf 85' lang='lat' dir='ltr'><strong>Adaruo,</strong></span> <span class='ocrx_word' id='word_1_380' title='bbox 711 4585 814 4666; x_wconf 85' lang='lat' dir='ltr'><strong>partim</strong></span> <span class='ocrx_word' id='word_1_381' title='bbox 836 4603 874 4646; x_wconf 81' lang='lat' dir='ltr'><strong>ex</strong></span> <span class='ocrx_word' id='word_1_382' title='bbox 896 4584 977 4646; x_wconf 82' lang='lat' dir='ltr'><strong>veria</strong></span> <span class='ocrx_word' id='word_1_383' title='bbox 992 4582 1168 4646; x_wconf 81' lang='lat' dir='ltr'><strong>revelatione</strong></span> <span class='ocrx_word' id='word_1_384' title='bbox 1191 4581 1314 4644; x_wconf 73' lang='lat' dir='ltr'><strong>diverds</strong></span> 
     </span>
    </p>
   </div>
   <div class='ocr_carea' id='block_1_6' title="bbox 0 0 1588 5194">
    <p class='ocr_par' dir='ltr' id='par_1_15' title="bbox 0 0 1588 5194">
     <span class='ocr_line' id='line_1_46' title="bbox 0 0 1588 5194; baseline 0 0"><span class='ocrx_word' id='word_1_385' title='bbox 0 0 1588 5194; x_wconf 95' lang='lat' dir='ltr'><strong> </strong></span> 
     </span>
    </p>
   </div>
  </div>
 </body>
</html>
