3158 5190
220 365 258 422 86
710 381 800 424 cocus
815 383 974 425 secururs.
1240 361 1369 443 [cuam.
1382 381 1426 423 u.

223 521 355 582 Ecclesia
367 529 503 597 tanquam
517 520 547 578 in
562 521 695 581 columna
707 529 819 600 prostat
833 532 862 582 et
875 523 1009 582 omnibus
1018 542 1048 582 se
1059 519 1292 599 conspiciendam
1301 521 1431 580 exhibet.

225 602 363 662 Columna
377 619 446 676 ergo
460 600 565 658 dicitur
578 619 636 659 non
649 621 730 661 senaa
743 602 963 677 architectonica,
979 611 1121 678 quatenus
1135 599 1429 672 columnmedhiben·

223 689 271 740 tur
284 679 321 737 ad
335 677 449 738 edificii
463 681 708 756 sustentationem,
724 681 776 739 sed
789 682 988 757 acueasoremi
1000 689 1029 741 et
1042 681 1169 759 politico,
1180 686 1266 758 prout
1281 679 1432 738 Columnis

223 767 290 818 ante
305 757 406 816 Curias
420 766 449 816 et
470 758 617 835 Praetoria,
638 767 669 818 et
691 779 744 837 pro
764 759 875 820 foribus
898 761 1090 820 Basilicarum
1111 758 1216 818 Edicta
1233 757 1378 835 Principis
1401 765 1431 816 et

225 839 350 896 Decreta
362 857 397 894 ac
411 836 506 915 Leges
520 837 711 915 Magistratus
725 837 804 916 affigi
818 839 956 914 solebant,
971 849 1004 899 ut
1018 838 1152 897 omnibus
1162 837 1385 912 innotescerent,
1399 845 1433 894 ut

223 923 306 976 notat
325 915 404 974 Ptin.
416 917 495 976 lata.
515 925 611 974 autur.
631 917 684 976 lib.
706 920 734 976 6.
757 937 783 976 c.
805 920 853 994 28,
869 927 899 978 et
916 919 1033 995 Josept.
1053 917 1105 977 lib.
1122 919 1150 976 1.
1163 917 1258 994 Autiq.
1274 936 1299 974 c.
1314 919 1345 974 4.
1387 913 1434 974 Ita

224 995 354 1054 Ecclesia
366 993 504 1054 Columna
513 1003 557 1054 est
569 995 718 1072 Veritatis,
730 1004 792 1055 tum
800 997 911 1056 ratione
919 997 1156 1075 promulcets‘om'a
1165 1003 1195 1054 et
1208 992 1355 1072 preconii,
1366 993 1437 1070 quia

226 1075 322 1151 Leges
337 1073 392 1131 Dei
406 1073 589 1151 promulgare
603 1082 724 1151 tenetur,
740 1084 770 1134 et
783 1076 909 1136 coelestis
922 1075 1039 1134 Veritas
1053 1075 1128 1133 illia
1147 1073 1282 1152 penditur
1294 1081 1329 1132 ut
1342 1071 1435 1132 omui-

225 1153 281 1212 bus
295 1153 465 1228 innotescat,
480 1160 541 1212 tum
555 1153 666 1212 ratione
679 1155 818 1230 matema,
833 1155 902 1232 qula
915 1174 978 1214 eam
992 1174 1051 1212 nou
1064 1173 1094 1211 m
1133 1174 1150 1212 c
1164 1171 1324 1230 proponere
1339 1150 1392 1210 sed
1406 1159 1435 1209 ct

226 1231 375 1289 vindicare
389 1231 476 1292 debet
489 1239 518 1290 et
531 1233 614 1307 tueri,
636 1241 722 1310 atque
737 1234 802 1293 ideo
816 1253 874 1292 nou
888 1241 1000 1293 tantum
1021 1232 1122 1299 edm,
1144 1231 1195 1292 sed
1208 1231 1297 1290 etiam
1310 1230 1437 1310 θςώμι

227 1309 341 1385 dieitur,
354 1310 567 1388 flammantum
590 1330 648 1388 quo
671 1311 789 1372 Ven'taa
810 1313 928 1390 cognita
947 1311 1113 1372 vindicetur
1131 1319 1160 1370 et
1173 1311 1314 1368 adversm
1334 1329 1438 1368 omnes

228 1389 405 1466 corruptelas
414 1399 491 1448 sarta
500 1398 633 1466 tectaque
641 1400 846 1466 conservetur3
869 1391 986 1450 sednon
996 1392 1109 1468 statmo
1114 1391 1342 1466 fundamentum,
1358 1387 1438 1465 quod

229 1467 280 1527 dct
293 1466 349 1544 ipsi
362 1469 478 1527 veritati
487 1488 568 1526 suam
583 1469 718 1528 balneas
731 1478 760 1529 et
773 1469 946 1530 firmitatem.
988 1474 1017 1528 ι.
1039 1469 1182 1547 Quicquid
1195 1468 1335 1528 Columna
1349 1469 1438 1546 etfir-

229 1555 396 1606 mameatum
419 1547 544 1607 celatia
565 1547 679 1624 dicium,
701 1568 760 1606 nou
782 1549 880 1609 statim
901 1558 946 1608 est
963 1547 1130 1625 brfallibile3
1153 1547 1194 1606 sic
1214 1547 1291 1606 enim
1312 1547 1441 1604 Veteres

229 1625 374 1684 vocabant
387 1645 444 1700 eos,
460 1625 511 1704 qui
523 1626 572 1684 vel
582 1626 720 1686 doctrinae
731 1627 851 1705 fulgore,
861 1629 910 1687 vel
920 1627 988 1686 vitae
999 1626 1196 1700 sanctimonia,
1208 1625 1256 1684 vel
1266 1625 1441 1686 consanum

229 1703 365 1764 firmitate
379 1705 490 1764 ceteris
502 1705 686 1782 prestabant,
702 1715 732 1765 et
744 1705 905 1765 doctrinam
926 1706 1011 1766 Evan
1048 1707 1082 1765 lii
1094 1715 1124 1766 et
1137 1705 1224 1764 fidem
1243 1704 1439 1763 Christianam

231 1783 362 1842 doctrina
374 1784 423 1842 vel
440 1783 573 1862 exemplo
593 1785 820 1861 confirmabaut;
841 1785 987 1864 quomodo
1006 1727 1107 1844 ddeles
1129 1783 1339 1862 Lugdunenses
1360 1782 1439 1860 apud

231 1863 334 1921 Emeb.
352 1863 451 1923 histor.
473 1863 524 1922 lib.
546 1865 574 1924 5.
597 1883 659 1942 cap.
677 1868 703 1940 1,
717 1872 824 1924 vocant
838 1865 970 1924 Attalum
990 1865 1167 1942 Martyrem3
1189 1863 1292 1922 Basta
1306 1882 1353 1940 cp.
1369 1864 1438 1938 120,

234 1941 393 2020 Episcopoe
407 1941 591 2002 Orthodoxos
605 1944 656 2020 qui
670 1943 824 2002 Arrianam
837 1943 969 2003 haeresim
983 1943 1189 2022 oppugnabant
1198 1943 1254 2001 hoc
1263 1941 1380 2001 nomine
1394 1941 1439 1998 in-

233 2021 331 2099 signit,
347 2023 369 2079 α’
382 2021 468 2081 στύλοι
481 2026 526 2081 ael
539 2027 567 2082 τι
576 2021 699 2104 &gabaa
706 2025 879 2088 τῖςιιληιιιίς.
921 2022 1230 2099 acaemetensium.
1245 2021 1440 2079 Athanasium

233 2100 587 2240 ltlhffltldrlt
604 2100 930 2258 ttlmlldtllll‘
950 2099 1442 2240 iloegiblllffliellffiffi

233 2257 337 2332 cleeise,
353 2257 406 2316 sed
419 2277 478 2316 non
491 2260 554 2336 ejus
574 2259 758 2336 privilegium
777 2259 946 2336 infallibile;
968 2259 1038 2336 quid
1057 2266 1189 2318 teneatur
1208 2259 1302 2318 facere
1322 2257 1354 2316 in
1373 2276 1441 2334 pro·

234 2335 391 2411 mulgauds
399 2343 429 2393 et
437 2335 617 2394 defendenda
622 2339 744 2397 veritate
750 2345 850 2397 contra
858 2336 1101 2397 Adversaricmm
1110 2337 1295 2416 corruptelas,
1305 2355 1442 2395 nonvero

234 2413 305 2488 quid
318 2412 405 2472 saciat
419 2433 549 2492 semper;
571 2423 603 2472 ut
617 2416 734 2474 nomina
748 2435 824 2493 saepe
838 2416 874 2474 ab
889 2416 982 2477 officio
1002 2416 1192 2477 desumuntur
1205 2436 1263 2474 non
1277 2436 1295 2474 a
1308 2415 1351 2474 rei
1364 2415 1442 2473 veri-

204 2529 213 2544 .
234 2499 303 2564 tate,
320 2491 425 2550 Malao.
440 2491 470 2548 ii.
486 2494 513 2568 t,
529 2493 622 2553 Labt'a
635 2495 798 2554 Sacerdotis
811 2495 946 2556 dicuntur
959 2497 1098 2556 matodam
1110 2497 1262 2571 scientam,
1277 2495 1347 2572 quia
1359 2503 1441 2553 tene·

234 2578 282 2628 tur
295 2569 350 2628 lroc
364 2569 466 2644 facere,
481 2570 550 2631 licet
563 2591 621 2630 non
641 2571 729 2632 saciat
749 2593 862 2652 semper
874 2582 907 2634 ut
920 2595 950 2634 v.
964 2577 992 2650 8,
1015 2575 1143 2635 docetur.
1184 2579 1213 2634 4.
1234 2573 1381 2651 Quicquid
1392 2573 1443 2632 hic

236 2649 374 2706 Ecclesiae
388 2648 523 2707 tribuitur
535 2651 660 2728 pertinet
669 2652 707 2711 ad
717 2653 874 2712 Ecclesiam
880 2655 1086 2730 particularem
1094 2653 1275 2732 preeiaam,
1286 2653 1334 2711 cui
1344 2661 1443 2711 tamen

234 2727 419 2805 privilegium
432 2727 645 2790 infallibilitatis
658 2731 769 2791 nollent
777 2733 845 2790 dare
857 2733 1019 2794 Pontificii:
1038 2733 1143 2793 deinde
1156 2731 1297 2810 egiturde
1310 2732 1446 2791 Ecclesia
1573 2737 1574 2740 ’

234 2807 377 2866 collauda
388 2805 525 2884 fidelium,
547 2809 578 2867 in
598 2829 656 2886 qua
676 2811 845 2871 Timotheus
864 2813 973 2871 versari
987 2812 1095 2888 debuit,
1110 2822 1140 2872 et
1153 2811 1344 2871 ministerium
1358 2829 1444 2870 suum

235 2904 378 2961 exercere,
394 2905 452 2945 non
465 2887 702 2965 repraesentativa
716 2890 886 2966 Pastorum,
907 2891 999 2952 multo
1012 2892 1109 2950 minus
1122 2892 1159 2950 de
1174 2889 1322 2966 Pontifice,
1339 2890 1369 2948 in
1383 2909 1444 2968 qno

236 2965 298 3025 solo
311 2967 498 3048 impactas
511 2968 637 3029 residere
651 2969 833 3030 arbitrantur.
876 2973 904 3030 5.
919 2969 1092 3031 Alludithic
1107 2971 1215 3030 Paulus
1228 2978 1290 3029 tum
1304 2969 1343 3028 ad
1356 2989 1444 3030 usum

237 3045 441 3107 Columnarum
454 3047 485 3106 in
500 3047 638 3108 Delubris
658 3049 827 3126 Gentilium,
842 3049 991 3127 inquibus
1011 3050 1060 3109 vel
1074 3051 1201 3109 Deomm
1221 3049 1372 3127 imagines,
1394 3049 1445 3108 vel

237 3125 333 3204 Leges
346 3135 376 3186 et
389 3147 501 3187 mamm
514 3137 665 3207 precepta,
687 3131 746 3188 imo
759 3138 789 3190 et
804 3129 928 3192 Oracula
947 3129 1191 3208 appendebantur,
1206 3137 1279 3189 teate
1294 3129 1447 3188 Peraeae

236 3206 420 3282 atetlanum,
442 3215 475 3267 ut
488 3217 614 3286 opponat
629 3209 781 3270 Columnas
794 3209 859 3268 illas
879 3209 1019 3269 mendacii
1030 3216 1060 3268 et
1072 3208 1176 3268 erroris
1189 3209 1240 3268 ubi
1252 3208 1326 3266 nihil
1338 3216 1447 3286 praeter

236 3281 349 3343 tabulas
363 3293 392 3344 et
405 3285 543 3346 salsorum
558 3288 685 3347 Deorum
695 3289 836 3366 imagines
849 3289 1091 3368 proponebantur,
1105 3291 1246 3348 Calamam
1254 3287 1304 3347 isti
1312 3288 1445 3365 mystica

242 3362 383 3436 Vettonia,
404 3363 507 3441 inqua
527 3385 598 3424 vera
617 3367 674 3425 Dei
692 3365 846 3428 invisibilis
867 3368 963 3445 imago
984 3367 1145 3442 exhibetur,
1167 3367 1229 3427 Col.
1243 3367 1263 3425 i.
1280 3369 1328 3442 15,
1342 3375 1373 3426 et
1386 3385 1443 3426 cte-

235 3438 321 3498 lcstia
335 3441 393 3499 Dei
406 3441 530 3502 Oracula
542 3453 741 3522 proponuntur
755 3467 763 3505 c
803 3445 878 3508 ,Tum
893 3447 931 3505 ad
945 3447 1114 3506 Columnam
1124 3447 1203 3506 illam
1217 3445 1444 3520 memorabilem,

237 3537 324 3596 qnam
344 3517 375 3576 in
395 3519 516 3598 Templo
535 3522 609 3600 erigi
629 3531 779 3584 curaverat
802 3523 947 3602 Solamen,
971 3526 1007 3585 de
1022 3546 1087 3605 qua,
1102 3531 1121 3586 2
1136 3527 1241 3584 Chrou.
1255 3525 1295 3584 vi.
1319 3528 1367 3602 13,
1382 3530 1444 3586 ιιι

238 3597 313 3676 Reg.
328 3597 368 3657 xi.
380 3601 426 3674 14,
441 3607 471 3659 et
485 3600 568 3660 xxiii.
582 3605 611 3678 3,
626 3622 713 3679 quam
726 3603 818 3663 veluti
832 3613 1002 3682 suggestum
1016 3605 1246 3666 conscendebant
1255 3605 1362 3682 Reges,
1373 3625 1445 3682 quo-

237 3677 293 3737 ties
306 3677 355 3737 vel
371 3679 508 3756 populum
526 3681 747 3758 alloquebantur
759 3683 808 3742 vel
821 3682 949 3744 solemne
969 3685 1080 3763 aliquid
1095 3685 1278 3764 praestabant,
1297 3704 1363 3761 quse
1379 3684 1447 3744 ideo

238 3758 332 3834 Rapsa
347 3758 486 3818 Columna
498 3759 612 3822 Judaeis
626 3761 783 3822 dicebatur.
800 3761 849 3822 Sic
861 3763 980 3824 Veritas
994 3765 1115 3842 Regina
1135 3765 1226 3824 instar
1240 3763 1381 3824 Ecclesiae
1402 3764 1446 3822 in-

239 3837 322 3911 sidet,
337 3857 396 3898 non
415 3848 449 3899 ιιι
469 3858 550 3900 suam
574 3840 776 3901 authoritatem
797 3843 834 3903 ab
854 3862 890 3902 ea
909 3853 1063 3919 mutuetur,
1078 3852 1112 3904 ut
1131 3863 1185 3904 uec
1207 3844 1344 3904 Salomon
1364 3863 1448 3903 suam

238 3917 364 3979 habebat
374 3918 412 3978 ab
424 3919 482 3980 iata
492 3919 648 3996 Columna3
670 3921 723 3981 sed
736 3930 769 3982 ut
781 3922 899 3982 Veritas
913 3923 943 3982 iu
957 3943 992 3983 ea
1004 3931 1180 4002 proponatur
1193 3932 1223 3984 et
1235 3931 1433 3983 conservetur.

239 4036 281 4082 Au
326 4037 418 4083 aloem
426 4051 480 4083 eon·
542 3999 667 4060 XXVI.
690 4001 785 4062 Locus
798 4003 950 4080 Ammoni
967 4011 1068 4062 contra
1082 4002 1194 4081 Episto.
1209 4002 1322 4063 Funda.
1337 4021 1402 4079 cap.
1417 4005 1448 4061 5.
1570 4065 1571 4078 ,

268 4050 405 4198 ἕψει.
426 4097 480 4142 uu·
500 4080 657 4158 Ευαιθιὶίο
683 4101 740 4141 aaa
766 4085 917 4158 madorem
945 4083 1001 4142 arbi
1032 4102 1075 4142 mc
1101 4083 1237 4142 Ecclesia
1265 4091 1450 4141 commoveret
1570 4085 1571 4146 l

500 4159 665 4236 authoritas,
680 4179 739 4220 uon
752 4161 831 4221 favet
852 4161 1020 4221 Pontificiis.
1064 4164 1090 4222 l.
1112 4161 1187 4237 Quia
1207 4161 1335 4238 August.
1351 4161 1448 4238 loqui-
1570 4151 1571 4164 ³

219 4227 288 4294 'tur
301 4235 337 4296 de
352 4257 383 4298 se
396 4238 490 4306 adhuc
505 4240 675 4316 Manichaeo,
690 4249 721 4300 ct
733 4241 861 4300 nondum
875 4240 1047 4317 Christiano,
1068 4249 1098 4300 et
1111 4240 1190 4318 quod
1202 4241 1285 4319 ponit
1297 4239 1328 4298 in
1341 4239 1449 4318 imper-

241 4313 316 4372 fecto
330 4317 408 4376 valet
421 4320 596 4395 praeteritum
617 4320 770 4398 plusquam
790 4319 966 4398 perfectum
988 4323 1131 4380 aedem
1144 4330 1171 4382 ct
1183 4329 1371 4396 commoveat,
1394 4339 1449 4398 pro

241 4393 418 4483 mediatam
432 4405 462 4456 et
479 4399 672 4476 mammaea
694 4400 793 4477 phrasi
813 4397 894 4460 Aius
914 4399 1111 4476 usitatissima,
1125 4407 1159 4460 ut
1173 4399 1260 4459 Docti
1280 4399 1447 4474 observant,

242 4489 284 4530 arc
297 4469 392 4562 liba.
407 4473 536 4535 Corseas.
550 4497 613 4556 cap.
628 4481 656 4554 8,
677 4479 712 4539 at
723 4488 787 4540 tum
800 4499 928 4540 amarem
936 4500 1026 4557 poma
1039 4481 1098 4558 clla,
1118 4499 1172 4558 pro
1194 4478 1374 4538 amavissem.
1417 4481 1448 4538 2.

241 4547 527 4643 Andromedeque
546 4556 682 4633 loquitur,
697 4568 813 4618 nonest
825 4559 903 4634 juria
917 4569 947 4620 et
970 4558 1088 4636 imperii,
1110 4578 1197 4636 quam
1217 4559 1265 4618 hic
1285 4556 1450 4617 obtendunt

243 4627 421 4708 Adversarii,
447 4634 529 4709 quasi
552 4635 705 4697 crediderit
726 4638 794 4715 quia
818 4639 949 4698 Ecclesia
969 4637 1101 4715 dicebat;
1125 4637 1176 4698 sed
1200 4638 1350 4716 dipaitatis,
1380 4655 1448 4713 quta
1569 4639 1570 4646 ’
