3250 5176
159 400 271 450 aomar.
288 383 333 463 rc]
523 397 528 408 ·
660 397 700 438 ns
714 397 856 440 saccaro.
1299 383 1357 440 569

158 561 214 600 nos
226 539 383 600 transmitti
396 559 448 618 per
460 537 684 618 generationem,
699 540 768 617 quia
781 539 811 596 in
826 538 941 597 Adamo
955 539 1147 616 peccavimus,
1163 547 1196 598 ut
1216 539 1247 598 in
1268 539 1362 617 capite

160 622 288 680 nostro.”
333 621 381 679 Sic
396 621 440 679 cl.
457 622 609 680 Testardus
633 619 758 696 Synopsi
772 619 809 677 de
822 638 868 677 na.
884 628 914 677 et
927 639 989 696 gra.
999 620 1041 678 th.
1054 623 1101 695 12,
1118 621 1136 653 “
1146 620 1262 678 Primus
1275 621 1363 678 homo

160 700 215 760 fuit
229 700 316 778 stirps
330 699 446 776 generis
459 699 587 775 humani,
603 705 632 758 et
645 699 815 758 naturaliter
827 706 961 776 respectu
982 698 1090 775 speciei
1109 707 1139 758 et
1160 699 1298 758 oecondm
1318 718 1363 757 re-

162 787 263 858 spectu
286 779 420 839 foederis:
450 779 551 839 debuit
573 779 684 838 scilicet
703 797 762 836 non
786 776 873 836 modo
894 786 1028 836 naturam
1049 779 1213 854 humanam,
1239 779 1292 838 sed
1313 785 1364 836 aut

74 895 78 902 -
160 859 377 934 beatitudinem,
394 867 444 918 aut
456 859 611 932 miseriam,
626 858 701 916 hanc
714 857 870 935 peccando,
881 857 962 916 illam
975 858 1188 934 perseverando
1201 858 1233 916 in
1245 859 1363 917 rectitu-

162 939 229 998 dine
244 938 352 1015 divina,
367 939 437 1017 quia
450 958 516 1008 oum
529 957 564 997 eo
578 937 673 996 foedus
686 938 751 996 iniit
766 938 855 1011 Dens,
870 957 929 996 non
949 945 1088 1014 tanquam
1102 955 1168 996 cum
1183 939 1300 1014 paritate
1313 938 1365 995 ho·

162 1019 239 1077 mine
254 1018 360 1096 aliquo,
376 1018 428 1078 sed
441 1027 579 1095 tanquam
592 1037 659 1076 cum
675 1017 775 1094 Capite
789 1025 818 1077 et
831 1019 975 1094 sponsore
987 1017 1077 1076 totins
1091 1017 1235 1094 generis.''

645 1255 840 1331 QUAESTIO
861 1255 904 1316 X.

577 1433 617 1474 DE
631 1433 764 1474 PECCATO
779 1433 942 1474 ostentant.

185 1574 231 1633 Aa
245 1575 328 1632 detur
341 1575 491 1631 Peccatum
501 1573 619 1650 aliquod
631 1573 776 1649 oriqinale,
790 1592 838 1631 seu
853 1575 928 1630 labes
938 1581 965 1630 et
977 1571 1110 1632 uitiositas
1124 1571 1269 1646 mboermre,
1285 1592 1348 1648 qua

209 1674 266 1731 per
276 1653 484 1730 generationem
498 1655 539 1748 ad
551 1673 601 1714 nos
615 1654 808 1712 seducatur!
849 1651 942 1728 Affir,
958 1659 1058 1711 contra
1073 1651 1173 1729 Pelsg.
1188 1661 1218 1711 et
1230 1652 1326 1711 Socin.

208 1812 233 1870 1.
255 1810 393 1886 Quamvis
408 1813 527 1870 Peccata
541 1812 676 1888 empiaali
686 1811 757 1870 arbal
769 1814 811 1870 ad
817 1811 1035 1887 predicandum
1053 1811 1153 1887 notius,
1175 1811 1246 1869 nibal
1265 1813 1308 1870 ad
1325 1811 1367 1870 ia-

7 1937 8 1982 ,
84 1939 87 1944 ,
169 1892 346 1968 teltiqeudum
358 1892 592 1965 sitsecretius,ut
606 1892 733 1968 loquitur
747 1890 1114 1968 August.demorb.Eccl.
1127 1891 1228 1949 Catho.
1243 1891 1368 1965 c.xxii.;

169 1971 243 2029 Cum
257 1979 353 2030 tamen
376 1989 487 2029 summa
508 1972 546 2030 sit
566 1969 704 2030 doctrinae
723 1971 808 2030 istius
829 1970 940 2028 utilitas
961 1969 999 2028 ad
1017 1969 1162 2028 miseriam
1180 1969 1314 2044 hominis,
1340 1979 1371 2028 et

169 2049 271 2126 gratiae
293 2051 427 2109 salutaris
440 2051 642 2110 necessitatem
666 2059 696 2110 et
719 2050 883 2124 efficaciam,
899 2050 1006 2108 certius
1029 2048 1251 2126 percipiendam,
1267 2049 1370 2107 merito
1426 2115 1430 2120 ¹

167 2130 243 2188 inter
256 2129 406 2208 primarias
421 2130 584 2208 Religionis
599 2129 769 2189 Christianae
784 2129 940 2206 reponitur.

209 2208 252 2267 II.
273 2211 423 2268 Peccatum
437 2211 574 2286 oripinalc
587 2209 673 2268 modo
688 2209 772 2268 latius
791 2208 929 2283 sumitur,
944 2215 1029 2284 prout
1050 2207 1250 2283 complectitur
1269 2225 1370 2283 pecea-

168 2294 230 2346 tum
245 2288 415 2365 imputatum
430 2297 459 2348 et
472 2289 624 2364 inhaerens,
640 2289 745 2365 quihus
759 2297 896 2365 tauquam
915 2287 1028 2346 duabus
1042 2287 1173 2364 partibus
1193 2286 1306 2345 absolvi
1327 2285 1370 2344 di-

168 2367 250 2444 citur,
266 2369 410 2445 quomodo
424 2376 579 2446 usurpatur
599 2369 635 2426 ab
654 2369 757 2427 Ursino
772 2375 801 2426 et
821 2369 957 2442 Zouchio,
979 2374 1009 2426 et
1030 2367 1111 2442 aliis3
1132 2365 1219 2424 modo
1239 2366 1370 2441 strictius,

166 2454 200 2506 ut
214 2447 307 2506 solum
321 2449 464 2507 inherens
475 2455 619 2524 connotat,
634 2467 693 2507 non
704 2448 831 2524 excluso,
845 2446 1055 2525 sedsnpposito
1069 2445 1219 2524 imputato,
1234 2453 1372 2522 tanquam

167 2545 256 2586 causa
268 2535 297 2586 et
311 2527 507 2604 fiandamento,
522 2547 581 2606 quo
594 2528 682 2587 modo
695 2530 832 2602 Bucerm,
850 2528 992 2602 Oaloiaus,
1007 2527 1197 2602 Bulliaperus,
1213 2525 1250 2584 de
1264 2545 1299 2584 eo
1319 2545 1371 2583 sae·

167 2605 233 2682 pins
247 2607 414 2684 loquuntur.
456 2608 495 2666 Et
509 2609 564 2666 hoc
579 2627 666 2668 sensu
678 2608 726 2667 hio
740 2628 758 2665 a
771 2607 856 2666 nobis
869 2626 946 2665 nune
960 2614 1123 2683 usurpatur.

211 2686 272 2743 III.
294 2687 363 2745 Tria
376 2686 451 2745 circa
475 2687 569 2765 ipsum
591 2688 682 2766 quaeri
705 2688 806 2746 solent.
850 2690 876 2745 1.
901 2687 974 2764 Ejus
996 2686 1150 2760 existentia,
1178 2703 1228 2744 seu
1252 2683 1302 2742 An
1325 2684 1388 2759 sit„

170 2767 199 2822 2.
215 2765 290 2840 Ejus
303 2775 417 2840 namra,
434 2784 485 2824 seu
500 2766 576 2841 Quid
590 2769 636 2826 sit.
679 2769 707 2826 3.
723 2768 797 2844 EJns
810 2767 994 2843 propaqatio,
1017 2785 1069 2824 seu
1090 2764 1241 2840 Quomodo
1262 2765 1300 2823 ad
1320 2783 1374 2822 nos

170 2851 308 2902 transeat.
351 2844 396 2902 De
406 2844 499 2920 primo
513 2845 609 2922 agitur
622 2847 717 2904 inhao
732 2845 905 2920 Quaestione,
922 2845 958 2903 de
973 2844 1037 2903 aliis
1051 2853 1161 2922 postea.

213 2920 268 2981 IV.
284 2923 397 2981 Nomen
408 2924 522 2982 Pcrcati
534 2925 679 3000 originales
689 2925 799 3000 primns
812 2925 984 2999 sufflatum
997 2924 1028 2980 in
1042 2923 1204 2981 Ecclesiam
1218 2922 1339 2997 invexit,
1355 2943 1374 2980 a

172 3001 339 3078 Pelagianis
353 3002 383 3060 in
397 3002 585 3080 quaestionem
600 3003 636 3062 de
652 3004 775 3062 Peccato
788 3011 919 3076 vocatus,
933 3011 967 3060 ut
986 3003 1104 3061 haberet
1118 3011 1226 3060 certum
1248 3002 1375 3077 aliquem

172 3081 336 3157 terminum,
351 3101 410 3160 quo
423 3090 522 3159 posset
535 3081 611 3141 inter
625 3081 830 3158 disputandum
844 3089 945 3140 contm
958 3100 1008 3139 eos
1021 3082 1073 3154 uti,
1089 3079 1167 3156 quod
1184 3080 1296 3138 Schola
1311 3089 1374 3138 tan-

171 3180 258 3237 quam
271 3161 400 3240 apprime
414 3162 525 3239 peccati
538 3160 623 3220 istius
644 3170 755 3220 naturae
775 3160 970 3237 exprimendae
991 3159 1167 3219 conveniens
1185 3158 1373 3218 retinuerunt.

174 3241 220 3298 lta
232 3261 303 3300 vero
316 3241 430 3317 dicitur,
445 3261 504 3300 non
526 3241 637 3301 ratione
651 3241 767 3317 origines
785 3243 897 3317 prima,
923 3258 1010 3316 quam
1033 3238 1136 3297 habuit
1158 3239 1245 3296 homo
1269 3259 1287 3296 a
1311 3239 1375 3297 Deo

175 3329 296 3397 creatus,
312 3321 364 3380 sed
381 3321 492 3380 ratione
507 3321 623 3398 originis
640 3323 776 3395 secunda,
798 3339 885 3398 quam
905 3319 993 3377 hahet
1013 3339 1031 3376 a
1050 3317 1142 3395 primo
1163 3326 1290 3395 parente,
1312 3327 1376 3377 tum

175 3400 284 3459 ratione
293 3401 432 3478 principii
442 3401 494 3476 sui,
510 3401 578 3478 quia
592 3408 636 3460 est
650 3419 667 3458 a
680 3407 799 3478 peccato
814 3399 984 3476 originante,
1004 3406 1067 3456 tum
1087 3397 1198 3455 ratione
1212 3399 1290 3456 modi
1303 3417 1375 3474 pro·

171 3481 309 3555 pauendi,
325 3481 393 3558 quia
407 3481 443 3539 ab
457 3480 569 3558 origine
593 3479 677 3538 nohis
699 3480 827 3554 inheret,
851 3487 914 3538 turn
934 3478 1047 3537 ratione
1070 3479 1229 3552 ffctcmcm
1251 3498 1375 3553 suorum,

177 3558 245 3633 quia
259 3568 303 3618 est
316 3561 397 3637 origo
412 3569 594 3637 peccatorum
609 3559 773 3618 actualium.

477 3639 517 3698 V.
538 3639 589 3697 Ad
603 3637 799 3712 Quaestionem
815 3638 862 3697 Aa
879 3637 923 3713 sit,
947 3637 1075 3695 Peccent
1093 3635 1141 3693 hic
1155 3635 1229 3694 varii
1248 3635 1376 3695 haeretici

178 3703 418 3820 Assufflffffiliffiss*
438 3719 489 3796 qui
502 3719 667 3796 negativam
677 3725 845 3794 sequuntur.
890 3721 917 3776 1.
928 3716 1080 3792 Pebrpiam'
1088 3723 1210 3788 veteres,
1226 3715 1277 3792 qui
1292 3714 1374 3773 Pela-

438 3799 519 3875 gium
534 3797 706 3856 Britannum
721 3797 895 3875 Magistrum
915 3815 999 3855 suum
1019 3794 1120 3869 secuti,
1143 3793 1296 3852 Peccatum
1319 3793 1375 3850 ori-

177 3877 273 3958 ginale
289 3877 445 3936 secundum
466 3895 566 3936 omnes
586 3885 683 3954 partes
706 3895 773 3935 suas
793 3875 947 3952 negabant,
969 3881 1119 3950 peccamm
1140 3872 1248 3930 Adami
1268 3872 1377 3930 nemini

177 3957 310 4016 nocuisse
324 3957 380 4015 nisi
394 3957 449 4033 ipsi
469 3963 635 4032 statuentes,
651 3955 700 4014 vel
719 3955 745 4014 si
768 3954 901 4014 nocuisse
925 3952 1069 4012 diceretur
1092 3951 1166 4026 eliis,
1191 3952 1247 4010 hoc
1268 3952 1376 4011 factum

176 4046 290 4098 tantum
304 4035 400 4114 quoad
415 4039 570 4110 cumptum
584 4045 613 4094 et
627 4036 815 4110 imitationes,
830 4051 889 4103 non
902 4033 998 4111 quoad
1010 4033 1256 4108 propagationem.
1297 4031 1376 4090 Vide

175 4120 294 4196 Auprut.
309 4115 345 4176 de
360 4117 460 4175 haras.
476 4134 500 4174 c.
510 4113 559 4174 88.
594 4119 622 4173 2.
634 4114 785 4190 Saeniani,
803 4114 854 4190 qui
867 4113 936 4172 lieet
949 4113 980 4170 in
1000 4112 1134 4170 omnihus
1154 4111 1376 4188 possibilitatem

177 4197 215 4256 ad
228 4195 405 4276 peccandum
420 4201 586 4273 agnoscent,
603 4194 670 4271 quia
685 4195 766 4254 Deus
780 4194 959 4252 volumtatem
972 4191 1093 4250 liberam
1112 4199 1142 4250 et
1161 4190 1199 4249 ad
1218 4191 1326 4250 bonum
1347 4199 1378 4249 et

177 4277 215 4334 ad
228 4277 336 4336 malum
349 4275 439 4350 dedit,
459 4281 568 4351 negant
587 4281 684 4332 tamen
704 4289 840 4351 expresse
860 4272 952 4332 ullum
974 4271 1036 4329 dari
1056 4279 1206 4348 peccatum
1226 4269 1376 4346 originale.

181 4355 275 4413 Socin.
290 4355 416 4430 proelect.
431 4373 493 4430 cap.
508 4354 549 4411 iv.
565 4353 627 4409 “In
640 4352 786 4427 homine,’'
801 4353 904 4430 inquit,
921 4350 1022 4409 “dum
1036 4350 1173 4425 nascitur,
1184 4357 1302 4426 propter
1314 4349 1375 4424 lap-

179 4451 245 4492 sum
255 4432 339 4505 Adae,
354 4433 435 4490 nulla
449 4432 512 4490 sive
525 4430 612 4508 culpa
626 4431 688 4490 sive
701 4451 788 4508 poena
801 4429 1144 4506 locumhaberepotcst,”
1160 4425 1215 4485 &a
1244 4427 1283 4484 Et
1296 4445 1375 4501 mox,

179 4515 198 4546 “
212 4511 410 4570 concludimus
424 4511 521 4586 igitur,
537 4509 657 4585 nullum,
672 4511 827 4588 improprie
841 4510 927 4568 etiam
941 4507 1094 4586 loquendo,
1116 4513 1266 4584 peccatum
1287 4504 1375 4580 origi-

178 4591 244 4650 nale
263 4590 356 4648 esse.''
398 4588 481 4646 Idem
503 4587 603 4647 statuit
628 4591 708 4649 Velle.
729 4590 780 4650 lib.
802 4609 831 4647 v.
852 4609 914 4666 cap.
938 4590 985 4646 18.
1029 4586 1087 4646 Sed
1107 4584 1213 4644 clarius
1235 4584 1376 4644 Oatecbea.

180 4671 297 4730 Racovi.
313 4669 427 4728 illorum
441 4675 567 4727 mentem
581 4669 700 4745 exponit
713 4668 759 4729 tit.
773 4668 914 4727 delibero
928 4667 1013 4726 arbit.
1027 4685 1089 4742 cap.
1106 4667 1152 4740 18,
1171 4663 1223 4722 nhi
1236 4661 1273 4721 ad
1283 4681 1376 4738 queas·
