3158 5180
256 351 316 407 428
730 363 823 406 nocua
838 363 974 412 ouranos.
1246 343 1380 426 [onaan.
1396 365 1464 406 xm.

254 526 359 582 cauea;
380 523 434 564 nec
448 523 494 563 rea
509 523 645 582 corporea
658 512 689 563 et
702 503 885 564 elementaria
897 513 994 582 pateat
1007 503 1117 563 elevari
1130 503 1167 562 ad
1182 503 1361 582 spiritualem
1376 515 1406 564 et
1414 525 1463 563 ra·

254 586 392 646 tionalcm
405 583 628 661 producendam.
670 582 746 658 Quia
765 584 791 644 ai
809 592 963 660 generatur
976 603 1016 643 ex
1029 582 1147 658 aemine,
1161 603 1228 643 cum
1241 585 1353 644 semine
1375 585 1465 644 etiam

256 671 462 742 corrumpetur.
505 663 579 737 Quia
593 663 634 721 aie
647 662 725 721 idem
738 663 793 722 erit
807 671 888 722 crura
905 663 1056 723 hominum
1069 673 1099 723 et
1112 664 1269 738 brutorum,
1285 673 1316 722 et
1329 683 1382 742 per
1395 684 1464 722 con·
1567 727 1568 730 Ἴ

257 764 381 823 sequena
389 743 466 802 idem
477 741 618 802 interitus.
641 742 707 800 Non
714 745 857 818 acuendae,
868 762 976 818 eorum,
986 743 1037 820 qui
1046 742 1148 802 volunt
1156 743 1280 802 animam
1288 743 1342 801 tilii
1353 763 1418 802 cuae
1428 743 1466 802 ab

257 824 353 882 anima
366 824 465 900 patria,
480 821 567 880 modo
581 821 833 898 imperscrutabili,
844 831 873 882 at
887 822 972 881 nobie
985 823 1152 899 incognito;
1175 822 1250 898 Quia
1263 823 1319 882 hoc
1334 823 1467 900 implicat
1567 813 1568 880 J

257 923 317 962 rem
332 903 428 979 potiua
442 921 530 979 quam
539 901 682 978 explicat:
705 902 780 960 Nam
790 901 884 977 Pater,
896 901 945 960 vel
959 902 1094 978 producit
1106 903 1231 962 ammam
1244 902 1299 960 filii
1312 922 1352 961 ex
1365 903 1466 979 aliqua

257 1003 288 1042 rc
302 981 515 1059 praeexistente,
531 981 580 1039 vel
594 1001 632 1039 ex
645 980 742 1056 nulla;
765 981 832 1039 Non
845 1001 884 1040 ex
896 981 985 1056 nulla,
1002 982 1070 1059 quia
1084 982 1126 1041 aie
1143 991 1260 1058 crearet,
1277 982 1346 1041 Non
1359 1003 1399 1040 ex
1413 983 1466 1040 ali-

258 1081 323 1139 qua,
339 1062 407 1138 quia
421 1061 470 1119 vel
484 1067 560 1119 eeaet
580 1079 718 1136 corporea
738 1059 856 1120 seminia
877 1059 1046 1136 substantia,
1062 1062 1140 1140 quod
1150 1062 1212 1138 jam
1231 1061 1294 1120 fieri
1307 1081 1367 1120 non
1381 1081 1468 1139 poaee

257 1141 419 1218 probatum,
434 1139 483 1198 vel
506 1145 584 1198 eaaet
608 1139 765 1216 spiritualia
786 1139 919 1216 quadam
942 1139 1045 1199 animae
1067 1141 1237 1218 substantia,
1257 1141 1338 1218 quod
1360 1141 1468 1201 iterum

258 1220 315 1279 dici
329 1220 449 1296 nequit;
475 1219 550 1278 Tum
564 1218 633 1295 quia
647 1219 805 1295 spiritualia
818 1219 870 1278 illa
883 1220 1053 1295 substantia,
1067 1221 1117 1278 vel
1130 1219 1163 1279 fit
1176 1241 1214 1279 ex
1228 1229 1291 1280 tota
1303 1221 1404 1280 anima
1416 1241 1466 1299 pa·

256 1299 318 1374 tria,
334 1299 383 1358 vel
397 1319 434 1358 ex
447 1306 529 1375 parte
542 1306 672 1374 tantum3
695 1298 762 1358 Non
776 1319 814 1358 ex
827 1307 896 1374 tota,
912 1299 981 1376 quie
995 1299 1037 1359 cic
1055 1299 1151 1358 anima
1164 1299 1254 1377 patrie
1267 1311 1465 1376 evanesceret,

258 1387 288 1438 et
301 1379 331 1437 in
346 1378 494 1456 spirituale
514 1377 588 1436 illud
602 1397 700 1436 semen
714 1386 949 1454 converteretm
978 1397 1037 1438 non
1059 1399 1096 1438 ex
1110 1388 1200 1456 parte,
1215 1381 1285 1457 quia
1306 1381 1349 1439 eie
1369 1381 1467 1440 anima

258 1459 349 1536 patris
363 1466 440 1517 eeaet
454 1457 609 1516 divisibilia
623 1456 654 1515 in
667 1465 780 1534 partee;
803 1459 878 1518 Tum
892 1459 962 1535 quia
975 1459 1137 1518 substantia
1150 1459 1209 1534 illa,
1224 1461 1273 1519 vel
1287 1469 1334 1520 eat
1347 1479 1465 1538 eorrup-

258 1538 357 1613 tibilia,
373 1546 404 1597 et
416 1537 492 1615 perit
504 1557 539 1596 eo
553 1537 748 1614 instantique
762 1537 859 1596 anima
871 1537 1057 1615 producitur;
1079 1538 1131 1598 aed
1144 1538 1186 1597 ita
1198 1559 1257 1598 non
1270 1541 1327 1599 erit
1340 1541 1466 1618 amplius

259 1617 421 1677 substantia
434 1616 608 1694 spiritualim
623 1617 672 1675 vel
682 1617 917 1694 incorruptibilis,
932 1626 962 1677 ct
975 1619 1018 1678 aio
1031 1627 1168 1696 aequetur
1180 1618 1243 1676 dari
1257 1619 1332 1678 duos
1347 1621 1466 1698 spiritua

258 1697 290 1755 in
303 1697 420 1756 homine
434 1696 541 1774 genito,
557 1695 683 1754 enimam
697 1696 758 1774 filii,
779 1705 809 1756 et
830 1698 1021 1756 substantiam
1042 1697 1229 1775 spiritualem,
1244 1718 1283 1757 ex
1297 1718 1356 1776 qua
1370 1701 1467 1758 anime

258 1776 400 1855 producta
414 1786 478 1838 eata
500 1775 587 1835 Adde
601 1775 680 1852 quod
693 1784 803 1870 naturae
818 1777 936 1836 seminia
950 1785 1092 1855 repugnat
1105 1786 1172 1856 poet
1185 1777 1228 1838 rei
1248 1778 1467 1856 generationem

259 1855 886 2012 mtt²’ll²ltttff¹ttttt”tntt
903 1867 1234 2013 millitia,
1250 1956 1309 2014 qa
1331 1957 1393 1997 m
1416 1959 1467 2017 pn

259 2015 473 2092 alienationem,
488 2015 541 2075 aed
553 2035 604 2093 per
618 2016 905 2075 communicationem
919 2016 1032 2076 traduci
1042 2016 1156 2092 dicitur,
1169 2025 1302 2094 utquam
1315 2017 1417 2077 lumen
1430 2019 1466 2077 da

258 2096 368 2155 lumine
392 2095 566 2170 accenditur,
593 2095 654 2154 eine
678 2095 740 2154 ulle
763 2095 881 2155 alteriue
905 2096 1057 2156 divisione.
1100 2099 1127 2156 1.
1149 2096 1224 2171 Quia
1242 2099 1466 2158 communicatio

258 2195 325 2253 quaa
346 2175 379 2234 fit
399 2175 486 2234 unius
506 2174 694 2252 ejusdemque
715 2174 756 2234 rei
776 2175 885 2252 absque
903 2175 1076 2236 alienatione
1088 2175 1186 2235 locum
1198 2185 1312 2236 tantum
1326 2177 1419 2236 habet
1437 2179 1467 2236 in

260 2256 387 2314 caecutio
399 2253 520 2328 infinita,
537 2253 661 2312 sednon
681 2253 814 2330 infinita,
837 2255 867 2312 in
881 2275 939 2332 qua
953 2255 1054 2314 eadem
1067 2256 1193 2315 essentia
1205 2275 1327 2316 numero
1341 2277 1402 2316 non
1415 2276 1466 2334 po-

258 2341 316 2392 test
331 2332 414 2392 alteri
428 2333 641 2408 communicari,
658 2333 710 2392 aed
724 2333 826 2393 similia
840 2342 954 2394 tantum
967 2335 1143 2412 producitur.
1172 2339 1200 2394 2.
1216 2335 1327 2394 Anima
1339 2337 1395 2396 filii
1408 2357 1466 2396 non

257 2421 353 2490 poteet
363 2411 484 2489 produci
494 2412 531 2470 ab
545 2411 641 2469 anima
654 2413 752 2488 patria,
768 2432 822 2471 nec
833 2415 1015 2491 caminatae,
1031 2415 1100 2492 quia
1113 2415 1253 2476 terminus
1267 2436 1285 2474 a
1298 2435 1368 2493 quo,
1383 2417 1466 2494 perit,

257 2491 398 2568 producto
411 2490 534 2550 termino
548 2490 586 2548 ad
596 2509 699 2567 qnem;
714 2511 768 2550 neo
782 2493 906 2569 ἀεσιὶςίυε,
921 2495 991 2570 quia
1003 2495 1099 2554 anima
1112 2504 1156 2554 eet
1166 2495 1314 2577 atpalganx3
1336 2515 1392 2555 nec
1403 2517 1467 2555 con·
1569 2563 1570 2572 ,

257 2571 384 2646 enatae,
400 2571 469 2646 quia
483 2571 578 2628 anima
591 2569 683 2647 patrie
696 2591 755 2631 non
769 2580 894 2649 estpars
908 2573 1097 2634 constitutiva
1110 2575 1213 2634 animae
1226 2576 1289 2636 filii.
1311 2578 1341 2635 3.
1358 2575 1466 2636 Simili·

258 2650 329 2710 tudo
350 2649 468 2710 luminis
489 2649 584 2708 aliena
604 2658 657 2725 eat,
679 2669 756 2726 nam,
771 2659 964 2729 praeterquam
984 2653 1065 2730 quod
1087 2654 1136 2714 hie
1156 2653 1273 2714 flamma
1293 2664 1323 2715 et
1346 2655 1468 2715 candela

258 2739 326 2790 aunt
341 2729 509 2790 substantiae
524 2749 677 2808 corporeae,
692 2731 740 2789 hic
755 2751 825 2790 vero
839 2731 937 2810 agitur
949 2733 986 2792 de
1001 2733 1160 2811 spirituali3
1182 2743 1292 2794 certum
1310 2744 1357 2794 cat
1370 2735 1468 2794 lumen

256 2809 342 2870 educi
355 2810 392 2868 de
405 2810 535 2887 potentia
555 2810 691 2884 materiae,
706 2829 760 2870 nec
780 2831 866 2889 pocae
883 2812 1002 2872 accendi
1023 2813 1085 2873 aine
1098 2813 1244 2874 deciaione
1258 2815 1466 2892 particularum

256 2889 416 3029 ignearum,
428 2909 494 2968 que
507 2889 742 2951 uanamittuncn
755 2912 774 2950 e
786 2891 849 2952 tace
863 2911 984 2952 aceensa
997 2893 1035 2951 ad
1049 2894 1215 2970 extinctam,
1227 2894 1308 2972 quod
1320 2895 1360 2954 de
1373 2896 1468 2954 anima

279 2970 317 3030 'ci
330 2971 440 3047 nequit.

299 3051 342 3111 X.
365 3051 437 3111 Cum
451 3069 522 3128 ergo
536 3050 679 3110 eontentio
692 3051 729 3112 de
743 3051 862 3112 traduce
875 3052 1125 3112 inextricabilibus
1137 3053 1250 3114 laboret
1264 3053 1463 3130 incommodis,

257 3149 312 3190 neo
325 3131 386 3191 ulla
399 3131 473 3190 ratio
487 3131 605 3190 aliunde
618 3150 672 3190 noe
686 3142 773 3212 cogat
785 3133 864 3192 illam
882 3133 1051 3210 admittere,
1073 3133 1159 3192 aliam
1174 3133 1210 3193 de
1226 3135 1390 3208 Creatione,
1404 3144 1465 3194 tan-
1569 3137 1570 3172 l

256 3229 344 3287 quem
361 3211 516 3288 Scriptura
530 3220 560 3271 et
579 3221 664 3271 reete
678 3212 783 3272 rationi
796 3213 889 3292 magis
903 3220 1125 3273 consentaneam
1138 3215 1241 3273 merito
1255 3215 1464 3292 amplectimur,

256 3289 563 3429 fflmfliffiifflphffi
578 3290 670 3428 ipaoed
680 3292 813 3428 gentiles
830 3293 1064 3432 pilberoaqpeuon
1081 3293 1207 3434 ithalitldtse
1218 3293 1308 3388 fuipee
1330 3301 1461 3370 ceneten

321 3388 337 3426 c
384 3388 402 3426 a
441 3388 525 3428 oreae
564 3390 648 3447 aapu
710 3391 818 3432 remum
875 3393 927 3432 .x.
963 3391 1080 3433 cimmo
1220 3393 1402 3434 ammarum:

479 3529 529 3605 Xgi
544 3524 653 3586 mtto·
666 3551 694 3587 η
704 3535 763 3609 argis
777 3536 804 3588 ri
819 3537 890 3602 φιὶς,
905 3537 950 3592 ul
965 3537 1025 3614 argit
1039 3539 1134 3614 nagia
1146 3536 1230 3605 αι’γιὶς

465 3603 547 3664 ”Eitea
561 3609 669 3683 ὄπ’μφίι
683 3614 721 3668 πὶ
733 3607 809 3686 ulanzi
824 3612 903 3670 male
916 3614 1033 3689 impiae
1048 3621 1105 3672 νοῦν.

260 3765 300 3826 Et
320 3765 376 3826 ista
389 3765 545 3826 Ametotelia
564 3765 616 3826 lib.
637 3765 667 3826 ii.
689 3767 726 3828 de
748 3769 854 3830 Gener.
870 3771 975 3832 anima.
990 3791 1052 3850 cap.
1071 3775 1098 3848 3,
1119 3772 1226 3851 quibus
1246 3771 1351 3834 assent
1363 3777 1406 3832 eta
1419 3779 1467 3832 uta

259 3846 352 3929 tigriden
366 3847 497 3922 ἱπιισῖιιιι,
512 3851 558 3906 eal
575 3849 643 3906 Salar
656 3853 713 3908 υἰιι
731 3854 808 3926 peina.
851 3851 891 3912 Et
911 3853 974 3911 haee
995 3853 1142 3912 Ciceronis
1163 3853 1281 3914 Tuseul.
1303 3853 1322 3912 l.
1341 3862 1375 3912 ut
1394 3853 1466 3912 ullos
1569 3891 1570 3916 ;

258 3947 336 3986 nunc
360 3927 516 3988 mittamus.
560 3928 762 3989 “Animarum
786 3930 896 4008 nulla,'’
919 3932 1022 4010 iuquit,
1050 3933 1110 3991 “in
1133 3933 1218 3994 terrie
1238 3933 1321 4010 origo
1342 3933 1466 3992 inveniri
1569 3933 1570 3958 ¹

258 4015 363 4086 potest,
379 4008 452 4066 nihil
473 4009 550 4068 enim
571 4019 617 4068 eet
636 4009 667 4067 in
687 4009 791 4070 animia
813 4012 936 4072 mixtum
959 4021 1045 4089 atque
1067 4023 1241 4088 concretum,
1264 4022 1314 4072 aut
1328 4013 1410 4091 quod
1429 4031 1466 4071 ex

258 4097 335 4148 terra
345 4095 453 4164 uatum,
470 4097 556 4165 atque
566 4088 666 4148 fictum
677 4109 740 4150 esee
751 4091 913 4168 videetur,”
925 4090 979 4152 dac.
1010 4095 1028 4126 ‘⁶
1039 4092 1086 4152 lta
1095 4093 1233 4172 quiequid
1245 4102 1290 4153 eet
1303 4093 1378 4154 illud
1389 4091 1466 4170 quod

258 4167 357 4244 sentit,
370 4168 448 4244 quod
467 4169 550 4245 sapit,
565 4168 644 4246 quod
657 4170 730 4247 vult,
745 4172 824 4248 quod
837 4173 927 4250 viget,
942 4171 1059 4232 caeleate
1073 4181 1103 4233 et
1116 4173 1248 4233 divinum
1261 4183 1315 4250 eat,
1336 4174 1375 4234 ob
1389 4193 1465 4232 eam·

259 4266 316 4325 que
330 4267 391 4306 rem
405 4256 544 4308 aeternum
557 4249 596 4307 eit
609 4269 726 4310 necesse
741 4251 814 4310 eat.”

560 4328 621 4387 XI.
644 4328 724 4390 Dana
738 4330 844 4390 dicitur
857 4330 1002 4408 quievieae
1016 4332 1053 4391 ab
1068 4333 1146 4392 omni
1165 4353 1251 4411 opere
1266 4351 1328 4410 auo,
1345 4333 1422 4394 Gen.
1437 4331 1465 4390 ii.

520 4410 548 4484 2,
563 4427 622 4467 non
636 4409 767 4469 vacando
781 4411 818 4470 ab
832 4410 1079 4472 commeratione
1093 4433 1197 4489 rerum,
1220 4413 1273 4473 aed
1293 4413 1436 4474 ceeaando
1449 4431 1467 4470 a

520 4487 664 4548 creatione
699 4509 840 4550 novarum
868 4491 1036 4570 specierum,
1065 4492 1114 4552 vel
1140 4492 1368 4570 individuorum,
1401 4493 1465 4571 tium

259 4568 357 4651 peaent
371 4562 512 4640 principia
531 4585 672 4626 novarum
686 4570 862 4646 epaeiemm3
884 4579 917 4630 ut
930 4581 1066 4650 operatur
1078 4593 1098 4632 u
1133 4591 1169 4632 ue
1183 4591 1269 4649 nune,
1284 4569 1358 4633 Joh.
1372 4593 1403 4634 v.
1420 4576 1465 4650 1⁷,

258 4645 405 4696 euchaitae
415 4649 532 4702 naturae
543 4645 779 4728 administrando,
790 4657 821 4708 et
830 4651 1050 4728 multiplicando
1058 4591 1136 4730 quii
1143 4653 1205 4730 jam
1216 4661 1286 4728 erat,
1298 4672 1358 4712 non
1369 4661 1466 4712 autem
1569 4687 1570 4726 ι

295 4389 385 4436 Fontaa
396 4391 463 4438 Solu-

329 4449 432 4494 tlonum.
