<?xml version="1.0" encoding="UTF-8"?>
<!DOCTYPE html PUBLIC "-//W3C//DTD XHTML 1.0 Transitional//EN"
    "http://www.w3.org/TR/xhtml1/DTD/xhtml1-transitional.dtd">
<html xmlns="http://www.w3.org/1999/xhtml" xml:lang="en" lang="en">
 <head>
  <title>
</title>
<meta http-equiv="Content-Type" content="text/html;charset=utf-8" />
  <meta name='ocr-system' content='tesseract 3.04.00' />
  <meta name='ocr-capabilities' content='ocr_page ocr_carea ocr_par ocr_line ocrx_word'/>
</head>
<body>
  <div class='ocr_page' id='page_1' title='image "./francisciturret01pictgoog_0200.png"; bbox 0 0 3152 5178; ppageno 0'>
   <div class='ocr_carea' id='block_1_1' title="bbox 46 4827 56 5143">
    <p class='ocr_par' dir='ltr' id='par_1_1' title="bbox 46 4827 56 5143">
     <span class='ocr_line' id='line_1_1' title="bbox 46 4827 56 5143; baseline 0 0"><span class='ocrx_word' id='word_1_1' title='bbox 46 4827 56 5143; x_wconf 83' lang='lat' dir='ltr'><strong>l</strong></span> 
     </span>
    </p>
   </div>
   <div class='ocr_carea' id='block_1_2' title="bbox 94 363 1295 448">
    <p class='ocr_par' dir='ltr' id='par_1_2' title="bbox 94 363 1295 448">
     <span class='ocr_line' id='line_1_2' title="bbox 94 363 1295 448; baseline -0.001 -19"><span class='ocrx_word' id='word_1_2' title='bbox 94 383 204 436; x_wconf 72' lang='lat' dir='ltr'><strong>erm.</strong></span> <span class='ocrx_word' id='word_1_3' title='bbox 221 363 286 448; x_wconf 69' lang='lat' dir='ltr'><strong>xm]</strong></span> <span class='ocrx_word' id='word_1_4' title='bbox 594 383 634 424; x_wconf 86' lang='lat' dir='ltr'><strong>ns</strong></span> <span class='ocrx_word' id='word_1_5' title='bbox 649 383 820 428; x_wconf 74' lang='lat' dir='ltr'><strong>summunt.</strong></span> <span class='ocrx_word' id='word_1_6' title='bbox 870 375 875 388; x_wconf 93' lang='grc'><strong>’</strong></span> <span class='ocrx_word' id='word_1_7' title='bbox 1239 371 1295 428; x_wconf 83' lang='grc'><strong>145</strong></span> 
     </span>
    </p>
   </div>
   <div class='ocr_carea' id='block_1_3' title="bbox 91 523 1302 2040">
    <p class='ocr_par' dir='ltr' id='par_1_3' title="bbox 91 523 1302 2040">
     <span class='ocr_line' id='line_1_3' title="bbox 93 523 1292 606; baseline 0.001 -20"><span class='ocrx_word' id='word_1_8' title='bbox 93 527 243 606; x_wconf 79' lang='lat' dir='ltr'>originem,</span> <span class='ocrx_word' id='word_1_9' title='bbox 257 533 289 585; x_wconf 90' lang='lat' dir='ltr'><strong>ut</strong></span> <span class='ocrx_word' id='word_1_10' title='bbox 301 523 435 585; x_wconf 84' lang='lat' dir='ltr'><strong>dicantur</strong></span> <span class='ocrx_word' id='word_1_11' title='bbox 449 523 562 603; x_wconf 83' lang='lat' dir='ltr'><strong>scripto,</strong></span> <span class='ocrx_word' id='word_1_12' title='bbox 577 545 636 584; x_wconf 89' lang='lat' dir='ltr'><strong>non</strong></span> <span class='ocrx_word' id='word_1_13' title='bbox 650 547 687 585; x_wconf 87' lang='lat' dir='ltr'><strong>ex</strong></span> <span class='ocrx_word' id='word_1_14' title='bbox 708 526 824 605; x_wconf 92' lang='lat' dir='ltr'><strong>proprio</strong></span> <span class='ocrx_word' id='word_1_15' title='bbox 844 525 971 604; x_wconf 89' lang='lat' dir='ltr'><strong>impulsu</strong></span> <span class='ocrx_word' id='word_1_16' title='bbox 993 534 1023 586; x_wconf 93' lang='lat' dir='ltr'><strong>et</strong></span> <span class='ocrx_word' id='word_1_17' title='bbox 1043 525 1182 586; x_wconf 88' lang='lat' dir='ltr'><strong>instinctu</strong></span> <span class='ocrx_word' id='word_1_18' title='bbox 1196 527 1292 605; x_wconf 91' lang='lat' dir='ltr'><strong>cujus-</strong></span> 
     </span>
     <span class='ocr_line' id='line_1_4' title="bbox 95 604 1294 686; baseline 0.003 -20"><span class='ocrx_word' id='word_1_19' title='bbox 95 627 146 686; x_wconf 86' lang='lat' dir='ltr'><strong>que</strong></span> <span class='ocrx_word' id='word_1_20' title='bbox 158 607 283 686; x_wconf 81' lang='lat' dir='ltr'><strong>privato,</strong></span> <span class='ocrx_word' id='word_1_21' title='bbox 298 604 378 684; x_wconf 91' lang='lat' dir='ltr'><strong>quod</strong></span> <span class='ocrx_word' id='word_1_22' title='bbox 392 604 498 664; x_wconf 90' lang='lat' dir='ltr'><strong>dicitur</strong></span> <span class='ocrx_word' id='word_1_23' title='bbox 511 604 547 664; x_wconf 91' lang='lat' dir='ltr'><strong>de</strong></span> <span class='ocrx_word' id='word_1_24' title='bbox 568 605 604 664; x_wconf 94' lang='lat' dir='ltr'><strong>iis</strong></span> <span class='ocrx_word' id='word_1_25' title='bbox 622 607 673 684; x_wconf 89' lang='lat' dir='ltr'><strong>qui</strong></span> <span class='ocrx_word' id='word_1_26' title='bbox 694 615 812 666; x_wconf 89' lang='lat' dir='ltr'><strong>currunt</strong></span> <span class='ocrx_word' id='word_1_27' title='bbox 824 626 883 665; x_wconf 93' lang='lat' dir='ltr'><strong>non</strong></span> <span class='ocrx_word' id='word_1_28' title='bbox 896 607 1031 666; x_wconf 75' lang='lat' dir='ltr'><strong>mittente</strong></span> <span class='ocrx_word' id='word_1_29' title='bbox 1044 607 1116 681; x_wconf 91' lang='lat' dir='ltr'><strong>Deo,</strong></span> <span class='ocrx_word' id='word_1_30' title='bbox 1132 608 1154 667; x_wconf 91' lang='lat' dir='ltr'><strong>J</strong></span> <span class='ocrx_word' id='word_1_31' title='bbox 1155 627 1195 665; x_wconf 89' lang='lat' dir='ltr'><strong>er.</strong></span> <span class='ocrx_word' id='word_1_32' title='bbox 1210 607 1294 668; x_wconf 86' lang='lat' dir='ltr'><strong>xxiii.</strong></span> 
     </span>
     <span class='ocr_line' id='line_1_5' title="bbox 93 685 1296 764; baseline 0 -18"><span class='ocrx_word' id='word_1_33' title='bbox 93 691 137 762; x_wconf 77' lang='lat'><strong>21,</strong></span> <span class='ocrx_word' id='word_1_34' title='bbox 152 686 205 746; x_wconf 87' lang='lat' dir='ltr'><strong>sed</strong></span> <span class='ocrx_word' id='word_1_35' title='bbox 219 705 258 745; x_wconf 84' lang='lat' dir='ltr'><strong>ex</strong></span> <span class='ocrx_word' id='word_1_36' title='bbox 271 685 426 745; x_wconf 75' lang='lat' dir='ltr'><strong>dictamine</strong></span> <span class='ocrx_word' id='word_1_37' title='bbox 447 685 571 763; x_wconf 83' lang='lat' dir='ltr'><strong>Spiritus</strong></span> <span class='ocrx_word' id='word_1_38' title='bbox 587 685 686 745; x_wconf 80' lang='lat' dir='ltr'><strong>Sancti</strong></span> <span class='ocrx_word' id='word_1_39' title='bbox 706 706 763 764; x_wconf 91' lang='lat' dir='ltr'><strong>quo</strong></span> <span class='ocrx_word' id='word_1_40' title='bbox 778 686 835 749; x_wconf 87' lang='lat' dir='ltr'><strong>acti</strong></span> <span class='ocrx_word' id='word_1_41' title='bbox 848 685 981 746; x_wconf 81' lang='lat' dir='ltr'><strong>fuerunt:</strong></span> <span class='ocrx_word' id='word_1_42' title='bbox 1003 694 1036 746; x_wconf 88' lang='lat' dir='ltr'><strong>ut</strong></span> <span class='ocrx_word' id='word_1_43' title='bbox 1049 687 1096 745; x_wconf 90' lang='lat' dir='ltr'><strong>hic</strong></span> <span class='ocrx_word' id='word_1_44' title='bbox 1110 689 1222 752; x_wconf 72' lang='grc' dir='ltr'><strong>ἐπιλυσις</strong></span> <span class='ocrx_word' id='word_1_45' title='bbox 1236 708 1296 747; x_wconf 90' lang='lat' dir='ltr'><strong>non</strong></span> 
     </span>
     <span class='ocr_line' id='line_1_6' title="bbox 91 764 1295 846; baseline -0.001 -19"><span class='ocrx_word' id='word_1_46' title='bbox 91 767 231 846; x_wconf 86' lang='lat' dir='ltr'><strong>pertineat</strong></span> <span class='ocrx_word' id='word_1_47' title='bbox 245 765 281 824; x_wconf 84' lang='lat' dir='ltr'><strong>sd</strong></span> <span class='ocrx_word' id='word_1_48' title='bbox 298 765 423 824; x_wconf 89' lang='lat' dir='ltr'><strong>officium</strong></span> <span class='ocrx_word' id='word_1_49' title='bbox 438 764 616 844; x_wconf 82' lang='lat' dir='ltr'><strong>Interpretis,</strong></span> <span class='ocrx_word' id='word_1_50' title='bbox 631 765 770 824; x_wconf 87' lang='lat' dir='ltr'><strong>auditoris</strong></span> <span class='ocrx_word' id='word_1_51' title='bbox 784 765 832 825; x_wconf 84' lang='lat' dir='ltr'><strong>vel</strong></span> <span class='ocrx_word' id='word_1_52' title='bbox 852 766 968 826; x_wconf 81' lang='lat' dir='ltr'><strong>lectoris</strong></span> <span class='ocrx_word' id='word_1_53' title='bbox 984 765 1155 844; x_wconf 61' lang='lat' dir='ltr'><strong>Scriptorum</strong></span> <span class='ocrx_word' id='word_1_54' title='bbox 1179 766 1230 826; x_wconf 89' lang='lat' dir='ltr'><strong>sed</strong></span> <span class='ocrx_word' id='word_1_55' title='bbox 1257 766 1295 826; x_wconf 87' lang='lat' dir='ltr'><strong>ad</strong></span> 
     </span>
     <span class='ocr_line' id='line_1_7' title="bbox 93 844 1294 924; baseline -0.002 -18"><span class='ocrx_word' id='word_1_56' title='bbox 93 847 147 906; x_wconf 79' lang='lat' dir='ltr'><strong>vim</strong></span> <span class='ocrx_word' id='word_1_57' title='bbox 168 847 233 906; x_wconf 86' lang='lat' dir='ltr'><strong>sive</strong></span> <span class='ocrx_word' id='word_1_58' title='bbox 253 847 392 922; x_wconf 89' lang='lat' dir='ltr'><strong>impetum</strong></span> <span class='ocrx_word' id='word_1_59' title='bbox 413 845 611 923; x_wconf 83' lang='lat' dir='ltr'><strong>prophetandi,</strong></span> <span class='ocrx_word' id='word_1_60' title='bbox 634 845 696 904; x_wconf 87' lang='lat' dir='ltr'><strong>sive</strong></span> <span class='ocrx_word' id='word_1_61' title='bbox 709 844 749 903; x_wconf 86' lang='lat' dir='ltr'><strong>ad</strong></span> <span class='ocrx_word' id='word_1_62' title='bbox 767 845 850 906; x_wconf 91' lang='lat' dir='ltr'><strong>illum</strong></span> <span class='ocrx_word' id='word_1_63' title='bbox 869 855 989 923; x_wconf 91' lang='lat' dir='ltr'><strong>motum,</strong></span> <span class='ocrx_word' id='word_1_64' title='bbox 1004 866 1062 924; x_wconf 87' lang='lat' dir='ltr'><strong>quo</strong></span> <span class='ocrx_word' id='word_1_65' title='bbox 1077 847 1222 924; x_wconf 76' lang='lat' dir='ltr'><strong>Propheta</strong></span> <span class='ocrx_word' id='word_1_66' title='bbox 1241 847 1294 904; x_wconf 91' lang='lat' dir='ltr'><strong>im·</strong></span> 
     </span>
     <span class='ocr_line' id='line_1_8' title="bbox 92 924 1294 1006; baseline 0 -20"><span class='ocrx_word' id='word_1_67' title='bbox 92 927 188 1006; x_wconf 87' lang='lat' dir='ltr'><strong>pulsus</strong></span> <span class='ocrx_word' id='word_1_68' title='bbox 201 933 250 985; x_wconf 91' lang='lat' dir='ltr'><strong>est</strong></span> <span class='ocrx_word' id='word_1_69' title='bbox 258 933 290 984; x_wconf 89' lang='lat' dir='ltr'><strong>ut</strong></span> <span class='ocrx_word' id='word_1_70' title='bbox 297 925 465 1002; x_wconf 87' lang='lat' dir='ltr'><strong>loqueretur</strong></span> <span class='ocrx_word' id='word_1_71' title='bbox 474 933 525 984; x_wconf 90' lang='lat' dir='ltr'><strong>aut</strong></span> <span class='ocrx_word' id='word_1_72' title='bbox 535 925 690 985; x_wconf 79' lang='lat' dir='ltr'><strong>scriberet:</strong></span> <span class='ocrx_word' id='word_1_73' title='bbox 712 925 766 984; x_wconf 84' lang='lat' dir='ltr'><strong>Cui</strong></span> <span class='ocrx_word' id='word_1_74' title='bbox 780 924 859 984; x_wconf 84' lang='lat' dir='ltr'><strong>favet</strong></span> <span class='ocrx_word' id='word_1_75' title='bbox 869 925 985 984; x_wconf 85' lang='lat' dir='ltr'><strong>collatio</strong></span> <span class='ocrx_word' id='word_1_76' title='bbox 999 946 1028 985; x_wconf 87' lang='lat' dir='ltr'><strong>v.</strong></span> <span class='ocrx_word' id='word_1_77' title='bbox 1042 925 1164 1005; x_wconf 82' lang='lat' dir='ltr'><strong>praeced.</strong></span> <span class='ocrx_word' id='word_1_78' title='bbox 1180 934 1209 985; x_wconf 88' lang='lat' dir='ltr'><strong>et</strong></span> <span class='ocrx_word' id='word_1_79' title='bbox 1233 946 1294 1004; x_wconf 88' lang='lat' dir='ltr'><strong>seq.</strong></span> 
     </span>
     <span class='ocr_line' id='line_1_9' title="bbox 96 1003 1295 1094; baseline 0.001 -30"><span class='ocrx_word' id='word_1_80' title='bbox 96 1007 126 1064; x_wconf 91' lang='lat' dir='ltr'><strong>lu</strong></span> <span class='ocrx_word' id='word_1_81' title='bbox 139 1006 247 1084; x_wconf 87' lang='lat' dir='ltr'><strong>quibus</strong></span> <span class='ocrx_word' id='word_1_82' title='bbox 260 1005 479 1082; x_wconf 78' lang='lat' dir='ltr'><strong>nonquaeritur,</strong></span> <span class='ocrx_word' id='word_1_83' title='bbox 495 1003 633 1080; x_wconf 59' lang='lat' dir='ltr'><strong>Qunam</strong></span> <span class='ocrx_word' id='word_1_84' title='bbox 643 1006 694 1084; x_wconf 90' lang='lat' dir='ltr'><strong>jus</strong></span> <span class='ocrx_word' id='word_1_85' title='bbox 706 1004 813 1064; x_wconf 88' lang='lat' dir='ltr'><strong>babeat</strong></span> <span class='ocrx_word' id='word_1_86' title='bbox 826 1003 1033 1083; x_wconf 89' lang='lat' dir='ltr'><strong>interpretandi</strong></span> <span class='ocrx_word' id='word_1_87' title='bbox 1047 1006 1226 1094; x_wconf 87' lang='lat' dir='ltr'><strong>Prophetias,</strong></span> <span class='ocrx_word' id='word_1_88' title='bbox 1243 1007 1295 1065; x_wconf 88' lang='lat' dir='ltr'><strong>sed</strong></span> 
     </span>
     <span class='ocr_line' id='line_1_10' title="bbox 92 1084 1295 1238; baseline 0.001 -13"><span class='ocrx_word' id='word_1_89' title='bbox 92 1085 363 1225; x_wconf 47' lang='lat' dir='ltr'><strong>&amp;iffi-⁶</strong></span> <span class='ocrx_word' id='word_1_90' title='bbox 376 1092 456 1238; x_wconf 74' lang='lat' dir='ltr'><strong>tt</strong></span> <span class='ocrx_word' id='word_1_91' title='bbox 466 1084 627 1224; x_wconf 67' lang='lat' dir='ltr'><strong>sautu</strong></span> <span class='ocrx_word' id='word_1_92' title='bbox 638 1085 1225 1225; x_wconf 61' lang='lat' dir='ltr'><strong>uusstut‘ssuututt</strong></span> <span class='ocrx_word' id='word_1_93' title='bbox 1236 1087 1295 1226; x_wconf 70' lang='lat' dir='ltr'><strong>lt</strong></span> 
     </span>
     <span class='ocr_line' id='line_1_11' title="bbox 93 1186 1294 1325; baseline 0 -21"><span class='ocrx_word' id='word_1_94' title='bbox 93 1245 134 1318; x_wconf 88' lang='lat' dir='ltr'><strong>sit,</strong></span> <span class='ocrx_word' id='word_1_95' title='bbox 149 1255 289 1322; x_wconf 86' lang='lat' dir='ltr'><strong>tanquam</strong></span> <span class='ocrx_word' id='word_1_96' title='bbox 299 1209 427 1304; x_wconf 87' lang='lat' dir='ltr'><strong>indubiis</strong></span> <span class='ocrx_word' id='word_1_97' title='bbox 438 1243 495 1302; x_wconf 91' lang='lat' dir='ltr'><strong>Dei</strong></span> <span class='ocrx_word' id='word_1_98' title='bbox 506 1243 653 1322; x_wconf 88' lang='lat' dir='ltr'><strong>Oraculis;</strong></span> <span class='ocrx_word' id='word_1_99' title='bbox 674 1244 809 1304; x_wconf 89' lang='lat' dir='ltr'><strong>nimirum</strong></span> <span class='ocrx_word' id='word_1_100' title='bbox 822 1211 891 1321; x_wconf 79' lang='lat' dir='ltr'><strong>qdia</strong></span> <span class='ocrx_word' id='word_1_101' title='bbox 903 1264 962 1303; x_wconf 91' lang='lat' dir='ltr'><strong>nou</strong></span> <span class='ocrx_word' id='word_1_102' title='bbox 975 1243 1113 1304; x_wconf 87' lang='lat' dir='ltr'><strong>fluxerint</strong></span> <span class='ocrx_word' id='word_1_103' title='bbox 1126 1265 1164 1304; x_wconf 86' lang='lat' dir='ltr'><strong>ex</strong></span> <span class='ocrx_word' id='word_1_104' title='bbox 1177 1186 1294 1325; x_wconf 64' lang='lat' dir='ltr'><strong>plrdprio</strong></span> 
     </span>
     <span class='ocr_line' id='line_1_12' title="bbox 92 1323 1302 1402; baseline 0.002 -20"><span class='ocrx_word' id='word_1_105' title='bbox 92 1325 235 1384; x_wconf 89' lang='lat' dir='ltr'><strong>homiuum</strong></span> <span class='ocrx_word' id='word_1_106' title='bbox 249 1332 332 1382; x_wconf 91' lang='lat' dir='ltr'><strong>motu</strong></span> <span class='ocrx_word' id='word_1_107' title='bbox 343 1333 372 1383; x_wconf 92' lang='lat' dir='ltr'><strong>et</strong></span> <span class='ocrx_word' id='word_1_108' title='bbox 381 1323 539 1399; x_wconf 88' lang='lat' dir='ltr'><strong>voluntate,</strong></span> <span class='ocrx_word' id='word_1_109' title='bbox 554 1325 637 1402; x_wconf 90' lang='lat' dir='ltr'><strong>quasi</strong></span> <span class='ocrx_word' id='word_1_110' title='bbox 651 1334 747 1383; x_wconf 80' lang='lat' dir='ltr'><strong>essent</strong></span> <span class='ocrx_word' id='word_1_111' title='bbox 760 1325 917 1384; x_wconf 90' lang='lat' dir='ltr'><strong>humanum</strong></span> <span class='ocrx_word' id='word_1_112' title='bbox 931 1325 1090 1402; x_wconf 88' lang='lat' dir='ltr'><strong>inventum,</strong></span> <span class='ocrx_word' id='word_1_113' title='bbox 1105 1326 1155 1385; x_wconf 85' lang='lat' dir='ltr'><strong>vel</strong></span> <span class='ocrx_word' id='word_1_114' title='bbox 1168 1326 1302 1385; x_wconf 86' lang='lat' dir='ltr'><strong>humano</strong></span> 
     </span>
     <span class='ocr_line' id='line_1_13' title="bbox 94 1402 1295 1482; baseline 0.002 -20"><span class='ocrx_word' id='word_1_115' title='bbox 94 1405 204 1464; x_wconf 81' lang='lat' dir='ltr'><strong>arbitrio</strong></span> <span class='ocrx_word' id='word_1_116' title='bbox 217 1404 436 1481; x_wconf 71' lang='lat' dir='ltr'><strong>excogitatum,</strong></span> <span class='ocrx_word' id='word_1_117' title='bbox 460 1402 518 1462; x_wconf 85' lang='lat' dir='ltr'><strong>Sed</strong></span> <span class='ocrx_word' id='word_1_118' title='bbox 532 1423 571 1464; x_wconf 86' lang='lat' dir='ltr'><strong>ex</strong></span> <span class='ocrx_word' id='word_1_119' title='bbox 584 1404 710 1482; x_wconf 90' lang='lat' dir='ltr'><strong>impulsu</strong></span> <span class='ocrx_word' id='word_1_120' title='bbox 721 1411 750 1463; x_wconf 89' lang='lat' dir='ltr'><strong>et</strong></span> <span class='ocrx_word' id='word_1_121' title='bbox 764 1403 861 1462; x_wconf 83' lang='lat' dir='ltr'><strong>affiatu</strong></span> <span class='ocrx_word' id='word_1_122' title='bbox 877 1404 1001 1482; x_wconf 86' lang='lat' dir='ltr'><strong>Spiritus</strong></span> <span class='ocrx_word' id='word_1_123' title='bbox 1017 1405 1047 1464; x_wconf 91' lang='lat' dir='ltr'><strong>S.</strong></span> <span class='ocrx_word' id='word_1_124' title='bbox 1058 1425 1116 1482; x_wconf 91' lang='lat' dir='ltr'><strong>quo</strong></span> <span class='ocrx_word' id='word_1_125' title='bbox 1130 1405 1188 1465; x_wconf 85' lang='lat' dir='ltr'><strong>acti</strong></span> <span class='ocrx_word' id='word_1_126' title='bbox 1202 1405 1295 1465; x_wconf 88' lang='lat' dir='ltr'><strong>sancti</strong></span> 
     </span>
     <span class='ocr_line' id='line_1_14' title="bbox 95 1482 1295 1563; baseline 0.002 -21"><span class='ocrx_word' id='word_1_127' title='bbox 95 1485 145 1542; x_wconf 87' lang='lat' dir='ltr'><strong>Dei</strong></span> <span class='ocrx_word' id='word_1_128' title='bbox 165 1485 300 1543; x_wconf 88' lang='lat' dir='ltr'><strong>homines</strong></span> <span class='ocrx_word' id='word_1_129' title='bbox 327 1482 441 1561; x_wconf 89' lang='lat' dir='ltr'><strong>loquuti</strong></span> <span class='ocrx_word' id='word_1_130' title='bbox 464 1492 540 1544; x_wconf 88' lang='lat' dir='ltr'><strong>sunt.</strong></span> <span class='ocrx_word' id='word_1_131' title='bbox 583 1484 650 1543; x_wconf 90' lang='lat' dir='ltr'><strong>Hoc</strong></span> <span class='ocrx_word' id='word_1_132' title='bbox 675 1503 761 1543; x_wconf 90' lang='lat' dir='ltr'><strong>sensu</strong></span> <span class='ocrx_word' id='word_1_133' title='bbox 785 1486 898 1550; x_wconf 71' lang='grc' dir='ltr'><strong>ἔπίλνπς</strong></span> <span class='ocrx_word' id='word_1_134' title='bbox 926 1484 1102 1563; x_wconf 83' lang='lat' dir='ltr'><strong>significabit</strong></span> <span class='ocrx_word' id='word_1_135' title='bbox 1127 1484 1295 1553; x_wconf 82' lang='lat' dir='ltr'><strong>missionem</strong></span> 
     </span>
     <span class='ocr_line' id='line_1_15' title="bbox 95 1562 1294 1642; baseline 0 -20"><span class='ocrx_word' id='word_1_136' title='bbox 95 1563 222 1622; x_wconf 79' lang='lat' dir='ltr'><strong>Virorum</strong></span> <span class='ocrx_word' id='word_1_137' title='bbox 238 1563 299 1622; x_wconf 88' lang='lat' dir='ltr'><strong>Dei</strong></span> <span class='ocrx_word' id='word_1_138' title='bbox 313 1563 352 1621; x_wconf 86' lang='lat' dir='ltr'><strong>ed</strong></span> <span class='ocrx_word' id='word_1_139' title='bbox 371 1562 609 1642; x_wconf 84' lang='lat' dir='ltr'><strong>prophetandum,</strong></span> <span class='ocrx_word' id='word_1_140' title='bbox 625 1583 682 1641; x_wconf 87' lang='lat' dir='ltr'><strong>qua</strong></span> <span class='ocrx_word' id='word_1_141' title='bbox 697 1563 777 1623; x_wconf 86' lang='lat' dir='ltr'><strong>Deus</strong></span> <span class='ocrx_word' id='word_1_142' title='bbox 798 1565 856 1623; x_wconf 90' lang='lat' dir='ltr'><strong>illis</strong></span> <span class='ocrx_word' id='word_1_143' title='bbox 870 1564 962 1624; x_wconf 87' lang='lat' dir='ltr'><strong>veluti</strong></span> <span class='ocrx_word' id='word_1_144' title='bbox 976 1584 1105 1624; x_wconf 76' lang='lat' dir='ltr'><strong>carceres</strong></span> <span class='ocrx_word' id='word_1_145' title='bbox 1119 1565 1156 1624; x_wconf 92' lang='lat' dir='ltr'><strong>ad</strong></span> <span class='ocrx_word' id='word_1_146' title='bbox 1178 1584 1294 1625; x_wconf 88' lang='lat' dir='ltr'><strong>curren·</strong></span> 
     </span>
     <span class='ocr_line' id='line_1_16' title="bbox 96 1641 1293 1722; baseline 0.002 -20"><span class='ocrx_word' id='word_1_147' title='bbox 96 1643 156 1702; x_wconf 87' lang='lat' dir='ltr'><strong>dum</strong></span> <span class='ocrx_word' id='word_1_148' title='bbox 169 1643 270 1722; x_wconf 85' lang='lat' dir='ltr'><strong>aperit,</strong></span> <span class='ocrx_word' id='word_1_149' title='bbox 288 1643 414 1702; x_wconf 87' lang='lat' dir='ltr'><strong>allusive</strong></span> <span class='ocrx_word' id='word_1_150' title='bbox 428 1641 465 1701; x_wconf 88' lang='lat' dir='ltr'><strong>ad</strong></span> <span class='ocrx_word' id='word_1_151' title='bbox 480 1643 618 1703; x_wconf 87' lang='lat' dir='ltr'><strong>Cursores</strong></span> <span class='ocrx_word' id='word_1_152' title='bbox 632 1645 663 1702; x_wconf 93' lang='lat' dir='ltr'><strong>in</strong></span> <span class='ocrx_word' id='word_1_153' title='bbox 677 1643 779 1720; x_wconf 80' lang='lat' dir='ltr'><strong>studio,</strong></span> <span class='ocrx_word' id='word_1_154' title='bbox 794 1645 845 1721; x_wconf 91' lang='lat' dir='ltr'><strong>qui</strong></span> <span class='ocrx_word' id='word_1_155' title='bbox 866 1644 968 1704; x_wconf 88' lang='lat' dir='ltr'><strong>solutis</strong></span> <span class='ocrx_word' id='word_1_156' title='bbox 981 1645 1129 1722; x_wconf 87' lang='lat' dir='ltr'><strong>repagulis</strong></span> <span class='ocrx_word' id='word_1_157' title='bbox 1142 1663 1160 1703; x_wconf 86' lang='lat' dir='ltr'><strong>a</strong></span> <span class='ocrx_word' id='word_1_158' title='bbox 1173 1645 1293 1704; x_wconf 87' lang='lat' dir='ltr'><strong>carceri·</strong></span> 
     </span>
     <span class='ocr_line' id='line_1_17' title="bbox 96 1721 1294 1801; baseline 0.004 -19"><span class='ocrx_word' id='word_1_159' title='bbox 96 1723 145 1782; x_wconf 88' lang='lat' dir='ltr'><strong>bm</strong></span> <span class='ocrx_word' id='word_1_160' title='bbox 157 1722 349 1801; x_wconf 86' lang='lat' dir='ltr'><strong>emmpebant</strong></span> <span class='ocrx_word' id='word_1_161' title='bbox 362 1723 401 1782; x_wconf 84' lang='lat' dir='ltr'><strong>ad</strong></span> <span class='ocrx_word' id='word_1_162' title='bbox 420 1741 535 1782; x_wconf 85' lang='lat' dir='ltr'><strong>cursum</strong></span> <span class='ocrx_word' id='word_1_163' title='bbox 549 1743 636 1801; x_wconf 89' lang='lat' dir='ltr'><strong>quem</strong></span> <span class='ocrx_word' id='word_1_164' title='bbox 655 1721 723 1782; x_wconf 90' lang='lat' dir='ltr'><strong>inde</strong></span> <span class='ocrx_word' id='word_1_165' title='bbox 743 1723 926 1783; x_wconf 85' lang='lat' dir='ltr'><strong>inchoabant.</strong></span> <span class='ocrx_word' id='word_1_166' title='bbox 970 1722 1055 1798; x_wconf 80' lang='lat' dir='ltr'><strong>Quod</strong></span> <span class='ocrx_word' id='word_1_167' title='bbox 1075 1725 1100 1784; x_wconf 87' lang='lat' dir='ltr'><strong>si</strong></span> <span class='ocrx_word' id='word_1_168' title='bbox 1114 1743 1174 1783; x_wconf 86' lang='lat' dir='ltr'><strong>vox</strong></span> <span class='ocrx_word' id='word_1_169' title='bbox 1195 1724 1243 1783; x_wconf 92' lang='lat' dir='ltr'><strong>hic</strong></span> <span class='ocrx_word' id='word_1_170' title='bbox 1258 1724 1294 1787; x_wconf 85' lang='lat' dir='ltr'><strong>de</strong></span> 
     </span>
     <span class='ocr_line' id='line_1_18' title="bbox 99 1802 1295 1881; baseline 0.001 -20"><span class='ocrx_word' id='word_1_171' title='bbox 99 1803 333 1881; x_wconf 70' lang='lat' dir='ltr'><strong>interpretatione</strong></span> <span class='ocrx_word' id='word_1_172' title='bbox 347 1803 509 1880; x_wconf 87' lang='lat' dir='ltr'><strong>exponitur,</strong></span> <span class='ocrx_word' id='word_1_173' title='bbox 525 1811 558 1862; x_wconf 90' lang='lat' dir='ltr'><strong>ut</strong></span> <span class='ocrx_word' id='word_1_174' title='bbox 571 1803 605 1862; x_wconf 87' lang='lat' dir='ltr'><strong>fit</strong></span> <span class='ocrx_word' id='word_1_175' title='bbox 618 1802 734 1862; x_wconf 83' lang='lat' dir='ltr'><strong>averiis</strong></span> <span class='ocrx_word' id='word_1_176' title='bbox 745 1823 783 1861; x_wconf 85' lang='lat' dir='ltr'><strong>ex</strong></span> <span class='ocrx_word' id='word_1_177' title='bbox 793 1803 824 1860; x_wconf 85' lang='lat' dir='ltr'><strong>vi</strong></span> <span class='ocrx_word' id='word_1_178' title='bbox 834 1804 917 1862; x_wconf 85' lang='lat' dir='ltr'><strong>verbi</strong></span> <span class='ocrx_word' id='word_1_179' title='bbox 931 1805 1054 1874; x_wconf 69' lang='grc' dir='ltr'><strong>ἐπίλυσις,</strong></span> <span class='ocrx_word' id='word_1_180' title='bbox 1065 1803 1144 1881; x_wconf 91' lang='lat' dir='ltr'><strong>qnod</strong></span> <span class='ocrx_word' id='word_1_181' title='bbox 1154 1825 1295 1881; x_wconf 76' lang='lat' dir='ltr'><strong>exponere</strong></span> 
     </span>
     <span class='ocr_line' id='line_1_19' title="bbox 97 1881 1296 1960; baseline 0.001 -19"><span class='ocrx_word' id='word_1_182' title='bbox 97 1891 122 1941; x_wconf 87' lang='lat' dir='ltr'><strong>et</strong></span> <span class='ocrx_word' id='word_1_183' title='bbox 133 1885 272 1958; x_wconf 65' lang='lat' dir='ltr'><strong>explicere</strong></span> <span class='ocrx_word' id='word_1_184' title='bbox 299 1881 452 1956; x_wconf 77' lang='lat' dir='ltr'><strong>significet,</strong></span> <span class='ocrx_word' id='word_1_185' title='bbox 475 1883 566 1942; x_wconf 88' lang='lat' dir='ltr'><strong>Marc.</strong></span> <span class='ocrx_word' id='word_1_186' title='bbox 581 1883 621 1942; x_wconf 79' lang='lat' dir='ltr'><strong>iv.</strong></span> <span class='ocrx_word' id='word_1_187' title='bbox 636 1885 685 1956; x_wconf 85' lang='lat'><strong>34,</strong></span> <span class='ocrx_word' id='word_1_188' title='bbox 700 1891 730 1942; x_wconf 91' lang='lat' dir='ltr'><strong>et</strong></span> <span class='ocrx_word' id='word_1_189' title='bbox 744 1882 812 1941; x_wconf 87' lang='lat' dir='ltr'><strong>Act.</strong></span> <span class='ocrx_word' id='word_1_190' title='bbox 828 1882 890 1942; x_wconf 73' lang='lat' dir='ltr'><strong>xiii.</strong></span> <span class='ocrx_word' id='word_1_191' title='bbox 906 1885 954 1960; x_wconf 82' lang='lat'><strong>39,</strong></span> <span class='ocrx_word' id='word_1_192' title='bbox 969 1884 1124 1960; x_wconf 85' lang='lat' dir='ltr'><strong>negabitur</strong></span> <span class='ocrx_word' id='word_1_193' title='bbox 1163 1883 1296 1960; x_wconf 89' lang='lat' dir='ltr'><strong>ropbstia</strong></span> 
     </span>
     <span class='ocr_line' id='line_1_20' title="bbox 97 1904 1296 2040; baseline 0.002 -20"><span class='ocrx_word' id='word_1_194' title='bbox 97 1982 152 2021; x_wconf 81' lang='lat' dir='ltr'><strong>esse</strong></span> <span class='ocrx_word' id='word_1_195' title='bbox 164 1961 223 2029; x_wconf 68' lang='grc' dir='ltr'><strong>Βίας</strong></span> <span class='ocrx_word' id='word_1_196' title='bbox 237 1961 386 2038; x_wconf 60' lang='grc' dir='ltr'><strong>ἐπικότως,</strong></span> <span class='ocrx_word' id='word_1_197' title='bbox 401 1981 465 2039; x_wconf 74' lang='lat' dir='ltr'><strong>que</strong></span> <span class='ocrx_word' id='word_1_198' title='bbox 479 1962 546 2021; x_wconf 89' lang='lat' dir='ltr'><strong>talis</strong></span> <span class='ocrx_word' id='word_1_199' title='bbox 565 1963 603 2021; x_wconf 93' lang='lat' dir='ltr'><strong>sit</strong></span> <span class='ocrx_word' id='word_1_200' title='bbox 616 1962 713 2039; x_wconf 88' lang='lat' dir='ltr'><strong>quoad</strong></span> <span class='ocrx_word' id='word_1_201' title='bbox 728 1962 903 2038; x_wconf 80' lang='lat' dir='ltr'><strong>principium</strong></span> <span class='ocrx_word' id='word_1_202' title='bbox 917 1971 946 2021; x_wconf 91' lang='lat' dir='ltr'><strong>et</strong></span> <span class='ocrx_word' id='word_1_203' title='bbox 960 1962 1108 2038; x_wconf 85' lang='lat' dir='ltr'><strong>originem,</strong></span> <span class='ocrx_word' id='word_1_204' title='bbox 1124 1904 1163 2020; x_wconf 72' lang='lat' dir='ltr'><strong>id.</strong></span> <span class='ocrx_word' id='word_1_205' title='bbox 1178 1982 1243 2040; x_wconf 82' lang='lat' dir='ltr'><strong>quae</strong></span> <span class='ocrx_word' id='word_1_206' title='bbox 1257 1963 1296 2022; x_wconf 87' lang='lat' dir='ltr'><strong>sit</strong></span> 
     </span>
    </p>
   </div>
   <div class='ocr_carea' id='block_1_4' title="bbox 27 2041 1296 2120">
    <p class='ocr_par' dir='ltr' id='par_1_4' title="bbox 27 2041 1296 2120">
     <span class='ocr_line' id='line_1_21' title="bbox 27 2041 1296 2120; baseline 0 -20"><span class='ocrx_word' id='word_1_207' title='bbox 27 2099 36 2108; x_wconf 88' lang='grc'><strong>,</strong></span> <span class='ocrx_word' id='word_1_208' title='bbox 98 2063 130 2100; x_wconf 86' lang='lat' dir='ltr'><strong>ex</strong></span> <span class='ocrx_word' id='word_1_209' title='bbox 142 2043 251 2120; x_wconf 90' lang='lat' dir='ltr'><strong>proprio</strong></span> <span class='ocrx_word' id='word_1_210' title='bbox 265 2041 399 2117; x_wconf 88' lang='lat' dir='ltr'><strong>cerebro,</strong></span> <span class='ocrx_word' id='word_1_211' title='bbox 414 2061 472 2100; x_wconf 92' lang='lat' dir='ltr'><strong>non</strong></span> <span class='ocrx_word' id='word_1_212' title='bbox 485 2061 555 2102; x_wconf 81' lang='lat' dir='ltr'><strong>vero</strong></span> <span class='ocrx_word' id='word_1_213' title='bbox 569 2042 666 2119; x_wconf 89' lang='lat' dir='ltr'><strong>quoad</strong></span> <span class='ocrx_word' id='word_1_214' title='bbox 679 2043 836 2118; x_wconf 80' lang='lat' dir='ltr'><strong>subjectum,</strong></span> <span class='ocrx_word' id='word_1_215' title='bbox 851 2050 884 2100; x_wconf 88' lang='lat' dir='ltr'><strong>ut</strong></span> <span class='ocrx_word' id='word_1_216' title='bbox 898 2042 946 2100; x_wconf 90' lang='lat' dir='ltr'><strong>hic</strong></span> <span class='ocrx_word' id='word_1_217' title='bbox 961 2042 1089 2118; x_wconf 79' lang='lat' dir='ltr'><strong>proprio</strong></span> <span class='ocrx_word' id='word_1_218' title='bbox 1103 2042 1296 2118; x_wconf 76' lang='lat' dir='ltr'><strong>interpretatio</strong></span> 
     </span>
    </p>
   </div>
   <div class='ocr_carea' id='block_1_5' title="bbox 98 2120 1296 4354">
    <p class='ocr_par' dir='ltr' id='par_1_5' title="bbox 98 2120 1296 4354">
     <span class='ocr_line' id='line_1_22' title="bbox 98 2120 1296 2279; baseline -0.003 -17"><span class='ocrx_word' id='word_1_219' title='bbox 98 2121 719 2279; x_wconf 53' lang='lat' dir='ltr'><strong>mffliitmnfflllddlbpllllt</strong></span> <span class='ocrx_word' id='word_1_220' title='bbox 734 2120 1296 2278; x_wconf 58' lang='lat' dir='ltr'><strong>tldttttttttttttlttu</strong></span> 
     </span>
     <span class='ocr_line' id='line_1_23' title="bbox 100 2279 1295 2362; baseline -0.001 -24"><span class='ocrx_word' id='word_1_221' title='bbox 100 2281 228 2359; x_wconf 86' lang='lat' dir='ltr'><strong>tribuitur,</strong></span> <span class='ocrx_word' id='word_1_222' title='bbox 243 2301 400 2362; x_wconf 88' lang='lat' dir='ltr'><strong>perperam</strong></span> <span class='ocrx_word' id='word_1_223' title='bbox 414 2279 532 2358; x_wconf 85' lang='lat' dir='ltr'><strong>quidem</strong></span> <span class='ocrx_word' id='word_1_224' title='bbox 545 2281 688 2359; x_wconf 79' lang='lat' dir='ltr'><strong>colligumt</strong></span> <span class='ocrx_word' id='word_1_225' title='bbox 703 2281 856 2340; x_wconf 86' lang='lat' dir='ltr'><strong>Rationem</strong></span> <span class='ocrx_word' id='word_1_226' title='bbox 873 2281 1029 2340; x_wconf 86' lang='lat' dir='ltr'><strong>humanam</strong></span> <span class='ocrx_word' id='word_1_227' title='bbox 1044 2299 1107 2340; x_wconf 87' lang='lat' dir='ltr'><strong>esse</strong></span> <span class='ocrx_word' id='word_1_228' title='bbox 1123 2282 1295 2340; x_wconf 83' lang='lat' dir='ltr'><strong>Controver-</strong></span> 
     </span>
     <span class='ocr_line' id='line_1_24' title="bbox 101 2359 1296 2439; baseline -0.001 -19"><span class='ocrx_word' id='word_1_229' title='bbox 101 2361 192 2420; x_wconf 85' lang='lat' dir='ltr'><strong>siamm</strong></span> <span class='ocrx_word' id='word_1_230' title='bbox 201 2363 353 2437; x_wconf 85' lang='lat' dir='ltr'><strong>Judioem,</strong></span> <span class='ocrx_word' id='word_1_231' title='bbox 369 2369 399 2420; x_wconf 87' lang='lat' dir='ltr'><strong>st</strong></span> <span class='ocrx_word' id='word_1_232' title='bbox 411 2361 565 2438; x_wconf 77' lang='lat' dir='ltr'><strong>Scriptura</strong></span> <span class='ocrx_word' id='word_1_233' title='bbox 576 2361 774 2439; x_wconf 83' lang='lat' dir='ltr'><strong>Interpretem,</strong></span> <span class='ocrx_word' id='word_1_234' title='bbox 787 2359 866 2438; x_wconf 92' lang='lat' dir='ltr'><strong>quod</strong></span> <span class='ocrx_word' id='word_1_235' title='bbox 875 2361 985 2420; x_wconf 84' lang='lat' dir='ltr'><strong>vellent</strong></span> <span class='ocrx_word' id='word_1_236' title='bbox 1001 2361 1155 2438; x_wconf 85' lang='lat' dir='ltr'><strong>Sociniani,</strong></span> <span class='ocrx_word' id='word_1_237' title='bbox 1171 2368 1201 2420; x_wconf 93' lang='lat' dir='ltr'><strong>et</strong></span> <span class='ocrx_word' id='word_1_238' title='bbox 1210 2367 1296 2419; x_wconf 86' lang='lat' dir='ltr'><strong>antea</strong></span> 
     </span>
     <span class='ocr_line' id='line_1_25' title="bbox 101 2439 1293 2519; baseline 0.001 -21"><span class='ocrx_word' id='word_1_239' title='bbox 101 2459 116 2498; x_wconf 83' lang='lat' dir='ltr'><strong>a</strong></span> <span class='ocrx_word' id='word_1_240' title='bbox 132 2442 207 2500; x_wconf 90' lang='lat' dir='ltr'><strong>nobis</strong></span> <span class='ocrx_word' id='word_1_241' title='bbox 226 2443 389 2502; x_wconf 82' lang='lat' dir='ltr'><strong>refutatum</strong></span> <span class='ocrx_word' id='word_1_242' title='bbox 403 2449 455 2515; x_wconf 79' lang='lat' dir='ltr'><strong>est,</strong></span> <span class='ocrx_word' id='word_1_243' title='bbox 478 2459 567 2517; x_wconf 90' lang='lat' dir='ltr'><strong>quum</strong></span> <span class='ocrx_word' id='word_1_244' title='bbox 588 2439 625 2500; x_wconf 93' lang='lat' dir='ltr'><strong>de</strong></span> <span class='ocrx_word' id='word_1_245' title='bbox 645 2441 776 2500; x_wconf 66' lang='lat' dir='ltr'><strong>Rationes</strong></span> <span class='ocrx_word' id='word_1_246' title='bbox 790 2461 842 2499; x_wconf 78' lang='lat' dir='ltr'><strong>usu</strong></span> <span class='ocrx_word' id='word_1_247' title='bbox 855 2441 885 2499; x_wconf 74' lang='lat' dir='ltr'><strong>in</strong></span> <span class='ocrx_word' id='word_1_248' title='bbox 900 2442 1052 2518; x_wconf 67' lang='lat' dir='ltr'><strong>sseologia</strong></span> <span class='ocrx_word' id='word_1_249' title='bbox 1071 2441 1293 2519; x_wconf 75' lang='lat' dir='ltr'><strong>disputavimus,</strong></span> 
     </span>
     <span class='ocr_line' id='line_1_26' title="bbox 103 2519 1295 2599; baseline 0.002 -21"><span class='ocrx_word' id='word_1_250' title='bbox 103 2519 146 2578; x_wconf 87' lang='lat' dir='ltr'><strong>lo.</strong></span> <span class='ocrx_word' id='word_1_251' title='bbox 168 2521 191 2580; x_wconf 92' lang='grc' dir='ltr'><strong>Ι.</strong></span> <span class='ocrx_word' id='word_1_252' title='bbox 212 2522 245 2598; x_wconf 86' lang='lat' dir='ltr'><strong>Q.</strong></span> <span class='ocrx_word' id='word_1_253' title='bbox 267 2524 296 2599; x_wconf 92' lang='lat'><strong>8,</strong></span> <span class='ocrx_word' id='word_1_254' title='bbox 322 2520 394 2598; x_wconf 86' lang='lat' dir='ltr'><strong>quia</strong></span> <span class='ocrx_word' id='word_1_255' title='bbox 414 2519 509 2579; x_wconf 88' lang='lat' dir='ltr'><strong>fidelis</strong></span> <span class='ocrx_word' id='word_1_256' title='bbox 530 2520 578 2579; x_wconf 92' lang='lat' dir='ltr'><strong>hio</strong></span> <span class='ocrx_word' id='word_1_257' title='bbox 599 2539 658 2578; x_wconf 93' lang='lat' dir='ltr'><strong>non</strong></span> <span class='ocrx_word' id='word_1_258' title='bbox 679 2521 799 2580; x_wconf 84' lang='lat' dir='ltr'><strong>rationis</strong></span> <span class='ocrx_word' id='word_1_259' title='bbox 820 2520 929 2580; x_wconf 90' lang='lat' dir='ltr'><strong>lumine</strong></span> <span class='ocrx_word' id='word_1_260' title='bbox 951 2529 1072 2597; x_wconf 86' lang='lat' dir='ltr'><strong>tantum,</strong></span> <span class='ocrx_word' id='word_1_261' title='bbox 1095 2519 1146 2580; x_wconf 91' lang='lat' dir='ltr'><strong>sed</strong></span> <span class='ocrx_word' id='word_1_262' title='bbox 1170 2520 1295 2598; x_wconf 85' lang='lat' dir='ltr'><strong>Spiritus</strong></span> 
     </span>
     <span class='ocr_line' id='line_1_27' title="bbox 103 2598 1295 2680; baseline 0.003 -24"><span class='ocrx_word' id='word_1_263' title='bbox 103 2598 239 2662; x_wconf 76' lang='lat' dir='ltr'><strong>dictamine</strong></span> <span class='ocrx_word' id='word_1_264' title='bbox 262 2601 414 2680; x_wconf 64' lang='lat' dir='ltr'><strong>praecipue</strong></span> <span class='ocrx_word' id='word_1_265' title='bbox 437 2607 579 2659; x_wconf 87' lang='lat' dir='ltr'><strong>movetur.</strong></span> <span class='ocrx_word' id='word_1_266' title='bbox 630 2600 669 2660; x_wconf 88' lang='lat' dir='ltr'><strong>Et</strong></span> <span class='ocrx_word' id='word_1_267' title='bbox 690 2601 823 2678; x_wconf 86' lang='lat' dir='ltr'><strong>quemvis</strong></span> <span class='ocrx_word' id='word_1_268' title='bbox 848 2601 1003 2679; x_wconf 87' lang='lat' dir='ltr'><strong>Interpreti</strong></span> <span class='ocrx_word' id='word_1_269' title='bbox 1026 2601 1114 2661; x_wconf 87' lang='lat' dir='ltr'><strong>liceat</strong></span> <span class='ocrx_word' id='word_1_270' title='bbox 1139 2601 1295 2678; x_wconf 78' lang='lat' dir='ltr'><strong>Scripturae</strong></span> 
     </span>
     <span class='ocr_line' id='line_1_28' title="bbox 104 2679 1295 2759; baseline 0.001 -22"><span class='ocrx_word' id='word_1_271' title='bbox 104 2697 203 2740; x_wconf 87' lang='lat' dir='ltr'><strong>sensum</strong></span> <span class='ocrx_word' id='word_1_272' title='bbox 223 2689 400 2759; x_wconf 89' lang='lat' dir='ltr'><strong>conceptum</strong></span> <span class='ocrx_word' id='word_1_273' title='bbox 420 2679 457 2738; x_wconf 89' lang='lat' dir='ltr'><strong>ud</strong></span> <span class='ocrx_word' id='word_1_274' title='bbox 477 2680 617 2740; x_wconf 85' lang='lat' dir='ltr'><strong>rationem</strong></span> <span class='ocrx_word' id='word_1_275' title='bbox 639 2681 799 2740; x_wconf 74' lang='lat' dir='ltr'><strong>neutralem</strong></span> <span class='ocrx_word' id='word_1_276' title='bbox 821 2682 1004 2757; x_wconf 64' lang='lat' dir='ltr'><strong>examinem</strong></span> <span class='ocrx_word' id='word_1_277' title='bbox 1026 2700 1084 2740; x_wconf 88' lang='lat' dir='ltr'><strong>non</strong></span> <span class='ocrx_word' id='word_1_278' title='bbox 1107 2682 1177 2740; x_wconf 90' lang='lat' dir='ltr'><strong>licet</strong></span> <span class='ocrx_word' id='word_1_279' title='bbox 1197 2691 1295 2740; x_wconf 87' lang='lat' dir='ltr'><strong>tamen</strong></span> 
     </span>
     <span class='ocr_line' id='line_1_29' title="bbox 104 2759 1294 2854; baseline 0.002 -38"><span class='ocrx_word' id='word_1_280' title='bbox 104 2759 206 2820; x_wconf 80' lang='lat' dir='ltr'><strong>rationis</strong></span> <span class='ocrx_word' id='word_1_281' title='bbox 219 2762 371 2822; x_wconf 84' lang='lat' dir='ltr'><strong>dictamen</strong></span> <span class='ocrx_word' id='word_1_282' title='bbox 386 2759 540 2837; x_wconf 77' lang='lat' dir='ltr'><strong>Scripturas</strong></span> <span class='ocrx_word' id='word_1_283' title='bbox 556 2759 651 2818; x_wconf 79' lang='lat' dir='ltr'><strong>Sacrae</strong></span> <span class='ocrx_word' id='word_1_284' title='bbox 665 2779 817 2854; x_wconf 88' lang='lat' dir='ltr'><strong>opponere,</strong></span> <span class='ocrx_word' id='word_1_285' title='bbox 833 2761 882 2820; x_wconf 78' lang='lat' dir='ltr'><strong>vel</strong></span> <span class='ocrx_word' id='word_1_286' title='bbox 895 2761 982 2820; x_wconf 87' lang='lat' dir='ltr'><strong>fidem</strong></span> <span class='ocrx_word' id='word_1_287' title='bbox 997 2762 1024 2819; x_wconf 87' lang='lat' dir='ltr'><strong>ei</strong></span> <span class='ocrx_word' id='word_1_288' title='bbox 1038 2781 1145 2839; x_wconf 87' lang='lat' dir='ltr'><strong>negare</strong></span> <span class='ocrx_word' id='word_1_289' title='bbox 1164 2760 1202 2819; x_wconf 92' lang='lat' dir='ltr'><strong>ob</strong></span> <span class='ocrx_word' id='word_1_290' title='bbox 1222 2780 1294 2837; x_wconf 85' lang='lat' dir='ltr'><strong>prse-</strong></span> 
     </span>
     <span class='ocr_line' id='line_1_30' title="bbox 103 2839 1295 2918; baseline 0.003 -24"><span class='ocrx_word' id='word_1_291' title='bbox 103 2850 253 2918; x_wconf 82' lang='lat' dir='ltr'><strong>conoeptam</strong></span> <span class='ocrx_word' id='word_1_292' title='bbox 277 2839 404 2901; x_wconf 89' lang='lat' dir='ltr'><strong>rationis</strong></span> <span class='ocrx_word' id='word_1_293' title='bbox 428 2840 501 2898; x_wconf 84' lang='lat' dir='ltr'><strong>forte</strong></span> <span class='ocrx_word' id='word_1_294' title='bbox 524 2847 713 2916; x_wconf 76' lang='lat' dir='ltr'><strong>repugnantis</strong></span> <span class='ocrx_word' id='word_1_295' title='bbox 737 2841 917 2918; x_wconf 88' lang='lat' dir='ltr'><strong>opinionem;</strong></span> <span class='ocrx_word' id='word_1_296' title='bbox 948 2841 1062 2900; x_wconf 86' lang='lat' dir='ltr'><strong>Certins</strong></span> <span class='ocrx_word' id='word_1_297' title='bbox 1086 2849 1131 2900; x_wconf 92' lang='lat' dir='ltr'><strong>est</strong></span> <span class='ocrx_word' id='word_1_298' title='bbox 1154 2839 1295 2899; x_wconf 88' lang='lat' dir='ltr'><strong>rationem</strong></span> 
     </span>
     <span class='ocr_line' id='line_1_31' title="bbox 104 2917 1294 2999; baseline 0.003 -25"><span class='ocrx_word' id='word_1_299' title='bbox 104 2917 249 2997; x_wconf 85' lang='lat' dir='ltr'><strong>humanam,</strong></span> <span class='ocrx_word' id='word_1_300' title='bbox 263 2941 334 2999; x_wconf 84' lang='lat' dir='ltr'><strong>quse</strong></span> <span class='ocrx_word' id='word_1_301' title='bbox 349 2919 439 2978; x_wconf 78' lang='lat' dir='ltr'><strong>fallax</strong></span> <span class='ocrx_word' id='word_1_302' title='bbox 453 2927 541 2980; x_wconf 88' lang='lat' dir='ltr'><strong>estet</strong></span> <span class='ocrx_word' id='word_1_303' title='bbox 558 2918 677 2996; x_wconf 83' lang='lat' dir='ltr'><strong>lubrica,</strong></span> <span class='ocrx_word' id='word_1_304' title='bbox 693 2919 809 2979; x_wconf 85' lang='lat' dir='ltr'><strong>deviare</strong></span> <span class='ocrx_word' id='word_1_305' title='bbox 823 2939 841 2979; x_wconf 87' lang='lat' dir='ltr'><strong>a</strong></span> <span class='ocrx_word' id='word_1_306' title='bbox 854 2919 896 2979; x_wconf 87' lang='lat' dir='ltr'><strong>rei</strong></span> <span class='ocrx_word' id='word_1_307' title='bbox 909 2919 1040 2994; x_wconf 85' lang='lat' dir='ltr'><strong>veritate,</strong></span> <span class='ocrx_word' id='word_1_308' title='bbox 1056 2939 1142 2996; x_wconf 89' lang='lat' dir='ltr'><strong>quam</strong></span> <span class='ocrx_word' id='word_1_309' title='bbox 1166 2919 1294 2997; x_wconf 91' lang='lat' dir='ltr'><strong>Scriptu-</strong></span> 
     </span>
     <span class='ocr_line' id='line_1_32' title="bbox 104 2997 1294 3092; baseline 0.003 -38"><span class='ocrx_word' id='word_1_310' title='bbox 104 2999 203 3092; x_wconf 74' lang='lat' dir='ltr'><strong>mmS.</strong></span> <span class='ocrx_word' id='word_1_311' title='bbox 216 3021 279 3078; x_wconf 77' lang='lat' dir='ltr'><strong>qua</strong></span> <span class='ocrx_word' id='word_1_312' title='bbox 294 2999 431 3060; x_wconf 89' lang='lat' dir='ltr'><strong>Verbum</strong></span> <span class='ocrx_word' id='word_1_313' title='bbox 451 3005 497 3058; x_wconf 88' lang='lat' dir='ltr'><strong>est</strong></span> <span class='ocrx_word' id='word_1_314' title='bbox 509 2999 657 3076; x_wconf 83' lang='lat' dir='ltr'><strong>Veritatis,</strong></span> <span class='ocrx_word' id='word_1_315' title='bbox 680 3007 709 3060; x_wconf 92' lang='lat' dir='ltr'><strong>et</strong></span> <span class='ocrx_word' id='word_1_316' title='bbox 729 2999 793 3076; x_wconf 89' lang='lat' dir='ltr'><strong>ipse</strong></span> <span class='ocrx_word' id='word_1_317' title='bbox 805 2999 937 3074; x_wconf 83' lang='lat' dir='ltr'><strong>Veritas;</strong></span> <span class='ocrx_word' id='word_1_318' title='bbox 958 3007 992 3058; x_wconf 91' lang='lat' dir='ltr'><strong>ut</strong></span> <span class='ocrx_word' id='word_1_319' title='bbox 1011 2999 1060 3057; x_wconf 92' lang='lat' dir='ltr'><strong>hic</strong></span> <span class='ocrx_word' id='word_1_320' title='bbox 1080 2999 1154 3058; x_wconf 85' lang='lat' dir='ltr'><strong>ratio</strong></span> <span class='ocrx_word' id='word_1_321' title='bbox 1168 2999 1223 3058; x_wconf 90' lang='lat' dir='ltr'><strong>sub</strong></span> <span class='ocrx_word' id='word_1_322' title='bbox 1236 2997 1294 3058; x_wconf 90' lang='lat' dir='ltr'><strong>fide</strong></span> 
     </span>
     <span class='ocr_line' id='line_1_33' title="bbox 105 3077 1296 3235; baseline 0 -20"><span class='ocrx_word' id='word_1_323' title='bbox 105 3079 781 3221; x_wconf 45' lang='lat' dir='ltr'><strong>ealllllluddd.⁵1,tludlisdiirbdinlabi]oidcsdlrb&#39;rtluddm</strong></span> <span class='ocrx_word' id='word_1_324' title='bbox 774 3077 953 3235; x_wconf 64' lang='lat' dir='ltr'><strong>udderpidtddt</strong></span> <span class='ocrx_word' id='word_1_325' title='bbox 975 3155 1078 3232; x_wconf 87' lang='lat' dir='ltr'><strong>fecere,</strong></span> <span class='ocrx_word' id='word_1_326' title='bbox 1103 3163 1137 3216; x_wconf 90' lang='lat' dir='ltr'><strong>ut</strong></span> <span class='ocrx_word' id='word_1_327' title='bbox 1160 3155 1240 3215; x_wconf 88' lang='lat' dir='ltr'><strong>Deus</strong></span> <span class='ocrx_word' id='word_1_328' title='bbox 1264 3155 1296 3215; x_wconf 91' lang='lat' dir='ltr'><strong>in</strong></span> 
     </span>
     <span class='ocr_line' id='line_1_34' title="bbox 107 3233 1294 3318; baseline -0.001 -22"><span class='ocrx_word' id='word_1_329' title='bbox 107 3233 246 3316; x_wconf 83' lang='lat' dir='ltr'><strong>Scripturis</strong></span> <span class='ocrx_word' id='word_1_330' title='bbox 258 3241 385 3318; x_wconf 87' lang='lat' dir='ltr'><strong>loquens</strong></span> <span class='ocrx_word' id='word_1_331' title='bbox 399 3257 457 3297; x_wconf 92' lang='lat' dir='ltr'><strong>non</strong></span> <span class='ocrx_word' id='word_1_332' title='bbox 471 3237 509 3297; x_wconf 90' lang='lat' dir='ltr'><strong>sit</strong></span> <span class='ocrx_word' id='word_1_333' title='bbox 523 3236 644 3297; x_wconf 89' lang='lat' dir='ltr'><strong>idoneus</strong></span> <span class='ocrx_word' id='word_1_334' title='bbox 657 3238 688 3296; x_wconf 94' lang='lat' dir='ltr'><strong>in</strong></span> <span class='ocrx_word' id='word_1_335' title='bbox 699 3257 786 3296; x_wconf 86' lang='lat' dir='ltr'><strong>causa</strong></span> <span class='ocrx_word' id='word_1_336' title='bbox 796 3245 894 3296; x_wconf 87' lang='lat' dir='ltr'><strong>nostra</strong></span> <span class='ocrx_word' id='word_1_337' title='bbox 905 3235 1015 3312; x_wconf 86' lang='lat' dir='ltr'><strong>Judex,</strong></span> <span class='ocrx_word' id='word_1_338' title='bbox 1027 3235 1097 3296; x_wconf 90' lang='lat' dir='ltr'><strong>dum</strong></span> <span class='ocrx_word' id='word_1_339' title='bbox 1108 3235 1175 3295; x_wconf 89' lang='lat' dir='ltr'><strong>sciri</strong></span> <span class='ocrx_word' id='word_1_340' title='bbox 1185 3237 1294 3315; x_wconf 90' lang='lat' dir='ltr'><strong>nequit,</strong></span> 
     </span>
     <span class='ocr_line' id='line_1_35' title="bbox 107 3316 1296 3398; baseline 0.003 -25"><span class='ocrx_word' id='word_1_341' title='bbox 107 3332 152 3373; x_wconf 87' lang='lat' dir='ltr'><strong>nec</strong></span> <span class='ocrx_word' id='word_1_342' title='bbox 164 3318 223 3394; x_wconf 89' lang='lat' dir='ltr'><strong>quis</strong></span> <span class='ocrx_word' id='word_1_343' title='bbox 241 3319 349 3380; x_wconf 86' lang='lat' dir='ltr'><strong>habeat</strong></span> <span class='ocrx_word' id='word_1_344' title='bbox 372 3319 510 3398; x_wconf 91' lang='lat' dir='ltr'><strong>Spiritum</strong></span> <span class='ocrx_word' id='word_1_345' title='bbox 534 3317 563 3377; x_wconf 93' lang='lat' dir='ltr'><strong>S.</strong></span> <span class='ocrx_word' id='word_1_346' title='bbox 578 3337 632 3377; x_wconf 89' lang='lat' dir='ltr'><strong>nec</strong></span> <span class='ocrx_word' id='word_1_347' title='bbox 645 3337 683 3376; x_wconf 91' lang='lat' dir='ltr'><strong>an</strong></span> <span class='ocrx_word' id='word_1_348' title='bbox 697 3317 792 3394; x_wconf 87' lang='lat' dir='ltr'><strong>reipsa</strong></span> <span class='ocrx_word' id='word_1_349' title='bbox 812 3317 961 3376; x_wconf 85' lang='lat' dir='ltr'><strong>habeatur.</strong></span> <span class='ocrx_word' id='word_1_350' title='bbox 1004 3316 1079 3392; x_wconf 84' lang='lat' dir='ltr'><strong>Quia</strong></span> <span class='ocrx_word' id='word_1_351' title='bbox 1091 3336 1150 3375; x_wconf 90' lang='lat' dir='ltr'><strong>non</strong></span> <span class='ocrx_word' id='word_1_352' title='bbox 1164 3336 1236 3394; x_wconf 89' lang='lat' dir='ltr'><strong>opus</strong></span> <span class='ocrx_word' id='word_1_353' title='bbox 1250 3326 1296 3377; x_wconf 90' lang='lat' dir='ltr'><strong>est</strong></span> 
     </span>
     <span class='ocr_line' id='line_1_36' title="bbox 108 3392 1295 3476; baseline 0.006 -26"><span class='ocrx_word' id='word_1_354' title='bbox 108 3392 192 3455; x_wconf 89' lang='lat' dir='ltr'><strong>inhoc</strong></span> <span class='ocrx_word' id='word_1_355' title='bbox 204 3400 320 3476; x_wconf 86' lang='lat' dir='ltr'><strong>negotio</strong></span> <span class='ocrx_word' id='word_1_356' title='bbox 335 3397 409 3458; x_wconf 88' lang='lat' dir='ltr'><strong>scire</strong></span> <span class='ocrx_word' id='word_1_357' title='bbox 423 3397 587 3458; x_wconf 86' lang='lat' dir='ltr'><strong>immediate</strong></span> <span class='ocrx_word' id='word_1_358' title='bbox 601 3405 631 3457; x_wconf 89' lang='lat' dir='ltr'><strong>et</strong></span> <span class='ocrx_word' id='word_1_359' title='bbox 651 3417 669 3456; x_wconf 91' lang='lat' dir='ltr'><strong>a</strong></span> <span class='ocrx_word' id='word_1_360' title='bbox 688 3397 777 3475; x_wconf 89' lang='lat' dir='ltr'><strong>priori</strong></span> <span class='ocrx_word' id='word_1_361' title='bbox 791 3397 856 3474; x_wconf 87' lang='lat' dir='ltr'><strong>quis</strong></span> <span class='ocrx_word' id='word_1_362' title='bbox 880 3395 1018 3475; x_wconf 86' lang='lat' dir='ltr'><strong>Spiritum</strong></span> <span class='ocrx_word' id='word_1_363' title='bbox 1035 3397 1149 3475; x_wconf 86' lang='lat' dir='ltr'><strong>habeat,</strong></span> <span class='ocrx_word' id='word_1_364' title='bbox 1164 3395 1217 3456; x_wconf 88' lang='lat' dir='ltr'><strong>sed</strong></span> <span class='ocrx_word' id='word_1_365' title='bbox 1231 3407 1295 3457; x_wconf 89' lang='lat' dir='ltr'><strong>tan·</strong></span> 
     </span>
     <span class='ocr_line' id='line_1_37' title="bbox 109 3475 1295 3557; baseline 0.004 -25"><span class='ocrx_word' id='word_1_366' title='bbox 109 3479 161 3532; x_wconf 80' lang='lat' dir='ltr'><strong>um</strong></span> <span class='ocrx_word' id='word_1_367' title='bbox 180 3479 240 3554; x_wconf 89' lang='lat' dir='ltr'><strong>quis</strong></span> <span class='ocrx_word' id='word_1_368' title='bbox 259 3480 348 3557; x_wconf 83' lang='lat' dir='ltr'><strong>juxte</strong></span> <span class='ocrx_word' id='word_1_369' title='bbox 372 3477 548 3556; x_wconf 88' lang='lat' dir='ltr'><strong>Scripturam</strong></span> <span class='ocrx_word' id='word_1_370' title='bbox 569 3478 711 3554; x_wconf 89' lang='lat' dir='ltr'><strong>loquatur,</strong></span> <span class='ocrx_word' id='word_1_371' title='bbox 734 3475 812 3554; x_wconf 92' lang='lat' dir='ltr'><strong>quod</strong></span> <span class='ocrx_word' id='word_1_372' title='bbox 832 3477 882 3536; x_wconf 90' lang='lat' dir='ltr'><strong>ubi</strong></span> <span class='ocrx_word' id='word_1_373' title='bbox 903 3497 941 3536; x_wconf 89' lang='lat' dir='ltr'><strong>ex</strong></span> <span class='ocrx_word' id='word_1_374' title='bbox 964 3477 1118 3555; x_wconf 68' lang='lat' dir='ltr'><strong>Scripturas</strong></span> <span class='ocrx_word' id='word_1_375' title='bbox 1142 3477 1295 3538; x_wconf 88' lang='lat' dir='ltr'><strong>collatione</strong></span> 
     </span>
     <span class='ocr_line' id='line_1_38' title="bbox 111 3549 1296 3637; baseline 0.008 -28"><span class='ocrx_word' id='word_1_376' title='bbox 111 3549 225 3632; x_wconf 83' lang='lat' dir='ltr'><strong>innotuit,</strong></span> <span class='ocrx_word' id='word_1_377' title='bbox 240 3557 323 3618; x_wconf 87' lang='lat' dir='ltr'><strong>facile</strong></span> <span class='ocrx_word' id='word_1_378' title='bbox 334 3557 461 3637; x_wconf 87' lang='lat' dir='ltr'><strong>judicari</strong></span> <span class='ocrx_word' id='word_1_379' title='bbox 474 3565 570 3636; x_wconf 87' lang='lat' dir='ltr'><strong>potest</strong></span> <span class='ocrx_word' id='word_1_380' title='bbox 584 3557 773 3635; x_wconf 88' lang='lat' dir='ltr'><strong>aposteriori,</strong></span> <span class='ocrx_word' id='word_1_381' title='bbox 789 3557 854 3634; x_wconf 87' lang='lat' dir='ltr'><strong>quis</strong></span> <span class='ocrx_word' id='word_1_382' title='bbox 870 3557 994 3635; x_wconf 88' lang='lat' dir='ltr'><strong>Spiritus</strong></span> <span class='ocrx_word' id='word_1_383' title='bbox 1008 3558 1098 3618; x_wconf 86' lang='lat' dir='ltr'><strong>verba</strong></span> <span class='ocrx_word' id='word_1_384' title='bbox 1110 3566 1253 3636; x_wconf 84' lang='lat' dir='ltr'><strong>proponet</strong></span> <span class='ocrx_word' id='word_1_385' title='bbox 1266 3567 1296 3619; x_wconf 86' lang='lat' dir='ltr'><strong>et</strong></span> 
     </span>
     <span class='ocr_line' id='line_1_39' title="bbox 112 3629 1295 3723; baseline 0.002 -29"><span class='ocrx_word' id='word_1_386' title='bbox 112 3629 208 3723; x_wconf 43' lang='lat' dir='ltr'><strong>,abipso</strong></span> <span class='ocrx_word' id='word_1_387' title='bbox 220 3637 362 3714; x_wconf 84' lang='lat' dir='ltr'><strong>loquatur.</strong></span> <span class='ocrx_word' id='word_1_388' title='bbox 405 3639 452 3698; x_wconf 88' lang='lat' dir='ltr'><strong>Ita</strong></span> <span class='ocrx_word' id='word_1_389' title='bbox 466 3638 637 3697; x_wconf 84' lang='lat' dir='ltr'><strong>Beroeenses</strong></span> <span class='ocrx_word' id='word_1_390' title='bbox 650 3657 708 3696; x_wconf 89' lang='lat' dir='ltr'><strong>non</strong></span> <span class='ocrx_word' id='word_1_391' title='bbox 729 3637 912 3714; x_wconf 84' lang='lat' dir='ltr'><strong>inquirebant</strong></span> <span class='ocrx_word' id='word_1_392' title='bbox 926 3657 943 3696; x_wconf 89' lang='lat' dir='ltr'><strong>a</strong></span> <span class='ocrx_word' id='word_1_393' title='bbox 955 3637 1052 3716; x_wconf 88' lang='lat' dir='ltr'><strong>priori,</strong></span> <span class='ocrx_word' id='word_1_394' title='bbox 1068 3658 1104 3697; x_wconf 86' lang='lat' dir='ltr'><strong>en</strong></span> <span class='ocrx_word' id='word_1_395' title='bbox 1121 3639 1230 3697; x_wconf 90' lang='lat' dir='ltr'><strong>Paulus</strong></span> <span class='ocrx_word' id='word_1_396' title='bbox 1244 3637 1295 3714; x_wconf 88' lang='lat' dir='ltr'><strong>qni</strong></span> 
     </span>
     <span class='ocr_line' id='line_1_40' title="bbox 112 3708 1293 3798; baseline 0.005 -30"><span class='ocrx_word' id='word_1_397' title='bbox 112 3708 387 3778; x_wconf 77' lang='lat' dir='ltr'><strong>dlaconciouabatnr</strong></span> <span class='ocrx_word' id='word_1_398' title='bbox 407 3737 424 3776; x_wconf 88' lang='lat' dir='ltr'><strong>a</strong></span> <span class='ocrx_word' id='word_1_399' title='bbox 446 3717 555 3796; x_wconf 89' lang='lat' dir='ltr'><strong>Spiritu</strong></span> <span class='ocrx_word' id='word_1_400' title='bbox 578 3717 607 3777; x_wconf 85' lang='lat' dir='ltr'><strong>S.</strong></span> <span class='ocrx_word' id='word_1_401' title='bbox 629 3725 770 3794; x_wconf 86' lang='lat' dir='ltr'><strong>ageretur,</strong></span> <span class='ocrx_word' id='word_1_402' title='bbox 786 3717 855 3794; x_wconf 90' lang='lat' dir='ltr'><strong>quia</strong></span> <span class='ocrx_word' id='word_1_403' title='bbox 874 3718 929 3777; x_wconf 92' lang='lat' dir='ltr'><strong>hoc</strong></span> <span class='ocrx_word' id='word_1_404' title='bbox 951 3717 1006 3776; x_wconf 90' lang='lat' dir='ltr'><strong>soli</strong></span> <span class='ocrx_word' id='word_1_405' title='bbox 1027 3719 1091 3778; x_wconf 91' lang='lat' dir='ltr'><strong>Deo</strong></span> <span class='ocrx_word' id='word_1_406' title='bbox 1161 3716 1293 3798; x_wconf 58' lang='lat' dir='ltr'><strong>tamin,</strong></span> 
     </span>
     <span class='ocr_line' id='line_1_41' title="bbox 113 3791 1294 3876; baseline 0.002 -24"><span class='ocrx_word' id='word_1_407' title='bbox 113 3791 218 3870; x_wconf 68' lang='lat' dir='ltr'><strong>pubet,</strong></span> <span class='ocrx_word' id='word_1_408' title='bbox 233 3797 283 3855; x_wconf 83' lang='lat' dir='ltr'><strong>sed</strong></span> <span class='ocrx_word' id='word_1_409' title='bbox 297 3817 336 3856; x_wconf 88' lang='lat' dir='ltr'><strong>an</strong></span> <span class='ocrx_word' id='word_1_410' title='bbox 350 3797 458 3858; x_wconf 88' lang='lat' dir='ltr'><strong>Paulus</strong></span> <span class='ocrx_word' id='word_1_411' title='bbox 469 3799 557 3876; x_wconf 86' lang='lat' dir='ltr'><strong>juxte</strong></span> <span class='ocrx_word' id='word_1_412' title='bbox 572 3797 734 3874; x_wconf 86' lang='lat' dir='ltr'><strong>Scripturas</strong></span> <span class='ocrx_word' id='word_1_413' title='bbox 747 3797 929 3874; x_wconf 81' lang='lat' dir='ltr'><strong>loqueretur3</strong></span> <span class='ocrx_word' id='word_1_414' title='bbox 951 3796 1029 3857; x_wconf 88' lang='lat' dir='ltr'><strong>undo</strong></span> <span class='ocrx_word' id='word_1_415' title='bbox 1043 3818 1080 3856; x_wconf 84' lang='lat' dir='ltr'><strong>ex</strong></span> <span class='ocrx_word' id='word_1_416' title='bbox 1095 3817 1128 3857; x_wconf 93' lang='lat' dir='ltr'><strong>co</strong></span> <span class='ocrx_word' id='word_1_417' title='bbox 1161 3798 1294 3856; x_wconf 86' lang='lat' dir='ltr'><strong>ormitate</strong></span> 
     </span>
     <span class='ocr_line' id='line_1_42' title="bbox 114 3873 1294 3956; baseline 0.003 -24"><span class='ocrx_word' id='word_1_418' title='bbox 114 3883 168 3926; x_wconf 66' lang='lat' dir='ltr'><strong>tum</strong></span> <span class='ocrx_word' id='word_1_419' title='bbox 193 3873 335 3952; x_wconf 85' lang='lat' dir='ltr'><strong>Scriptura</strong></span> <span class='ocrx_word' id='word_1_420' title='bbox 356 3877 532 3956; x_wconf 84' lang='lat' dir='ltr'><strong>colligebant</strong></span> <span class='ocrx_word' id='word_1_421' title='bbox 555 3897 622 3937; x_wconf 90' lang='lat' dir='ltr'><strong>eum</strong></span> <span class='ocrx_word' id='word_1_422' title='bbox 645 3895 704 3935; x_wconf 88' lang='lat' dir='ltr'><strong>non</strong></span> <span class='ocrx_word' id='word_1_423' title='bbox 726 3894 744 3934; x_wconf 83' lang='lat' dir='ltr'><strong>a</strong></span> <span class='ocrx_word' id='word_1_424' title='bbox 768 3878 872 3954; x_wconf 89' lang='lat' dir='ltr'><strong>seipso,</strong></span> <span class='ocrx_word' id='word_1_425' title='bbox 898 3877 950 3936; x_wconf 92' lang='lat' dir='ltr'><strong>sed</strong></span> <span class='ocrx_word' id='word_1_426' title='bbox 972 3897 990 3934; x_wconf 88' lang='lat' dir='ltr'><strong>a</strong></span> <span class='ocrx_word' id='word_1_427' title='bbox 1013 3876 1122 3954; x_wconf 91' lang='lat' dir='ltr'><strong>Spiritu</strong></span> <span class='ocrx_word' id='word_1_428' title='bbox 1149 3878 1177 3936; x_wconf 90' lang='lat' dir='ltr'><strong>S.</strong></span> <span class='ocrx_word' id='word_1_429' title='bbox 1203 3875 1294 3950; x_wconf 87' lang='lat' dir='ltr'><strong>loqui.</strong></span> 
     </span>
     <span class='ocr_line' id='line_1_43' title="bbox 116 3943 1294 4034; baseline 0.007 -32"><span class='ocrx_word' id='word_1_430' title='bbox 116 3943 299 4014; x_wconf 78' lang='lat' dir='ltr'><strong>l&#39;oncludimus</strong></span> <span class='ocrx_word' id='word_1_431' title='bbox 318 3958 413 4016; x_wconf 88' lang='lat' dir='ltr'><strong>aureis</strong></span> <span class='ocrx_word' id='word_1_432' title='bbox 428 3957 529 4015; x_wconf 88' lang='lat' dir='ltr'><strong>Basilii</strong></span> <span class='ocrx_word' id='word_1_433' title='bbox 552 3954 610 4034; x_wconf 90' lang='lat' dir='ltr'><strong>(ep.</strong></span> <span class='ocrx_word' id='word_1_434' title='bbox 625 3957 673 4031; x_wconf 84' lang='lat'><strong>80,</strong></span> <span class='ocrx_word' id='word_1_435' title='bbox 689 3955 727 4014; x_wconf 86' lang='lat' dir='ltr'><strong>ed</strong></span> <span class='ocrx_word' id='word_1_436' title='bbox 742 3955 842 4015; x_wconf 82' lang='lat' dir='ltr'><strong>Eusta.</strong></span> <span class='ocrx_word' id='word_1_437' title='bbox 858 3955 1019 4032; x_wconf 72' lang='lat' dir='ltr'><strong>Medicum)</strong></span> <span class='ocrx_word' id='word_1_438' title='bbox 1034 3956 1148 4030; x_wconf 83' lang='lat' dir='ltr'><strong>verbis;</strong></span> <span class='ocrx_word' id='word_1_439' title='bbox 1171 3957 1214 4013; x_wconf 71' lang='lat' dir='ltr'><strong>ata</strong></span> <span class='ocrx_word' id='word_1_440' title='bbox 1229 3955 1294 4018; x_wconf 60' lang='lat' dir='ltr'><strong>atel</strong></span> 
     </span>
     <span class='ocr_line' id='line_1_44' title="bbox 116 4023 1294 4118; baseline -0.004 -21"><span class='ocrx_word' id='word_1_441' title='bbox 116 4023 250 4114; x_wconf 38' lang='grc' dir='ltr'><strong>ΜΝ</strong></span> <span class='ocrx_word' id='word_1_442' title='bbox 265 4036 319 4110; x_wconf 60' lang='lat' dir='ltr'><strong>iot·</strong></span> <span class='ocrx_word' id='word_1_443' title='bbox 340 4034 489 4100; x_wconf 57' lang='lat' dir='ltr'><strong>doncamiro</strong></span> <span class='ocrx_word' id='word_1_444' title='bbox 505 4039 601 4118; x_wconf 64' lang='grc' dir='ltr'><strong><em>γςιφῆ,</em></strong></span> <span class='ocrx_word' id='word_1_445' title='bbox 619 4041 664 4094; x_wconf 71' lang='grc' dir='ltr'><strong>καὶ</strong></span> <span class='ocrx_word' id='word_1_446' title='bbox 681 4034 740 4112; x_wconf 69' lang='grc' dir='ltr'><strong>παρ’</strong></span> <span class='ocrx_word' id='word_1_447' title='bbox 754 4033 786 4102; x_wconf 67' lang='grc' dir='ltr'><strong>οἷς</strong></span> <span class='ocrx_word' id='word_1_448' title='bbox 805 4036 836 4096; x_wconf 73' lang='grc' dir='ltr'><strong>α’ἷν</strong></span> <span class='ocrx_word' id='word_1_449' title='bbox 856 4039 930 4116; x_wconf 58' lang='lat' dir='ltr'><strong>adpetit</strong></span> <span class='ocrx_word' id='word_1_450' title='bbox 944 4036 980 4093; x_wconf 73' lang='grc' dir='ltr'><strong>ταί</strong></span> <span class='ocrx_word' id='word_1_451' title='bbox 997 4033 1117 4105; x_wconf 56' lang='lat' dir='ltr'><strong>divum</strong></span> <span class='ocrx_word' id='word_1_452' title='bbox 1132 4033 1225 4093; x_wconf 69' lang='lat' dir='ltr'><strong>obolo</strong></span> <span class='ocrx_word' id='word_1_453' title='bbox 1244 4039 1294 4100; x_wconf 77' lang='grc' dir='ltr'><strong>τοῖς</strong></span> 
     </span>
     <span class='ocr_line' id='line_1_45' title="bbox 117 4103 1294 4190; baseline 0.002 -19"><span class='ocrx_word' id='word_1_454' title='bbox 117 4103 174 4171; x_wconf 61' lang='lat'><strong>3³⁰«</strong></span> <span class='ocrx_word' id='word_1_455' title='bbox 192 4112 278 4184; x_wconf 64' lang='lat' dir='ltr'><strong>&gt;dm</strong></span> <span class='ocrx_word' id='word_1_456' title='bbox 292 4117 333 4174; x_wconf 74' lang='lat' dir='ltr'><strong>brt</strong></span> <span class='ocrx_word' id='word_1_457' title='bbox 354 4117 444 4182; x_wconf 66' lang='grc' dir='ltr'><strong>ποίησις</strong></span> <span class='ocrx_word' id='word_1_458' title='bbox 464 4117 633 4190; x_wconf 60' lang='grc' dir='ltr'><strong>ὅξιιιπᾶηυς</strong></span> <span class='ocrx_word' id='word_1_459' title='bbox 653 4117 665 4180; x_wconf 70' lang='grc' dir='ltr'><strong><em>ἦ</em></strong></span> <span class='ocrx_word' id='word_1_460' title='bbox 683 4119 742 4175; x_wconf 71' lang='lat' dir='ltr'><strong>Suis</strong></span> <span class='ocrx_word' id='word_1_461' title='bbox 759 4122 801 4182; x_wconf 69' lang='lat' dir='ltr'><strong>rie</strong></span> <span class='ocrx_word' id='word_1_462' title='bbox 822 4119 936 4180; x_wconf 72' lang='grc' dir='ltr'>ἅληδυίς</span> <span class='ocrx_word' id='word_1_463' title='bbox 956 4115 1051 4186; x_wconf 60' lang='lat' dir='ltr'><strong>W*</strong></span> <span class='ocrx_word' id='word_1_464' title='bbox 1093 4116 1208 4173; x_wconf 78' lang='lat' dir='ltr'><strong>Jodieet</strong></span> <span class='ocrx_word' id='word_1_465' title='bbox 1227 4134 1294 4190; x_wconf 70' lang='lat' dir='ltr'><strong>erqo</strong></span> 
     </span>
     <span class='ocr_line' id='line_1_46' title="bbox 118 4185 1294 4278; baseline 0.003 -26"><span class='ocrx_word' id='word_1_466' title='bbox 118 4185 179 4278; x_wconf 51' lang='lat' dir='ltr'><strong>&#39;¹¹²⁶ss</strong></span> <span class='ocrx_word' id='word_1_467' title='bbox 191 4192 312 4253; x_wconf 56' lang='lat' dir='ltr'><strong>maiae</strong></span> <span class='ocrx_word' id='word_1_468' title='bbox 325 4195 465 4273; x_wconf 54' lang='lat' dir='ltr'><strong>maphate</strong></span> <span class='ocrx_word' id='word_1_469' title='bbox 477 4199 637 4275; x_wconf 77' lang='lat' dir='ltr'><strong>Scnptura,</strong></span> <span class='ocrx_word' id='word_1_470' title='bbox 657 4206 684 4256; x_wconf 88' lang='lat' dir='ltr'><strong>et</strong></span> <span class='ocrx_word' id='word_1_471' title='bbox 699 4199 781 4274; x_wconf 85' lang='lat' dir='ltr'><strong>apud</strong></span> <span class='ocrx_word' id='word_1_472' title='bbox 797 4215 866 4272; x_wconf 80' lang='lat' dir='ltr'><strong>quos</strong></span> <span class='ocrx_word' id='word_1_473' title='bbox 880 4205 1022 4270; x_wconf 80' lang='lat' dir='ltr'><strong>comperto</strong></span> <span class='ocrx_word' id='word_1_474' title='bbox 1034 4195 1147 4269; x_wconf 64' lang='lat' dir='ltr'><strong>,demut</strong></span> <span class='ocrx_word' id='word_1_475' title='bbox 1160 4197 1294 4272; x_wconf 74' lang='grc' dir='ltr'><em>ἀοφηαία</em></span> 
     </span>
     <span class='ocr_line' id='line_1_47' title="bbox 120 4259 1046 4354; baseline -0.01 -13"><span class='ocrx_word' id='word_1_476' title='bbox 120 4259 251 4340; x_wconf 50' lang='lat' dir='ltr'><strong>&amp;Woe</strong></span> <span class='ocrx_word' id='word_1_477' title='bbox 262 4277 451 4353; x_wconf 68' lang='lat' dir='ltr'><strong>cumcuma,</strong></span> <span class='ocrx_word' id='word_1_478' title='bbox 467 4297 563 4337; x_wconf 70' lang='lat' dir='ltr'><strong>emam</strong></span> <span class='ocrx_word' id='word_1_479' title='bbox 571 4295 694 4354; x_wconf 75' lang='lat' dir='ltr'><strong>prorue</strong></span> <span class='ocrx_word' id='word_1_480' title='bbox 707 4285 763 4335; x_wconf 81' lang='lat' dir='ltr'><strong>esto</strong></span> <span class='ocrx_word' id='word_1_481' title='bbox 776 4275 902 4336; x_wconf 63' lang='lat' dir='ltr'><strong>oet-itaut</strong></span> <span class='ocrx_word' id='word_1_482' title='bbox 915 4276 1046 4334; x_wconf 75' lang='lat' dir='ltr'><strong>calcelus.</strong></span> 
     </span>
    </p>
   </div>
   <div class='ocr_carea' id='block_1_6' title="bbox 0 0 1593 5178">
    <p class='ocr_par' dir='ltr' id='par_1_6' title="bbox 0 0 1593 5178">
     <span class='ocr_line' id='line_1_48' title="bbox 0 0 1593 5178; baseline 0 0"><span class='ocrx_word' id='word_1_483' title='bbox 0 0 1593 5178; x_wconf 95' lang='lat' dir='ltr'><strong> </strong></span> 
     </span>
    </p>
   </div>
  </div>
 </body>
</html>
