3250 5176
182 399 295 450 eomer.
310 378 368 462 ιι]
630 398 669 438 ιι
684 397 791 440 ιιιιιο
804 397 953 440 nestram.
1324 375 1382 437 613

183 562 245 602 sam
259 542 289 600 id
303 540 410 681 elligere
423 539 555 619 possint:
577 538 701 619 denique
715 548 748 600 ut
768 539 793 598 si
814 538 920 618 eligere
936 539 1044 600 bonum
1058 537 1211 616 noluerint,
1226 533 1384 599 reddentur

183 642 322 682 mexcusa
364 641 404 681 es.

225 702 355 761 XXIII.
376 703 527 777 Recepto
536 699 592 758 Dei
606 719 664 758 non
678 707 746 760 sunt
759 719 891 758 mensura
904 699 1015 775 cisium,
1031 699 1082 760 sed
1095 702 1196 778 regulo
1206 699 1304 774 affici,-
1324 717 1383 758 non

184 781 289 842 docent
302 781 374 859 quid
386 800 463 840 nnnc
476 779 629 858 possimus,
645 779 696 840 sed
714 780 784 858 quid
802 779 967 856 debeamus,
983 780 1096 858 etquid
1110 781 1178 840 olim
1197 779 1384 859 potuerimus,

184 872 214 921 et
227 871 335 939 quanto
345 861 468 938 justitia
482 861 606 920 culmine
620 860 796 937 perlapsum
811 859 919 918 Adami
933 860 1023 919 simus
1037 860 1175 919 devoluti.
1197 861 1258 918 Nec
1273 878 1386 936 semper

184 961 285 1001 verum
296 949 341 1000 est
350 941 459 1018 injusta
472 959 535 1000 esse
545 949 697 1018 praecepta,
709 960 774 1017 que
784 961 843 999 non
851 949 973 1018 possunt
982 939 1094 1018 impleri
1105 961 1112 1016 3
1129 939 1171 1000 Ut
1181 939 1384 1033 intemperans,

185 1023 236 1100 qui
250 1020 457 1080 consuetudine
471 1021 577 1080 cellum
592 1019 722 1096 obduxit,
738 1040 792 1079 nec
805 1028 901 1098 potest
915 1020 971 1079 sibi
984 1027 1143 1098 temperare
1162 1039 1180 1078 a
1198 1019 1319 1079 libidine
1335 1027 1387 1078 aut

184 1101 310 1179 crapula,
326 1099 532 1160 consuetudine
546 1120 631 1159 verse
644 1101 675 1158 in
689 1109 828 1176 naturam,
845 1100 1008 1159 sobrietatis
1021 1109 1119 1159 tamen
1139 1109 1169 1159 et
1188 1099 1385 1178 temperantia

185 1181 301 1258 legibus
315 1179 529 1256 constringitur.
552 1180 601 1238 Sic
614 1179 780 1256 adstitere,
790 1181 841 1257 qui
854 1179 993 1258 grandem
1006 1180 1157 1258 pecuniam
1171 1179 1275 1239 foenori
1288 1199 1385 1257 sump-

187 1271 247 1320 tam
261 1260 324 1318 alea
338 1259 462 1335 decoxit,
477 1278 536 1318 non
549 1259 655 1320 frustra
667 1280 721 1320 nec
735 1261 842 1339 injuste
856 1261 983 1338 exigitur
997 1259 1076 1336 quod
1094 1260 1188 1335 debet,
1203 1279 1257 1319 nec
1270 1279 1322 1338 per
1335 1260 1384 1318 de·
1500 1311 1502 1314 .

186 1340 289 1400 bitoris
299 1340 394 1399 scelus
407 1339 531 1398 creditor
540 1340 591 1417 jus
602 1359 685 1400 suum
700 1341 805 1400 amisit.
827 1341 899 1400 Cum
914 1360 983 1417 ergo
993 1339 1080 1398 homo
1092 1359 1144 1398 sua
1154 1339 1211 1398 sibi
1224 1339 1310 1418 culpa
1317 1358 1385 1399 con·

185 1419 307 1480 traxerit
320 1419 517 1497 impotentiam
531 1420 709 1498 obsequendi
724 1421 796 1496 Deo,
811 1439 869 1479 non
883 1420 989 1479 frustra
1012 1439 1065 1478 nec
1082 1419 1189 1496 injuste
1205 1418 1286 1478 Deus
1299 1420 1337 1478 ab
1351 1439 1386 1478 eo

186 1499 314 1578 postulat
327 1498 519 1558 obedientiam
533 1519 619 1577 quem
634 1499 729 1559 debet.
774 1500 887 1577 Quippe
907 1518 966 1557 non
987 1517 1101 1576 equum
1115 1507 1168 1574 est,
1182 1505 1216 1556 ut
1235 1507 1386 1575 peccatum

186 1579 312 1639 hominis
325 1579 368 1637 illi
382 1580 481 1656 prosit,
497 1587 527 1638 et
540 1579 606 1637 ideo
620 1579 659 1638 sit
672 1579 767 1654 exlex,
782 1579 852 1656 quia
864 1579 926 1657 ipse
940 1597 971 1638 se
985 1597 1038 1637 suo
1053 1578 1160 1637 scelere
1174 1579 1310 1657 corrupit.

227 1659 353 1719 XXIV.
369 1659 451 1717 Licet
465 1659 551 1718 homo
565 1677 624 1717 non
636 1657 729 1736 possit
742 1659 861 1737 implere
874 1658 1010 1718 mandate
1021 1677 1085 1736 que
1098 1657 1142 1716 illi
1155 1658 1304 1735 ferrmtur3
1319 1659 1348 1718 N
1348 1679 1386 1719 on

186 1747 308 1819 possunt
321 1747 418 1798 tamen
432 1736 491 1798 dici
510 1757 574 1796 esse
594 1738 716 1814 inutilia,
731 1739 799 1817 quia
812 1739 899 1798 finem
920 1759 939 1797 a
952 1740 1016 1798 Deo
1029 1739 1172 1798 intentum
1186 1756 1299 1816 semper
1312 1740 1385 1800 obti-

186 1828 266 1894 nent,
281 1819 375 1897 qualis
389 1826 442 1892 est,
465 1822 491 1878 1.
506 1819 528 1878 J
529 1818 589 1876 uris
604 1818 668 1895 Dei,
684 1826 714 1878 et
727 1819 852 1878 hominis
865 1818 951 1878 officii
964 1819 1197 1897 representatio;
1219 1823 1247 1878 2.
1263 1819 1385 1897 Regula

184 1899 306 1978 justitiae
319 1899 486 1977 propositio,
501 1919 538 1957 ιι
551 1899 617 1975 quis
630 1899 756 1977 peccatis
777 1899 837 1958 suis
858 1897 997 1958 obtendat
1017 1899 1226 1976 ignorantiam
1249 1903 1277 1959 3.
1288 1899 1384 1994 Impo

186 1980 284 2040 tentiae
298 1988 404 2038 nostres
425 1977 577 2054 convictio,
592 1986 626 2038 nt
646 1999 680 2038 ea
700 1979 799 2057 agnita
815 1979 963 2038 ardentius
984 1979 1084 2056 gretiae
1104 1978 1245 2038 auxilium
1259 1999 1386 2056 reqmra·

187 2080 261 2135 mus,
276 2059 355 2136 quod
369 2059 562 2136 Augustinus,
583 2059 634 2118 lib.
650 2059 686 2117 de
700 2068 821 2136 corrept.
843 2067 872 2118 et
893 2067 966 2136 grat.
988 2066 1088 2118 contre
1103 2058 1230 2136 Pelagia.
1251 2066 1345 2136 urget,
1361 2081 1386 2123 c.

187 2140 229 2200 iii.
245 2142 263 2174 ‘⁴
278 2139 304 2200 Ο
317 2139 412 2216 homo,
427 2139 458 2197 in
471 2139 662 2217 preceptione
682 2159 825 2217 cognosce
839 2137 910 2216 quid
923 2138 1029 2198 debeas
1049 2157 1145 2217 agere,
1162 2139 1197 2196 In
1211 2139 1388 2201 correctione

187 2227 394 2358 liglififli
407 2217 1388 2377 tt{tt&titt-‘tstutttttttttttttttttmtd

187 2378 1390 2538 :tttpttttttttttttmtttdtttttttttttttttttttt}

188 2545 217 2601 2.
232 2539 283 2599 Ad
297 2559 369 2618 opus
383 2539 477 2618 ipsum
491 2539 716 2618 regenerationIs
730 2539 924 2600 inchoandum
938 2548 967 2600 et
980 2540 1216 2619 promovendum,
1227 2539 1295 2618 quia
1307 2559 1389 2600 man·

188 2621 257 2680 deta
271 2620 450 2696 Evangelica
463 2639 521 2679 non
535 2628 647 2680 tantum
669 2628 736 2680 sunt
750 2621 926 2698 imperatam,
949 2621 1001 2680 sed
1021 2629 1051 2680 et
1067 2622 1222 2699 οριναιιια,
1237 2641 1302 2700 quas
1323 2641 1389 2681 cum

189 2700 275 2760 officii
288 2699 504 2777 praescriptione
524 2701 632 2760 habent
651 2701 713 2759 vim
736 2700 868 2778 Spiritus,
884 2721 949 2778 quac
969 2701 1048 2762 intus
1070 2711 1205 2780 operatur
1223 2700 1302 2779 quod
1320 2701 1391 2762 foris

186 2781 280 2858 jubet.
303 2777 406 2852 Quoad
418 2779 522 2856 impios
536 2800 614 2856 vero,
630 2780 754 2840 tendunt
766 2781 910 2856 mandata,
925 2781 1018 2858 primo
1033 2781 1071 2839 ad
1084 2783 1279 2860 cognitionem
1293 2781 1388 2858 officii,

189 2869 219 2918 et
232 2855 409 2935 impotentia
423 2877 502 2934 suae;
524 2863 552 2916 2.
564 2858 614 2917 Ad
628 2859 841 2937 prestationem
855 2860 1026 2919 obedientias
1043 2869 1179 2934 externas,
1189 2881 1254 2938 quae
1268 2859 1305 2919 ab
1319 2861 1391 2939 ipsis

189 2939 253 2998 fieri
266 2945 412 3015 utcunque
425 2945 529 3014 potest,
545 2937 631 2996 Rom.
645 2939 675 2996 ii.
693 2942 738 3013 14,
757 2941 803 2996 15.
832 2942 860 2997 3.
873 2937 923 2996 Ad
936 2939 1157 3017 patefactionem
1171 2940 1288 2999 latentis
1298 2939 1389 3018 hypo·

189 3018 273 3078 crisis
286 3027 316 3077 et
329 3016 455 3092 malitiae,
471 3025 500 3074 et
514 3014 552 3075 ad
565 3017 692 3094 ipsorum
706 3017 899 3091 dssaeoatyms,
915 3026 944 3076 et
953 3019 1063 3095 justam
1078 3018 1300 3078 damnationem.

230 3097 339 3157 XXV.
359 3097 410 3154 Ad
421 3097 586 3173 impossibile
609 3117 689 3156 censo
711 3107 827 3174 tenerier,
845 3100 871 3156 l.
887 3097 972 3171 Quod
992 3107 1037 3157 est
1049 3099 1172 3157 αιιοιιιιι
1185 3105 1215 3156 et
1227 3097 1390 3174 simpliciter

190 3182 254 3255 tale,
269 3177 344 3238 etin
358 3177 436 3236 omni
450 3185 536 3253 statu,
551 3177 590 3235 ad
602 3177 682 3254 quod
694 3177 781 3236 homo
794 3197 848 3236 nec
868 3177 957 3236 habet
969 3197 1055 3254 nunc,
1070 3197 1123 3237 nec
1144 3197 1271 3255 unquam
1290 3178 1393 3239 habuit

190 3259 365 3338 potentiam3
388 3257 512 3316 sednon
525 3257 604 3316 velet
617 3255 654 3316 de
668 3277 711 3333 eo,
724 3257 803 3335 quod
822 3257 881 3316 tale
895 3267 940 3317 est
960 3256 1116 3317 secundum
1131 3257 1211 3336 quid,
1226 3265 1256 3318 et
1269 3257 1300 3315 in
1314 3267 1392 3318 certo

190 3346 303 3398 tantum
317 3346 402 3414 staur,
413 3337 508 3414 qualis
521 3345 566 3396 ιιι
579 3337 748 3415 impotentia
757 3338 926 3416 peccatoris.
948 3341 976 3396 2.
987 3336 1076 3396 Valet
1090 3337 1125 3396 de
1136 3338 1298 3413 impossrtrli
1303 3341 1394 3414 plane

191 3418 386 3494 involuntario,
402 3427 432 3476 et
445 3437 520 3476 merc
528 3418 653 3493 physico,
669 3416 748 3494 quod
762 3417 861 3493 oritur,
875 3418 924 3476 vel
945 3437 982 3476 ex
996 3417 1152 3494 coactione,
1167 3426 1200 3477 ut
1213 3417 1264 3496 qui
1277 3416 1394 3477 vinctus

192 3497 301 3556 catenis
315 3516 428 3556 currere
441 3516 500 3555 ιοι
513 3504 617 3575 potest,
632 3497 681 3556 sel
695 3517 733 3556 err
747 3497 861 3557 defectu
874 3497 1010 3575 potentie
1021 3497 1168 3574 naturalis,
1181 3497 1275 3576 qualis
1285 3505 1330 3557 est
1340 3497 1393 3555 im·

192 3576 321 3654 potentia
335 3575 365 3633 in
379 3596 455 3634 caco
469 3575 596 3652 videndi,
611 3577 642 3634 in
655 3585 769 3637 mortuo
783 3576 962 3656 resurgendi.
1006 3576 1064 3636 Sed
1077 3597 1136 3637 non
1149 3578 1229 3638 valet
1242 3577 1278 3638 de
1292 3577 1395 3656 sinpos-

192 3656 265 3716 sibili
277 3655 423 3733 imems'np
445 3665 475 3715 et
494 3659 661 3734 voluntario,
677 3657 755 3735 quod
776 3657 866 3717 oritur
886 3676 924 3717 ex
946 3655 1152 3734 depravatione
1165 3657 1342 3734 facultatum,
1365 3665 1396 3717 et

83 3810 89 3823 Χ
193 3736 271 3814 quod
285 3735 471 3814 conjunctum
485 3745 530 3796 est
550 3757 616 3796 cum
634 3757 740 3815 magna
760 3738 849 3796 enimi
862 3737 1001 3811 lubentia,
1016 3737 1110 3812 qualis
1124 3745 1168 3795 est
1181 3734 1308 3813 ὶδωιμιι
1327 3757 1394 3815 pec-

192 3817 307 3875 catoris.
349 3815 431 3875 licet
445 3835 514 3894 ergo
534 3815 641 3876 frustra
651 3817 789 3894 jubeatur
808 3835 902 3875 caecus
915 3815 1023 3889 videre,
1039 3823 1069 3874 et
1088 3823 1218 3874 mortuus
1236 3837 1395 3894 resurgere,

192 3915 246 3954 nec
260 3895 408 3974 objurgari
426 3897 526 3973 possit,
542 3896 620 3973 quod
640 3916 699 3955 non
712 3897 819 3972 rideat,
833 3896 883 3954 vel
902 3903 1044 3972 resurgat,
1066 3893 1133 3954 Non
1152 3894 1270 3972 perinde
1291 3896 1398 3956 frustra

189 3975 311 4053 jubetur
322 3983 457 4052 peccator
470 3995 502 4034 se
510 3984 692 4050 convertere3
707 3976 775 4052 quia
789 3994 882 4035 caeeus
896 3975 1002 4033 amissa
1010 3974 1145 4034 facultate
1156 3973 1275 4034 videndi
1283 3995 1343 4036 non
1353 3983 1395 4035 te·

193 4063 279 4114 netur
291 4057 414 4133 amplius
428 4053 537 4130 ridere,
553 4075 606 4114 nec
619 4063 749 4114 mortuus
763 4055 869 4113 amissa
879 4055 942 4113 vita
954 4063 1069 4114 tenetur
1082 4075 1145 4114 eam
1160 4055 1216 4114 sibi
1230 4055 1395 4134 restituere;

194 4135 247 4196 sed
260 4135 340 4194 nulla
353 4144 398 4195 est
411 4135 537 4194 hominis
550 4134 727 4212 impotentia,
738 4154 802 4212 quas
816 4153 882 4193 eum
893 4153 910 4192 a
921 4134 1019 4193 debito
1028 4135 1198 4194 obedientie
1214 4135 1271 4194 Dei
1278 4136 1398 4195 eximat

236 4215 361 4274 XXVI.
384 4215 432 4272 Ex
446 4215 543 4273 verbis
558 4215 615 4274 Dei
636 4215 674 4273 sd
688 4215 818 4290 Caluum,
835 4213 910 4273 Gen.
924 4214 965 4272 iv.
980 4218 1007 4290 7,
1023 4214 1096 4272 nihil
1117 4215 1183 4274 elici
1202 4223 1299 4293 potest
1319 4215 1398 4292 quod

195 4293 292 4351 faveat
305 4293 417 4353 viribus
429 4294 514 4353 liberi
528 4294 647 4354 arbitrii.
689 4294 750 4354 Nec
764 4315 854 4372 quum
867 4293 1026 4371 interrogat
1039 4294 1143 4372 ipsum,
1159 4315 1248 4371 qum
1253 4296 1350 4372 fiatri
1358 4295 1397 4352 ir-

196 4381 260 4430 aas
273 4375 365 4431 reret!
395 4373 470 4448 Quia
482 4374 572 4434 verba
592 4375 648 4433 ista
668 4374 825 4434 ostendunt
837 4374 963 4452 quidem,
979 4373 1058 4451 quod
1078 4393 1194 4433 causam
1208 4383 1237 4432 et
1257 4374 1399 4433 rationem

197 4451 340 4510 irascendi
353 4469 411 4510 non
425 4453 567 4528 habuerit,
582 4453 633 4512 sed
646 4473 704 4514 non
715 4453 842 4514 inferunt
855 4454 982 4531 praecise,
993 4453 1071 4532 qnod
1083 4453 1191 4512 Carnus
1204 4453 1330 4530 potuerit
1339 4473 1399 4514 non

197 4529 292 4588 irasci.
320 4530 443 4608 Deinde,
457 4531 527 4590 licet
535 4533 677 4609 potuisset
689 4553 748 4593 nou
761 4534 847 4593 irasci
860 4535 891 4592 in
905 4553 992 4593 sensu
1002 4532 1105 4607 diviso,
1113 4531 1275 4609 quiahomo
1285 4551 1343 4590 non
1355 4542 1401 4593 est

198 4608 407 4670 determinatus
419 4610 581 4669 necessario
595 4611 633 4669 ad
645 4613 701 4671 hoc
714 4613 762 4672 vel
782 4613 856 4672 illud
875 4623 1033 4690 peccatum,
1048 4631 1107 4671 non
1129 4610 1259 4687 sequitur
1270 4611 1400 4689 potuisse

196 4689 316 4766 aliquod
329 4709 399 4750 vere
422 4691 529 4749 bonnm
552 4709 624 4768 opus
647 4700 792 4769 praestare.
845 4692 906 4752 Nec
930 4713 967 4752 ex
987 4693 1115 4768 hisquae
1128 4689 1283 4767 adduntur,
1297 4691 1401 4751 sitem
