3250 5176
277 369 337 428 cle
745 387 837 430 socos
850 385 989 429 brennus.
1291 349 1421 445 [obser.
1437 383 1481 425 rr.

279 547 422 606 aquam
434 527 550 604 evagina,
565 546 631 605 qnae
645 547 683 588 ex
695 527 840 607 lapidibus
854 527 978 606 exprimi
997 545 1056 584 non
1075 531 1198 604 possunt
1216 523 1273 582 nisi
1292 543 1345 603 per
1355 525 1485 592 ¹miracu·

280 607 359 685 lum;
381 608 444 668 sive
464 609 501 666 ab
521 608 722 688 confidelibus,
736 617 770 668 ut
783 609 820 668 ab
838 618 902 668 ανιε
915 606 1025 683 sabuli,
1041 605 1110 684 quia
1128 605 1203 682 lapIs
1224 623 1283 662 nou
1297 613 1341 665 est
1356 605 1485 682 ductilis,

280 707 334 747 nec
357 688 464 747 malleo
486 687 572 764 cedit,
593 687 646 747 sed
666 688 755 748 durus
776 697 828 764 est,
852 687 903 766 qui
925 687 1022 766 potius
1043 685 1185 762 frangitur
1202 705 1288 762 quam
1310 685 1485 744 emolliatur.

281 766 357 827 Nam
376 768 451 828 sicut
470 767 546 846 lapis
564 787 621 826 nee
641 769 804 846 subjectum
823 778 868 826 eat
887 764 995 826 διιτιιὶν
1007 767 1084 840 vitre,
1104 785 1158 824 nec
1179 764 1283 824 sentire
1304 765 1354 823 vel
1373 765 1487 823 moveri

281 848 330 907 vel
342 845 420 906 flecti
434 855 484 906 aut
503 847 627 906 emolliri
639 855 743 924 potest,
758 847 810 907 sed
823 847 1000 922 inflexibilis,
1015 844 1199 920 insensibilis,
1214 852 1244 904 et
1257 844 1488 922 impenetrabilis

281 935 343 987 est:
365 927 413 986 Ite
432 947 483 986 eor
502 925 722 1005 irregenitorum
744 927 910 987 induratum
932 928 962 985 in
984 933 1112 1004 peccate,
1133 943 1187 983 nec
1200 924 1291 982 vitam
1306 925 1486 1002 spiritualem

280 1006 376 1081 babet,
391 1025 445 1064 nec
459 1006 497 1064 ad
510 1025 574 1065 eam
588 1025 619 1065 se
630 1017 729 1100 potest
742 1007 903 1087 disponere,
920 1006 971 1066 sed
991 1004 1151 1063 inflexibile
1170 1012 1215 1063 est
1236 1004 1366 1080 Spiritui,
1388 1004 1485 1062 insen-

280 1085 363 1146 sibile
375 1085 483 1163 Verbe,
495 1094 525 1145 et
534 1085 654 1163 judiciis
666 1088 731 1162 Dei,
746 1087 964 1165 impenetrabile
977 1086 1086 1163 gratie,
1099 1083 1178 1162 quod
1191 1103 1250 1142 non
1260 1083 1347 1142 modo
1361 1085 1486 1160 gratiam

279 1185 338 1224 non
350 1165 462 1242 recipit,
478 1165 530 1224 sed
550 1165 594 1223 illi
614 1167 724 1226 resistit
737 1174 766 1226 et
779 1168 937 1226 reluctatur
950 1186 1016 1226 cum
1030 1164 1233 1224 obstinatione.
1276 1163 1376 1241 Atque
1396 1163 1488 1240 hujus

279 1245 322 1302 rei
344 1244 509 1322 symbolum
528 1265 588 1304 non
608 1246 762 1306 obscurum
783 1245 850 1306 dare
864 1246 958 1306 voluit
979 1247 1060 1305 Deus
1082 1245 1114 1303 in
1133 1243 1320 1321 inscriptione
1343 1243 1434 1320 Legis
1456 1245 1488 1302 in

280 1324 389 1383 tabulis
401 1324 533 1402 lapideis,
547 1334 581 1384 ut
594 1324 726 1386 innueret
741 1326 849 1404 Legem
863 1325 944 1384 cordi
963 1325 1081 1404 lapideo
1093 1325 1170 1399 ferri,
1184 1343 1248 1398 nec,
1263 1323 1332 1400 quia
1346 1322 1489 1382 destituta

281 1412 327 1463 est
342 1404 459 1482 Spiritu,
474 1405 548 1464 illud
567 1424 653 1482 posse
673 1405 796 1481 flectere,
812 1406 864 1466 sed
878 1406 1072 1483 Evangelium
1088 1405 1119 1462 iu
1132 1404 1240 1463 tabulis
1255 1402 1366 1462 camele
1380 1403 1488 1478 cordis,

282 1485 352 1624 qupJa
374 1483 478 1562 spiritu
497 1485 615 1545 vivifice
635 1486 792 1547 auimatum
816 1485 904 1546 eorda
926 1492 1055 1561 renovet,
1081 1493 1111 1544 et
1132 1484 1171 1543 ad
1194 1483 1365 1561 obsequium
1385 1481 1490 1560 flectit,

282 1567 301 1622 2
342 1583 383 1623 er.
397 1565 439 1622 iii.
453 1567 483 1624 3.

324 1643 398 1702 XV.
419 1644 541 1704 Frnsba
559 1645 597 1704 ad
617 1645 787 1706 elevandam
808 1647 868 1704 vim
888 1645 974 1706 istius
990 1643 1153 1722 argumenti
1171 1643 1334 1721 opponitur,
1351 1645 1378 1700 1.
1392 1643 1492 1702 Otaces

282 1741 332 1782 eos
346 1723 433 1782 ctiam
447 1723 554 1799 vocari,
569 1725 619 1802 qui
631 1727 752 1786 credunt
765 1727 936 1804 Evangelio,
950 1734 984 1785 ut
993 1724 1195 1800 Laodicenses,
1207 1723 1302 1800 Apco.
1310 1722 1352 1779 iii.
1369 1726 1416 1797 ll,
1428 1741 1490 1780 nou
1597 1779 1598 1796 ,

282 1801 351 1878 quia
368 1802 450 1861 nullo
473 1803 559 1862 modo
581 1805 743 1883 intelligere
767 1813 908 1884 poterant,
933 1805 985 1865 sed
1009 1804 1078 1882 quia
1100 1803 1328 1880 negligentiores
1349 1811 1432 1860 erunt
1456 1803 1489 1859 in
1597 1819 1598 1848 ὲ

282 1879 375 1940 cffiei0
389 1881 530 1942 faciende.
573 1885 609 1944 R.
625 1885 700 1960 Quia
713 1885 770 1944 alis
790 1894 835 1945 est
854 1887 963 1944 eamme
983 1891 1159 1960 comparata,
1175 1891 1205 1941 et
1225 1881 1383 1941 secuudum
1405 1881 1487 1958 quid,

281 1981 348 2038 quae
360 1962 496 2021 tribuitur
510 1962 629 2041 Angelo
643 1965 823 2042 Laodicenei,
836 1967 874 2024 eb
883 1965 998 2024 inanem
1009 1965 1220 2042 gloriationem,
1235 1981 1293 2038 qna
1307 1961 1486 2039 sejectabel,
1597 1963 1598 2032 l

281 2041 366 2118 quasi
379 2041 463 2101 dives
476 2051 553 2102 esset
566 2052 596 2102 et
609 2045 749 2120 oculatus,
765 2067 831 2105 curn
851 2053 949 2104 tamen
969 2053 1072 2102 natura
1093 2063 1124 2101 se
1144 2061 1309 2118 pauperem,
1325 2041 1438 2100 undum
1458 2049 1489 2100 et
1597 2067 1598 2088 ι

282 2141 390 2180 caecnm
412 2120 559 2182 debuisset
578 2124 726 2201 profiteri:
748 2125 818 2184 Alia
837 2143 908 2184 vere
927 2127 1053 2183 cbwluta
1074 2122 1299 2198 attentisque
1320 2121 1490 2198 irregenitis

282 2199 426 2277 tribuitur,
451 2221 516 2280 quae
538 2223 652 2262 omnem
676 2207 871 2284 cognitionem
896 2205 1050 2264 salutarem
1075 2203 1134 2261 illis
1158 2201 1269 2260 adimit.
1321 2205 1350 2259 2.
1366 2199 1488 2259 Fideles

281 2281 381 2342 vocari
401 2281 494 2340 lucem
503 2282 534 2340 in
549 2283 683 2360 Domino,
700 2285 775 2363 pr.
786 2306 817 2346 v.
832 2287 859 2361 8,
875 2284 927 2361 qui
940 2293 1037 2344 tamen
1050 2283 1111 2342 suis
1124 2281 1252 2339 tenebris
1269 2280 1488 2339 obnubilantur.

281 2359 319 2420 R.
335 2361 410 2435 Quia
423 2381 441 2418 a
453 2361 510 2438 piis
523 2362 561 2420 ad
575 2363 678 2441 impios
692 2385 751 2423 non
765 2366 844 2424 valet
858 2362 1072 2442 consequentia.
1115 2361 1164 2420 Illi
1178 2363 1248 2419 Lam
1260 2360 1406 2434 dicuntur,
1426 2380 1487 2419 non

280 2439 312 2498 iu
326 2459 365 2514 se,
382 2439 433 2498 sed
448 2442 477 2499 in
492 2443 626 2516 Dareine,
642 2443 753 2504 scilieet
766 2452 910 2521 quatenus
924 2452 992 2503 sunt
1005 2461 1089 2501 novae
1103 2449 1242 2500 creaturae
1255 2440 1292 2498 ab
1305 2440 1368 2518 ipsc
1390 2439 1485 2515 factae,

278 2516 349 2578 litet
362 2539 420 2577 non
434 2520 496 2578 sine
509 2522 645 2597 tenebris,
661 2525 729 2600 quia
742 2523 870 2582 nondum
884 2523 1009 2600 perfecte
1023 2521 1147 2600 regeniti
1160 2527 1237 2580 sunt.
1278 2520 1323 2578 At
1336 2519 1368 2576 in
1387 2519 1489 2596 impiis
1597 2529 1598 2542 .

278 2615 338 2656 non
352 2607 397 2657 est
406 2598 515 2674 duplex
528 2600 623 2675 bomo,
640 2602 692 2660 sed
706 2603 791 2662 unica
804 2612 908 2662 natura
919 2611 982 2662 tota
995 2601 1159 2678 irregenita,
1174 2609 1204 2658 et
1217 2619 1304 2658 merae
1317 2599 1458 2658 tenebrae

320 2677 411 2737 XVI.
434 2677 500 2735 Non
523 2679 645 2738 solidius
666 2691 711 2741 est
732 2680 811 2759 quod
835 2681 954 2741 affertur
975 2680 1116 2741 adversus
1143 2679 1361 2741 similitudinem
1389 2679 1490 2738 cordis

277 2755 394 2833 lapidei,
408 2755 562 2833 figuratam
575 2777 639 2818 esse
652 2761 828 2822 locutionem
841 2781 906 2839 quse
917 2781 976 2821 non
989 2762 1028 2820 sit
1040 2761 1181 2839 urgenda.
1223 2760 1261 2818 R.
1271 2759 1346 2833 Quia
1352 2758 1489 2836 figurata

278 2835 439 2896 locutiones
453 2837 512 2894 vim
525 2838 635 2898 babent
654 2841 842 2920 propriarum,
858 2842 973 2920 quando
998 2841 1113 2920 abipsa
1129 2839 1276 2916 Scriptura
1289 2847 1486 2918 exponuntur,

279 2925 310 2976 et
331 2917 447 2994 qnando
471 2918 581 2978 clarum
601 2923 696 2982 estin
717 2941 803 2999 quem
825 2942 942 2982 sensum
962 2929 992 2982 et
1004 2922 1092 2980 ᾒιιοιιι
1106 2921 1306 2980 adhibeantur.
1349 2918 1392 2978 Ut
1406 2920 1487 2996 apud

281 2997 464 3057 Ezechielem
487 2997 586 3058 miritae
610 3019 698 3061 voces
718 3002 865 3082 simplices
885 3010 1128 3079 occurruntque
1148 3001 1271 3078 figuram
1285 2999 1379 3076 ipsam
1394 3019 1486 3076 expo-

280 3085 362 3169 nunt,
386 3086 420 3136 ut
442 3077 521 3155 quod
541 3079 651 3140 ibidem
673 3083 754 3142 Dens
777 3083 919 3161 promittit
942 3103 974 3143 se
995 3082 1129 3141 daturum
1149 3099 1200 3139 cor
1218 3099 1320 3138 novum
1340 3087 1370 3138 et
1383 3099 1489 3138 nouum

279 3161 810 3329 miltiadem
823 3163 961 3302 till
974 3161 1160 3319 ttlth
1183 3159 1487 3317 Qlthl‘tl.

279 3332 338 3391 qua
351 3315 399 3373 bre
413 3325 509 3392 agitur
519 3320 667 3394 aptissima
681 3331 726 3382 est
734 3323 928 3401 comparatio:
946 3323 1082 3381 nimirum
1095 3341 1154 3379 non
1168 3339 1251 3379 secns
1262 3339 1297 3378 ac
1307 3325 1411 3378 saxum
1425 3339 1488 3377 nen

278 3401 375 3470 potest
389 3395 516 3472 seipsum
528 3397 649 3478 mallim,
665 3403 714 3461 vel
727 3423 794 3462 caro
808 3423 859 3480 per
873 3421 904 3462 ee
919 3403 989 3480 fieri,
1005 3403 1046 3460 ita
1058 3421 1113 3460 nec
1133 3419 1182 3459 cor
1195 3399 1385 3478 irregenitum
1397 3419 1487 3476 posse

278 3471 375 3548 ipsum
398 3491 430 3532 sa
452 3485 619 3537 convertere
642 3489 693 3540 ant
714 3481 867 3560 disponere
887 3482 925 3542 ad
945 3480 1201 3560 regenerationem,
1221 3477 1273 3538 sed
1292 3479 1324 3537 id
1344 3477 1407 3537 fieri
1422 3479 1488 3538 sola
1597 3477 1598 3496 ¹

282 3549 408 3629 Spiritus
421 3551 478 3612 Dei
491 3552 626 3616 efficacia.

561 3633 670 3696 XVII.
685 3636 803 3715 Quarto,
819 3638 894 3714 Quia
914 3639 1063 3718 Scriptura
1082 3639 1191 3717 passim
1206 3637 1413 3697 Peccatoribus
1431 3638 1485 3697 tri-
1597 3695 1598 3700 ,

279 3707 525 3826 *ίξῖοὲῗὲωῗε
544 3713 609 3776 buit
627 3715 767 3796 ἑδνιιμιῶι
783 3717 821 3778 ad
840 3721 957 3796 bonum,
973 3739 1062 3797 quum
1083 3720 1254 3796 figmentum
1274 3716 1487 3794 cogitationum

308 3825 370 3872 mini
404 3827 525 3877 tribuunt.
545 3796 670 3858 heminis
684 3798 790 3860 dicitnr·
806 3800 915 3859 malum
936 3799 1015 3859 omni
1036 3807 1166 3877 tempore
1189 3819 1207 3857 a
1224 3799 1388 3876 juventute,
1405 3797 1484 3857 Gen.
1597 3815 1598 3820 ¹

346 3949 354 3964 ·
544 3875 584 3937 vi.
600 3881 628 3955 5,
643 3880 727 3958 eujus
739 3879 798 3940 loci
816 3881 876 3939 vim
896 3897 984 3959 supra
1004 3879 1163 3958 attigimus.
1205 3879 1253 3938 Ita
1269 3877 1403 3938 Christus
1422 3878 1486 3938 aine

278 3951 448 4043 mamilli&
462 3954 534 4014 ulls!
550 3959 781 4034 potestesacers,
796 3961 866 4044 ,iola
881 3981 931 4022 xv.
947 3963 984 4037 ὃς
1006 3979 1065 4018 ιιοιι
1083 3959 1162 4036 dicit,
1178 3957 1240 4018 sine
1254 3977 1301 4017 me
1313 3975 1417 4034 parum
1430 3977 1483 4035 po-

278 4037 370 4121 testis,
385 4033 433 4091 vel
447 4033 601 4096 difficulter
613 4039 736 4115 potestis
749 4040 859 4117 aliquid
872 4041 974 4116 facere,
986 4039 1109 4099 eadsine
1121 4057 1167 4098 me
1181 4037 1254 4096 nihil
1267 4035 1407 4115 potestis;
1422 4057 1484 4097 non

279 4109 357 4185 dicit,
373 4110 435 4171 sine
455 4133 503 4174 me
524 4115 598 4175 nibil
617 4117 720 4195 facitis,
736 4120 784 4178 vel
804 4120 909 4179 lecturi
928 4121 1007 4195 estis,
1023 4119 1075 4178 sed
1095 4119 1169 4177 nihil
1188 4115 1408 4196 potestis,qued
1422 4137 1484 4176 uon

278 4197 391 4250 tantum
403 4200 509 4270 actum,
525 4195 578 4255 sed
590 4197 683 4275 ipsam
703 4199 863 4276 potentiam
883 4199 1022 4259 excludit.
1065 4198 1114 4259 Sic
1129 4199 1247 4274 Paulus,
1271 4197 1397 4256 “Homo
1418 4198 1483 4255 ani-

277 4269 362 4328 malis
385 4289 443 4365 non
458 4273 536 4365 cepit
548 4295 583 4335 ea
596 4297 661 4356 quae
675 4288 744 4339 sunt
758 4278 822 4356 Dei,
837 4299 892 4339 nee
905 4287 1001 4359 potest
1021 4297 1056 4338 ea
1077 4297 1260 4356 cognoscere,
1282 4276 1351 4354 qnia
1371 4275 1482 4336 discer-

276 4355 384 4408 nuntur
397 4355 613 4432 sprntnaliter,”
631 4361 646 4416 1
663 4357 793 4418 Corinth.
808 4359 838 4418 ii.
855 4363 902 4419 14.
945 4362 963 4394 ‘⁴
974 4359 1041 4420 Neu
1055 4377 1155 4418 sumus
1173 4357 1270 4417 idonei
1290 4355 1328 4414 ad
1348 4375 1383 4413 co
1406 4355 1483 4414 itan-

277 4425 353 4520 dum·
367 4429 478 4508 aliquid
499 4453 537 4492 ex
561 4437 645 4498 nobis
667 4435 746 4517 ipsis,
761 4446 795 4498 ut
818 4459 855 4499 ex
876 4440 990 4515 nobis,”
1006 4443 1023 4497 2
1039 4437 1169 4498 Corinth.
1180 4457 1222 4497 nr
1232 4439 1260 4495 5.
1291 4375 1484 4495 “Prudentia

276 4523 436 4569 eumenen
447 4513 600 4592 subjicitur
608 4517 690 4594 Legi,
700 4526 730 4578 et
738 4519 893 4595 nequidem
901 4519 1026 4598 polest,”
1038 4517 1191 4578 Rom.viii.
1199 4521 1226 4575 7.
1238 4515 1362 4574 “Arbor
1370 4516 1481 4591 mala,¹’

275 4581 377 4654 quala.
386 4597 452 4649 eunt
462 4593 595 4655 homines
604 4605 716 4672 nature,
730 4600 811 4656 “nou
822 4607 919 4676 potest
928 4599 1021 4658 bonos
1030 4597 1142 4658 fructus
1155 4595 1260 4672 ierre,’'
1273 4594 1417 4654 Mattvii.
1425 4597 1482 4672 183

273 4671 333 4714 ¹¹⁰³
346 4665 457 4726 mlum
469 4689 529 4732 neu
542 4673 607 4754 fert,
622 4675 675 4736 sed
687 4695 746 4737 non
758 4685 856 4757 potest
868 4677 950 4756 ferre,
965 4678 1035 4757 quia
1047 4677 1143 4757 qualis
1157 4695 1253 4753 cause,
1268 4675 1335 4737 talis
1348 4673 1483 4754 effeetus,
