3174 5174
107 347 237 398 eumer.
251 326 321 408 vm]
533 344 572 386 nn
586 345 789 388 securorum
804 347 863 388 usr.
1267 337 1326 395 463

107 487 202 548 enim
227 487 280 548 snb
304 485 385 546 illem
408 484 602 562 multifariam,
627 493 657 546 et
680 487 777 565 qnoed
800 489 916 564 initium
935 497 965 549 et
985 490 1280 570 quoedpmpreesum,
1296 501 1326 554 et

107 568 223 646 quoed
236 569 402 640 terminum
423 565 520 643 quoad
539 567 655 644 dudum,
671 567 740 627 dum
760 568 850 628 libers
871 569 945 629 illud
963 570 1120 648 permittit;
1143 573 1239 649 quoad
1253 595 1325 650 pro·

107 667 258 726 pressum,
271 648 341 707 dum
355 644 500 724 sapienter
513 646 631 723 dirigit;
653 647 852 786 quoeddfinem,
863 649 932 708 dum
946 659 1078 728 potenter
1091 653 1233 727 terminet,
1249 662 1278 714 et
1289 655 1327 714 ed

109 727 233 788 bonum
246 725 334 788 finem
348 725 456 804 dirigit,
472 725 522 803 qui
535 734 594 788 tres
608 736 676 788 sunt
689 747 741 806 gre
762 749 781 788 u

111 809 232 885 quibus
245 807 409 867 dicendum.

112 923 139 970 1·
162 925 251 975 om„
265 925 365 970 initium
408 884 465 980 ·V.
488 884 602 944 Primus
615 885 723 964 gredus
743 887 860 965 respicit
880 888 988 947 initium
1007 890 1126 966 pecceti,
1151 888 1228 950 circe
1248 891 1327 968 quod

782 747 796 788 s
811 728 1005 789 Providentia
1020 731 1096 790 circe
1115 740 1273 809 peceatum,
1289 732 1325 794 de

148 983 222 1030 nem
254 985 315 1042 egit,
345 983 367 1028 1.
387 965 510 1024 dumus
525 965 620 1024 Deum
634 967 743 1026 verseri
751 969 923 1043 permissive,
938 969 1017 1045 qnod
1033 969 1180 1047 Scriptura
1192 991 1252 1028 non
1267 991 1326 1031 uno

147 1057 197 1100 Μ
214 1043 368 1100 wiw-
387 1045 452 1104 loco
477 1052 599 1104 testetur
624 1046 672 1105 Ps.
697 1047 792 1105 lxxxi.
819 1051 866 1123 12,
890 1049 908 1082 “
920 1047 1044 1106 Permisi
1058 1069 1107 1108 eos
1121 1049 1267 1109 embulere
1288 1071 1327 1110 ex

148 1114 200 1146 ⁶¹²²·
388 1123 632 1184 seutentieenimi
646 1126 720 1201 sui,”
735 1135 765 1186 et
779 1125 847 1185 Act.
862 1127 923 1188 xiv.
939 1131 986 1204 16,
1004 1128 1114 1188 “Deus
1130 1128 1326 1206 iupraeteritis

117 1205 259 1265 aetetibns
273 1203 341 1263 dm
353 1203 422 1264 sivit
436 1211 538 1280 gentes
552 1204 612 1263 suis
625 1205 752 1282 ipserum
761 1204 818 1264 viis
830 1206 992 1266 incedere.”
1026 1207 1085 1266 Sed
1095 1208 1163 1285 quie
1176 1209 1326 1286 permissio

115 1285 180 1344 iste
192 1305 253 1344 nou
266 1284 369 1344 eodem
382 1283 469 1342 modo
490 1283 527 1342 eb
546 1284 679 1344 omnibus
700 1284 869 1362 explicatur,
884 1306 1016 1363 queuem
1037 1288 1075 1346 sit
1088 1289 1151 1365 ejus
1164 1288 1238 1348 retio
1259 1297 1325 1350 ente

118 1364 222 1424 omnis
234 1362 439 1442 explicandum
453 1371 507 1422 est

350 1497 356 1510 ,
428 1442 485 1500 VI.
507 1441 614 1518 Primo,
628 1443 779 1502 Penniesio
793 1443 849 1502 iste
872 1463 931 1504 uon
955 1451 1000 1505 est
1021 1447 1118 1520 ethica,
1133 1465 1184 1505 seu
1198 1447 1315 1508 morulis

119 1511 179 1612 ²¹¹:
188 1497 368 1614 fflpffssff'
389 1541 454 1598 quse
462 1522 541 1597 juris
561 1529 613 1597 est,
628 1542 680 1600 per
699 1523 905 1582 relaxationes
919 1524 967 1582 vel
988 1525 1218 1601 dtpemadonem
1232 1491 1324 1603 Lepte:

388 1621 453 1678 quae
468 1601 621 1678 opponitur
634 1601 836 1680 prohibitioni,
858 1623 916 1680 quo
931 1623 1018 1663 seusu
1031 1605 1056 1664 si
1070 1605 1247 1682 permitteret
1259 1626 1325 1683 peo-

122 1688 221 1742 eetum
236 1681 327 1756 Deus,
342 1680 420 1740 idem
441 1680 527 1740 etiem
548 1681 727 1758 approbaret,
743 1689 880 1759 tenquem
900 1683 1020 1758 licitum,
1045 1693 1096 1743 eut
1111 1685 1232 1762 justum,
1248 1685 1327 1762 quod

123 1761 271 1840 implicet3
296 1760 355 1820 Sed
371 1761 499 1837 phyn'ca,
514 1779 579 1837 quse
600 1769 644 1819 est
656 1762 740 1836 faeti,
755 1779 807 1837 per
826 1783 882 1820 eon
902 1763 1113 1840 impeditionem,
1129 1783 1193 1840 qum
1206 1766 1325 1843 opponi·

123 1849 172 1900 tur
187 1841 330 1916 efferebat
373 1841 430 1898 Ille
444 1841 539 1898 Deum
560 1847 671 1918 spectet
690 1849 724 1899 ut
737 1840 947 1916 legislatorem
961 1851 991 1901 et
1004 1843 1158 1919 Judicem;
1181 1844 1244 1904 Iste
1256 1865 1326 1904 vero

125 1929 161 1979 ut
175 1939 337 1997 supremum
353 1920 509 1979 Dominum
523 1928 553 1979 et
573 1919 726 1979 Rectorem
747 1921 855 1996 mundi,
871 1921 922 1998 qui
941 1941 1036 1980 rerum
1057 1923 1185 1981 omnium
1206 1933 1327 1984 e'vcntue

124 2019 179 2077 pro
192 2000 309 2059 arbitrio
331 2000 451 2076 rogitet
471 1999 644 2058 moderatur.
695 2000 752 2057 Ille
772 1999 805 2059 fit
818 2001 1024 2078 perjuetite'am,
1039 2001 1155 2078 quando
1174 2002 1224 2061 det
1236 2003 1326 2062 licen·

124 2079 194 2139 tium
208 2080 321 2158 aliquid
334 2078 474 2156 iecieudi;
506 2079 570 2138 Iste
589 2099 640 2156 per
655 2079 819 2156 potentiam,
835 2080 950 2158 quendo
970 2099 1029 2140 non
1049 2080 1143 2140 exerit
1160 2081 1246 2158 vires,
1261 2102 1326 2160 quae

123 2168 259 2238 poterim
272 2168 340 2220 ectu
352 2158 500 2238 impedire,
515 2179 551 2218 ne
565 2159 621 2218 hoc
634 2160 683 2218 vel
697 2159 769 2218 illud
782 2160 872 2218 fieret.

428 2239 502 2298 VII.
526 2237 667 2315 Secundo,
692 2239 848 2299 Permissio
869 2239 925 2298 iste
938 2259 997 2299 nou
1017 2249 1062 2299 est
1080 2238 1267 2317 concipienda
1279 2261 1326 2300 ee·

385 2318 487 2395 petivi,
509 2319 592 2396 quesi
613 2326 690 2378 esset
702 2339 782 2378 mere
795 2320 894 2401 ὶηςγίι
918 2339 970 2379 seu
991 2319 1113 2379 cessatio
1126 2320 1285 2379 voluntatis
1299 2327 1329 2380 et

124 2395 321 2457 Providentiae
335 2397 366 2454 in
380 2399 515 2475 operibus
528 2398 677 2476 melorum,
693 2419 751 2476 que
761 2400 842 2460 Deus
856 2401 940 2477 quesi
952 2400 983 2458 in
998 2399 1116 2477 specule
1128 2399 1232 2458 sedens
1247 2419 1326 2478 spee-

122 2484 198 2536 tmet
221 2485 337 2536 tentum
349 2486 486 2538 eventum
510 2477 631 2536 eetionis
653 2480 808 2557 permissae,
830 2481 938 2558 quiquo
958 2480 1024 2538 ideo
1045 2480 1179 2554 incertus,
1196 2481 1327 2558 embigu·

122 2576 215 2634 usque
229 2556 448 2634 relinqueretur,
463 2567 497 2617 ut
509 2557 647 2618 volebant
661 2559 730 2618 olim
745 2559 895 2637 Pelegieni
906 2567 1027 2636 veteres,
1040 2567 1069 2618 et
1083 2568 1116 2619 ut
1125 2559 1228 2620 volunt
1241 2561 1328 2620 hodie

123 2655 225 2696 eorum
239 2655 387 2714 sequaces,
387 2657 454 2776 ἐμὲ
472 2637 669 2792 pimpsssiolpcizs
682 2639 782 2778 otiplspe
796 2649 832 2732 pt
839 2639 945 2777 {inertis
966 2640 1326 2779 commentumlpolpiffib.

415 2737 550 2777 uunu
606 2737 714 2776 em.
772 2738 986 2778 .n.eem1es.
1074 2739 1136 2778 ce.
1292 2739 1328 2780 us

388 2816 457 2874 erge
476 2805 594 2874 peoeete
607 2817 666 2856 nou
679 2798 767 2858 hebet
780 2799 904 2876 positive
918 2800 993 2857 velle
1002 2739 1062 2857 {ll
1070 2740 1157 2874 nolio,
1173 2765 1225 2857 sid
1237 2819 1326 2877 nege·

124 2873 194 2950 tive,
209 2893 269 2933 non
282 2875 390 2935 velle.''
433 2875 491 2934 Sed
505 2877 692 2954 concipienda
705 2886 750 2936 est
758 2880 877 2953 positive
890 2887 920 2937 et
933 2879 1106 2952 offinnatioe,
1121 2897 1180 2937 non
1191 2879 1327 2955 simplici·

125 2963 177 3027 ter,
192 2963 226 3014 ut
240 2954 322 3014 Deus
342 2975 398 3014 oon
410 2956 476 3015 vetit
494 2956 630 3032 impedire
649 2966 808 3034 peccatum,
824 2977 888 3034 ques
909 2965 954 3015 est
976 2957 1069 3015 otiose
1081 2957 1206 3033 negatio,
1223 2957 1275 3016 sed
1294 2967 1329 3018 ut

124 3035 191 3093 vetet
202 3054 259 3093 non
273 3033 416 3110 inpedire,
428 3055 492 3112 quse
507 3035 609 3096 efficex
623 3044 667 3094 est
681 3034 840 3111 affirmetis,
851 3043 884 3095 ut
897 3035 1047 3113 permissio
1061 3043 1157 3093 ectum
1170 3035 1327 3112 positivum

124 3113 284 3173 voluntatis
298 3133 409 3173 ercenae
422 3115 566 3193 importet,
581 3135 639 3192 que
654 3114 735 3173 Deus
749 3115 850 3175 statuit
863 3113 994 3173 consulto
1008 3121 1038 3172 et
1050 3113 1152 3172 volens
1166 3133 1224 3172 uon
1237 3114 1324 3192 impe·

125 3192 187 3251 dire
200 3201 360 3270 peccatum,
375 3194 444 3253 licet
466 3194 543 3253 nolle
558 3193 671 3253 dicetur
692 3194 789 3270 quoad
808 3195 988 3252 voluntatem
1009 3192 1166 3251 reveletem
1186 3195 1326 3270 approbe-

124 3273 222 3332 tionis.
275 3271 342 3330 Hoc
366 3293 452 3332 sensu
474 3274 574 3332 Nostri
596 3293 655 3332 non
676 3280 810 3332 recusent
833 3273 876 3332 uti
893 3272 1085 3350 per-mdeiom‘e
1097 3272 1240 3331 vooebulo
1261 3293 1327 3332 eum

128 3351 294 3430 Scriptum
317 3351 402 3426 Quod
416 3353 440 3411 si
454 3353 569 3431 quando
584 3353 657 3413 illud
671 3352 814 3430 rejiciunt,
829 3360 863 3412 ut
878 3351 1019 3426 Calvinus,
1035 3353 1123 3427 Bau,
1138 3361 1168 3412 et
1188 3352 1246 3429 ulii,
1262 3373 1325 3412 eum

125 3431 293 3508 intelligunt
307 3451 394 3491 sensu
408 3431 567 3510 Pelegieno
581 3433 617 3492 de
630 3433 724 3492 otiose
737 3432 933 3511 permissione,
946 3451 1010 3508 que
1025 3432 1120 3491 Deum
1131 3432 1197 3509 jure
1212 3453 1264 3492 suo
1275 3453 1325 3492 ex·

123 3510 197 3586 imit,
213 3519 243 3570 et
255 3510 366 3570 idolum
378 3511 463 3571 liberi
484 3512 595 3571 arbitrii
608 3512 639 3570 in
660 3513 723 3591 ejus
737 3512 833 3572 locum
854 3512 947 3589 erigit.
991 3511 1077 3575 Unde
1091 3514 1170 3572 Besa
1183 3512 1213 3570 in
1226 3513 1326 3573 libello

125 3589 263 3665 Questio.
278 3598 308 3650 et
322 3591 463 3669 Respous.
481 3591 542 3652 “Si
561 3591 757 3669 permissionis
769 3591 913 3652 voeebulo
933 3591 1111 3670 intelligetur
1131 3592 1206 3650 illud
1225 3591 1326 3651 discri-

123 3689 200 3744 men,
213 3670 351 3762 quonism
365 3670 502 3764 videlicet
524 3671 555 3729 in
568 3671 653 3730 mulis
672 3691 732 3731 non
752 3673 814 3750 egit
828 3673 917 3747 Deus,
933 3671 984 3730 sed
1004 3691 1054 3730 eos
1078 3671 1201 3764 demum,
1216 3679 1245 3729 et
1266 3673 1327 3764 suis

123 3749 1327 3906 ttdttltttttttltttdssffit,ttttttttttttttt

124 3907 202 3986 quod
217 3908 242 3968 si
257 3909 339 3968 Deus
362 3909 509 3988 quippiam
529 3909 639 3969 invitus
658 3909 806 3986 permittit,
823 3909 903 3966 Deus
924 3917 1009 3982 certe,
1024 3907 1055 3965 id
1069 3914 1113 3964 est
1127 3905 1324 3983 Omnipotens,

122 4007 182 4045 non
196 3995 260 4063 est3
283 3989 328 4046 sin
342 4007 411 4047 vero
425 3989 508 4065 quasi
521 4009 580 4047 non
594 4007 698 4046 eureus
711 3989 875 4065 permittere
889 3986 1036 4063 quippiam
1050 3985 1168 4059 dicetur,
1186 3993 1325 4061 quantum

123 4067 263 4126 absumus
286 4067 324 4125 eb
338 4067 561 4145 Epicureismo?
591 4067 729 4145 Superest
750 4085 820 4143 ergo
839 4073 872 4126 ut
886 4065 988 4124 volens
1009 4064 1156 4142 permittet
1169 4064 1247 4142 quod
1260 4084 1324 4142 per·

122 4146 221 4206 mittit.
264 4146 409 4206 Voluntas
422 4147 511 4224 igitur
524 4147 707 4226 permissioni
720 4164 778 4204 non
792 4143 974 4222 opponitur.”

161 4225 255 4285 VIII.
277 4225 374 4300 Quum
387 4235 483 4287 eutem
496 4227 713 4305 permissionem
727 4225 849 4284 dicimus
861 4223 972 4282 versari
985 4221 1062 4282 circe
1080 4231 1230 4300 peecetnm
1247 4223 1323 4300 posi·

122 4305 192 4381 tivo,
209 4303 234 4364 si
247 4324 307 4364 non
321 4325 339 4364 e
351 4315 433 4384 perte
448 4309 566 4384 termini,
582 4307 684 4367 eeltem
698 4326 716 4365 e
735 4313 817 4384 perte
826 4303 970 4381 principii,
983 4311 1125 4380 quatenus
1138 4300 1261 4360 includit
1274 4321 1324 4360 vo·

120 4383 243 4444 luntatis
257 4393 354 4444 ectum
374 4386 540 4465 positivum,
561 4387 617 4446 hoc
637 4387 680 4445 ite
698 4385 895 4462 intelligimus,
910 4402 969 4441 non
983 4382 1066 4459 quesi
1078 4381 1214 4441 voluntas
1227 4379 1328 4440 diune

121 4463 229 4524 hebent
248 4465 370 4542 precise
390 4474 421 4526 et
439 4485 492 4544 per
512 4485 543 4526 se
563 4487 616 4544 pro
635 4465 749 4543 objecto
770 4471 938 4543 peccetum:
958 4481 1026 4520 nem
1039 4481 1105 4521 cum
1118 4461 1254 4520 voluntas
1273 4480 1327 4538 pro

121 4543 238 4622 objecto
260 4545 335 4604 nihil
354 4545 412 4604 uisi
431 4545 539 4605 bonum
562 4545 670 4605 hebere
690 4545 790 4625 possit,
815 4543 924 4602 melum
944 4561 1002 4620 que
1022 4541 1130 4600 melum
1150 4559 1209 4600 non
1231 4548 1328 4619 potest

120 4623 217 4686 velle:
238 4623 293 4686 sed
312 4632 347 4686 ut
359 4625 496 4686 voluntas
515 4625 685 4688 terminetur
705 4625 744 4688 ed
762 4623 979 4704 permissionem
1000 4622 1072 4702 ejus,
1087 4641 1152 4701 quer
1172 4621 1250 4682 boue
1272 4629 1326 4681 est

171 2297 221 2330 nou
231 2285 319 2332 otiose.

175 2763 217 2808 ssd
228 2761 320 2808 edices.
