3160 5194
509 383 678 433 ue1sroua
694 383 944 435 umrcsuonru.
1277 377 1333 440 xix

103 537 218 608 debeat
231 544 421 628 insignium
439 545 500 610 Dei
525 545 690 613 Servorum
714 546 867 614 &allelmi
892 549 1029 626 Forclli,
1049 556 1082 615 et
1105 547 1199 616 Petri
1227 553 1328 620 Vircti

105 639 284 721 laboribus,
302 642 422 724 quibus
438 644 524 709 Deus
537 645 586 709 uti
601 645 699 710 voluit
711 645 746 710 in
769 647 921 727 jaciendis
949 647 1190 714 Reformatiouis
1215 651 1328 716 funda-

111 741 253 806 mentis:
292 743 352 807 sed
372 743 526 824 imprimis
542 744 668 806 maximi
694 750 728 808 et
749 765 904 825 uunquam
932 745 1010 810 satis
1035 746 1152 811 laudati
1178 747 1326 832 Theologi

117 839 283 904 Jotaaots
306 840 441 906 celuim
455 849 501 904 rot
522 848 591 904 edua
610 841 836 906 ferventissimo
854 844 922 908 uelo
938 849 971 908 et
986 845 1139 910 indefessa
1155 845 1325 929 diligentia,

120 957 213 1019 quem
228 938 321 1003 Deus
341 941 471 1004 heroico
492 938 613 1021 spiritu,
633 941 848 1006 subactissimo
865 941 993 1022 judicio,
1008 950 1041 1007 et
1055 942 1207 1024 profunda
1223 947 1325 1010 erudi·

124 1037 210 1101 tione
223 1037 413 1102 mirabiliter
429 1037 626 1115 instructum,
642 1039 682 1102 ad
699 1058 776 1118 opus
791 1059 879 1103 suum
900 1040 1034 1104 Genera
1050 1041 1235 1108 difficillimis
1247 1051 1325 1108 tem·

123 1135 253 1216 poribus
274 1136 379 1199 omnia
401 1135 464 1198 alio
490 1135 677 1217 cogitantem
702 1136 844 1212 addixit3
872 1139 1021 1220 cujusque
1047 1158 1171 1221 operam
1192 1141 1232 1206 ad
1253 1162 1326 1206 san-

126 1227 268 1296 ciendam
286 1233 445 1314 puriorem
466 1233 638 1297 doctrinam
655 1241 688 1298 et
703 1255 823 1299 morum
840 1235 1043 1317 disciplinam,
1068 1259 1131 1302 uon
1155 1238 1221 1304 sine
1241 1261 1325 1324 mag-

124 1331 177 1394 uis
194 1331 414 1395 certaminibus
428 1330 559 1395 feliciter
578 1331 715 1413 impendi
738 1333 845 1398 soluit.
891 1333 1013 1398 Horum
1026 1335 1166 1418 uestigiis
1180 1337 1325 1402 insisten-

122 1435 186 1503 tes,
204 1429 257 1509 qni
282 1434 354 1509 post
374 1429 460 1510 ipsos
476 1429 617 1510 lampada
632 1436 809 1507 tenuerunt,
832 1431 892 1496 hoc
907 1451 972 1513 prus
988 1433 1109 1498 caeteris
1130 1453 1251 1516 semper
1264 1436 1325 1500 sibi

122 1533 364 1608 proposuerunt,
399 1533 437 1589 ut
466 1527 589 1607 rejectis
625 1533 748 1602 ΰεῢῆλοις
784 1537 968 1611 sciopodas
1002 1537 1035 1594 ei
1064 1537 1326 1618 irspodedoecnocbu'cuc

124 1644 206 1705 quas
233 1624 338 1704 procul
363 1644 432 1688 esse
451 1625 544 1705 jubet
568 1624 747 1704 Apostolus,
775 1627 999 1691 sanctissimam
1016 1628 1100 1693 illam
1124 1637 1324 1716 regenarati-

124 1749 186 1797 κην,
212 1741 304 1802 quam
326 1720 480 1787 illibatam
505 1744 525 1787 a
547 1721 720 1802 Majoribus
740 1731 933 1808 acceperant,
957 1725 1109 1791 illibatam
1132 1729 1227 1792 etiam
1253 1729 1325 1794 reli·

122 1819 215 1901 giose
230 1820 433 1897 custodirent,
453 1826 486 1885 et
510 1821 551 1884 ad
565 1839 755 1886 successores
775 1822 1035 1888 transmitterent.
1083 1823 1151 1903 Quo
1175 1825 1326 1909 singulari

122 1917 276 1982 beneficio
292 1937 362 1982 cum
378 1937 435 1999 per
459 1918 519 1982 Dei
534 1917 667 2000 gratiam
682 1919 848 1983 etiamnum
865 1921 957 1984 hodie
975 1923 1123 1998 fruamur,
1154 1924 1325 2004 grauissimi

122 2015 266 2080 criminis
279 2022 402 2080 reatum
420 2017 553 2098 effugere
574 2036 637 2080 nou
657 2035 824 2096 possemus,
842 2017 868 2080 si
888 2017 967 2081 hano
983 2017 1110 2098 gloriam
1133 2027 1167 2082 et
1183 2041 1326 2084 coronam

122 2113 208 2194 eripi
229 2115 319 2178 nobis
346 2122 532 2194 pateremur,
553 2120 588 2178 et
606 2114 633 2177 si
659 2119 811 2194 quotquot
835 2114 869 2176 in
896 2114 1017 2179 labores
1044 2120 1202 2178 tantorum
1230 2116 1328 2181 Viro-

123 2231 197 2274 rum
214 2213 394 2288 succeduut,
412 2213 450 2276 de
475 2211 652 2293 premendis
678 2211 813 2276 fideliter
835 2229 940 2276 eorum
971 2212 1109 2294 uestigiis
1136 2233 1197 2278 uon
1222 2221 1328 2278 essent

124 2309 265 2374 solliciti.
328 2309 397 2391 Ego
420 2331 503 2386 saue,
526 2317 564 2373 ut
584 2309 623 2373 do
645 2330 696 2374 me
715 2309 831 2391 aliquid
854 2308 974 2386 dicom3
1009 2331 1050 2375 ex
1084 2331 1145 2392 quo
1173 2312 1260 2377 Dens
1287 2313 1326 2380 ad

123 2407 327 2474 honorificam
343 2407 520 2489 stationem,
543 2408 577 2470 in
597 2427 658 2488 qua
678 2427 698 2470 a
723 2408 854 2490 triginta
879 2407 1005 2473 circiter
1024 2409 1113 2474 aunis
1128 2399 1197 2490 ¹jaun
1212 2429 1326 2488 uersor,

123 2505 277 2587 singulari
290 2512 395 2572 restro
415 2507 519 2570 sorore
541 2512 679 2570 erectum
699 2525 749 2570 me
770 2506 878 2583 voluit,
898 2505 972 2570 licet
992 2527 1041 2572 me
1065 2507 1155 2591 louge
1176 2508 1327 2590 imparem

122 2611 218 2667 tanto
244 2605 331 2669 oneri
358 2621 479 2685 semper
503 2603 660 2679 senserim,
677 2611 711 2668 et
733 2603 897 2668 tenuitatis
921 2623 997 2669 mese
1024 2606 1213 2670 couscientia
1236 2606 1328 2672 facile

122 2701 203 2764 milui
218 2703 413 2784 persuadeat,
431 2721 522 2783 quam
538 2701 645 2783 procul
663 2701 762 2766 absim
787 2701 940 2783 amaguis
965 2701 1027 2766 illis
1049 2701 1146 2781 Viris,
1163 2703 1216 2785 qui
1237 2705 1327 2770 nobls

122 2800 177 2864 hic
196 2800 408 2879 preciseruut3
434 2805 540 2864 sancte
555 2805 659 2862 tumen
678 2817 783 2864 coram
793 2799 862 2864 Deo
876 2800 988 2864 testari
1001 2819 1135 2882 possum,
1151 2822 1213 2865 nou
1233 2802 1327 2867 ulium

123 2917 266 2978 nuquam
290 2899 365 2962 mihi
391 2917 516 2978 scopum
542 2897 735 2979 propositum
760 2897 865 2974 fuisse,
882 2917 974 2978 quam
1001 2905 1039 2962 ut
1060 2907 1244 2980 preeemtes,
1264 2920 1327 2964 non

124 2995 238 3060 eodem
253 2997 360 3077 gradu,
373 2993 428 3061 sed
439 2997 546 3060 eadem
557 2994 609 3058 ria
624 3014 746 3076 semper
762 3015 913 3076 sequerer,
928 3001 961 3059 et
974 3015 1087 3078 magua
1099 2997 1239 3078 uestigia,
1252 2998 1328 3061 licet
1407 2999 1408 3002 ’

123 3113 189 3156 nou
205 3095 349 3174 passibus
369 3094 474 3174 aequis,
490 3111 547 3174 pro
566 3093 648 3158 virili
667 3091 827 3158 calcarem.
862 3092 931 3156 Nec
955 3093 1065 3156 melius
1086 3100 1223 3172 spartam
1236 3111 1328 3173 quam

126 3197 241 3256 noctus
262 3211 330 3256 snm
356 3209 467 3256 cruore
493 3211 543 3256 me
563 3210 654 3272 posse
676 3189 804 3265 credidi,
826 3196 860 3253 et
878 3189 1073 3266 sacramenti,
1101 3189 1142 3252 ad
1167 3191 1249 3270 quod
1273 3191 1327 3255 ad·

124 3297 217 3354 actus
242 3310 310 3355 sum
331 3289 367 3354 iu
390 3309 517 3354 munere
530 3289 605 3353 uuihi
620 3287 792 3364 commisso,
813 3287 1009 3351 conscientie
1030 3286 1217 3366 satisfacere,
1235 3307 1327 3370 quam

125 3388 153 3451 si
174 3388 209 3453 id
232 3388 323 3452 unice
347 3389 515 3464 studerem,
537 3395 574 3450 nt
595 3385 753 3450 Juueutus
774 3384 863 3450 nobis
883 3385 1060 3450 concredita
1082 3387 1200 3468 puriori
1224 3387 1328 3452 Theo-

125 3485 220 3569 logia,
247 3503 284 3550 oc
304 3487 410 3551 sobria
430 3494 463 3550 et
484 3485 592 3562 solida,
611 3505 679 3564 quse
698 3484 749 3550 hic
771 3503 894 3564 semper
919 3483 1065 3560 obtinuit,
1097 3483 1238 3548 doctriua
1266 3485 1327 3548 im-

124 3584 288 3648 bueretur.
350 3583 419 3661 Quo
442 3589 553 3665 sponte
573 3583 823 3664 propendentem,
846 3581 1047 3646 domesticum
1070 3581 1165 3646 etiam
1197 3582 1327 3646 ducrum

124 3681 264 3746 fidelium
286 3679 404 3746 Christi
426 3680 591 3746 Servorum
607 3680 754 3761 sauguine
773 3679 849 3744 milri
866 3679 1111 3759 conjunctorum,
1133 3677 1256 3760 impulit
1270 3699 1327 3743 ex-

125 3778 272 3860 emplum,
289 3797 433 3861 maguum
452 3779 521 3842 dico
544 3775 732 3859 Theologum
753 3778 937 3841 Jolucooem
961 3778 1154 3852 Deodotam,
1176 3777 1329 3842 Avuncu-

126 3876 190 3940 lum
213 3897 327 3953 meum,
356 3877 445 3956 cujus
468 3895 577 3940 nornen
609 3881 678 3939 toto
701 3875 785 3940 Orbe
814 3875 1056 3951 celeberrimum,
1086 3881 1120 3938 et
1149 3873 1329 3936 laudatissi-

125 3993 220 4052 mum,
245 3991 282 4038 oc
304 3974 398 4039 codro
421 3973 641 4055 dignissimum,
656 3973 689 4035 in
712 3973 838 4038 Sacram
863 3973 1056 4053 Scripturam
1078 3971 1174 4050 Opus,
1193 3988 1233 4032 ue
1254 3968 1328 4050 quid

126 4071 212 4135 alind
241 4071 353 4148 dicam,
379 4067 491 4134 Virum
520 4077 694 4134 monstrat:
721 4070 766 4134 Et
784 4071 992 4135 Benedictcm
1014 4066 1244 4141 Torrctte'occn,
1270 4065 1328 4129 Pa-

126 4176 248 4234 rentem
266 4189 371 4234 meum
391 4168 609 4245 dulcissimum,
629 4167 800 4233 benedicta
822 4173 856 4231 et
875 4161 1144 4230 desideratissimas
1162 4163 1328 4242 memoris,

128 4285 219 4346 quem
241 4267 411 4331 immaturo
432 4273 466 4331 et
485 4265 712 4331 luctuosissimo
737 4270 926 4347 prereptum
950 4261 1039 4326 obitu
1064 4262 1201 4326 accurati
1222 4267 1256 4326 et
1278 4281 1330 4326 so-

127 4361 183 4426 lidi
202 4363 356 4444 Tbeologi
376 4363 499 4428 laudem
521 4362 701 4439 obtinuisse,
725 4369 759 4427 et
778 4364 870 4436 sema,
902 4379 951 4424 me
971 4363 1106 4437 tacente,
1126 4359 1274 4442 loquitur,
1296 4365 1330 4424 et

127 4459 247 4542 scripta
266 4461 336 4541 ejus
359 4467 525 4530 testantur.
575 4459 672 4525 Hisce
694 4459 792 4541 magis
814 4456 973 4539 magisque
994 4457 1035 4522 ad
1053 4458 1186 4522 officium
1210 4455 1331 4521 excita·

127 4563 189 4634 tus,
212 4559 273 4624 hoc
298 4577 395 4621 uuum
427 4560 578 4641 agendum
615 4556 692 4622 mihi
723 4575 847 4637 sempor
873 4555 959 4632 duxi,
988 4561 1036 4632 ut,
1059 4555 1162 4620 missis
1189 4553 1277 4618 sanis
1297 4558 1331 4616 et

127 4655 295 4720 inutilibus
319 4656 547 4736 questionibus,
572 4675 642 4737 qua
665 4653 877 4720 curiositatem
899 4658 1041 4735 pascunt,
1063 4653 1118 4717 sod
1148 4651 1241 4714 fidem
1268 4667 1331 4710 nou
