3174 5174
106 343 224 394 consu.
238 321 298 405 rx]
544 345 584 386 ns
598 343 801 388 saevissimi
815 347 876 390 nur.
1253 335 1312 392 479

106 483 298 544 consulantur
323 481 402 562 apusl
428 491 591 562 utrumque.
632 489 662 545 4.
677 485 872 548 Bellsrminus
894 495 954 546 uo'n
979 495 1076 566 potest
1102 487 1174 550 vitio
1201 497 1314 550 sertem

107 563 232 622 Calvino
246 563 321 622 talss
333 563 472 640 loquendi
491 564 601 642 modos,
621 584 687 626 cum
708 567 770 646 ipso
783 566 947 628 durioribus
960 587 1031 630 usus
1050 569 1097 644 sit,
1112 589 1203 646 quum
1217 570 1313 629 Deum

105 653 241 784 m
255 645 572 721 stflcetercoolaototes
594 645 665 706 dicit
688 647 718 706 sis
741 647 776 706 iss
797 647 968 708 inambititcr
991 651 1145 726 operando,
1168 658 1203 709 ut
1226 662 1314 729 supra

150 803 226 864 XV.
246 799 345 878 Quum
358 802 475 881 Murtyr
486 802 518 862 in
532 803 618 864 Rom.
632 824 695 884 esp.
710 804 729 865 i.
744 805 816 866 dicit
831 807 850 840 “
860 806 955 866 Deum
968 825 1033 867 esse
1046 806 1232 885 aliquomodo
1246 829 1313 868 oas-

108 883 330 977 sumpeocatiJ'
344 890 375 941 st
387 901 450 960 cap.
464 881 506 942 ix.
522 883 651 944 “Deum
674 885 889 994 qpodmmodo
903 887 1031 980 soluisse
1051 897 1204 964 peccatum
1227 888 1312 966 Adoe,

108 962 698 1124 iffelffiillilllffiiiit
711 967 1315 1127 ,tssttffirttlttlttttuttt

109 1121 296 1217 antecedens,
310 1122 360 1182 vel
373 1143 491 1216 causum
505 1123 569 1218 sine
580 1145 639 1217 qus
651 1144 719 1201 nou,
734 1126 783 1186 vel
803 1134 838 1186 ut
856 1134 938 1186 notet
958 1134 1072 1186 tantum
1090 1147 1207 1188 censum
1226 1129 1315 1189 ectio-

109 1223 166 1278 ms,
181 1222 243 1263 non
255 1222 325 1262 rsro
339 1203 466 1279 melitum,
482 1222 547 1281 quse
560 1204 604 1262 illi
617 1224 732 1264 annexa
745 1213 799 1264 est.
1005 1259 1010 1270 .

151 1283 246 1342 XVI.
268 1281 364 1357 Quum
383 1283 536 1360 Zuinglius
556 1284 593 1344 de
614 1284 732 1344 Provid.
754 1305 817 1362 esp.
837 1285 878 1344 vi.
899 1285 941 1345 its
959 1285 1096 1364 loquitur,
1120 1289 1139 1322 “
1153 1287 1216 1348 Neo
1237 1287 1316 1349 dieat

110 1364 276 1441 quisquam,
285 1363 429 1421 Innocens
438 1363 581 1440 sstlatro;
597 1365 660 1423 Deo
675 1365 752 1423 enim
765 1363 921 1444 impulsore
936 1365 1011 1442 egit:
1025 1385 1093 1426 uam
1107 1375 1208 1426 oenus
1219 1367 1316 1446 legem

109 1442 253 1521 peccavit.
295 1441 339 1502 At
351 1442 483 1519 inquies:
504 1451 621 1506 coactus
634 1452 679 1503 est
692 1445 731 1503 ad
743 1444 930 1522 peccandum.
960 1445 1108 1522 Permitto,
1123 1446 1251 1525 iuquam,
1267 1468 1315 1507 eo-

111 1533 210 1582 actum
232 1539 306 1598 csse,
329 1521 382 1582 sed
403 1523 434 1582 in
457 1522 521 1596 hoe,
545 1530 580 1582 ut
602 1523 676 1584 ulter
698 1521 900 1584 transfeiretur
921 1533 951 1585 st
974 1524 1048 1584 ulter
1070 1525 1316 1604 crucifigeretur.”

113 1603 197 1662 Licet
210 1603 303 1661 verba
316 1601 483 1662 duriuscule
495 1603 555 1661 siut
567 1603 593 1663 si
606 1603 645 1662 ad
657 1603 759 1664 rivum
772 1612 954 1682 resecentur3
968 1613 1091 1682 possunt
1103 1613 1200 1664 tamen
1215 1625 1317 1666 sanum

13 1749 15 1768 ι
112 1702 232 1742 ιειιιιιιιι
245 1682 384 1757 obtinere,
400 1682 425 1741 si
438 1681 567 1759 impulsio
581 1691 611 1742 et
623 1685 729 1744 coneto
749 1693 900 1744 sumantur
918 1685 1074 1763 improprie
1086 1703 1139 1763 pro
1159 1685 1268 1745 efficaci
1289 1695 1319 1746 et

13 1781 15 1826 ι
114 1761 307 1822 determinato
319 1762 446 1822 motione
460 1781 519 1821 non
532 1762 571 1821 ad
583 1763 770 1842 peoosndum,
785 1763 838 1824 sed
851 1763 890 1824 ad
903 1765 1058 1843 agendum.
1101 1765 1187 1825 Unde
1201 1783 1260 1825 nou
1273 1766 1318 1824 ‹li-
1364 1819 1368 1829 .

114 1843 155 1902 cit
168 1845 309 1900 ἱαινσπεηι
323 1843 387 1901 Deo
401 1843 554 1920 ἰιηριιὶιοη
561 1863 701 1920 peocasse,
717 1843 769 1904 sed
782 1851 895 1904 tuntum
909 1845 1011 1921 spois&
1025 1852 1056 1903 st
1068 1843 1149 1904 aliud
1162 1854 1207 1906 est
1221 1865 1317 1923 agere,

115 1921 197 1980 aliud
209 1941 280 1980 sero
293 1941 422 1999 mccsrc.
466 1921 579 1982 Deinde
592 1943 651 1982 non
665 1924 768 1983 usserit
780 1924 895 2002 proprie
914 1931 1045 1982 coactum
1066 1943 1139 1998 esse,
1161 1925 1213 1984 scd
1225 1925 1319 1984 veluti

115 2021 169 2079 psr
182 2001 396 2060 concessionem
410 2001 459 2077 ait,
469 2003 604 2079 permitto
617 2012 744 2063 coaehsm
757 2021 822 2080 cese,
837 2003 916 2081 quod
934 2011 979 2062 est
1000 2002 1159 2080 largientis,
1182 2003 1235 2062 ssd
1258 2023 1319 2063 nou

13 2125 14 2160 ,
114 2101 229 2160 semper
241 2080 428 2160 hypothesim
441 2082 635 2161 approbantis.

13 2167 14 2212 ἶ
155 2161 267 2220 XVII.
289 2161 337 2219 Ex
351 2161 465 2239 quibus,
481 2162 563 2220 usin
576 2163 641 2222 aliis
654 2161 727 2222 loeis
747 2161 940 2238 recensendis,
954 2163 1005 2221 vel
1023 2159 1195 2237 indicandis,
1216 2161 1318 2222 immo·

13 2235 14 2302 Ϊ
114 2259 219 2316 remur,
235 2240 346 2317 liquido
360 2249 441 2319 patet
453 2241 632 2319 iniquissime
645 2241 751 2301 fomsm
764 2261 936 2319 magnorum
948 2242 1086 2301 Virorum
1099 2241 1221 2318 traduci,
1236 2241 1319 2318 quasi

13 2333 14 2388 3
116 2319 212 2380 Deum
235 2321 347 2398 pecosti
373 2321 523 2380 authorem
547 2320 676 2398 fecerint,
699 2341 766 2382 cum
788 2329 901 2382 constet
924 2321 962 2381 sb
985 2321 1043 2382 ists
1064 2321 1246 2400 blasphemis
1269 2341 1320 2381 eos

13 2395 14 2440 fi
115 2399 309 2459 alienissimos
322 2400 420 2476 fuisse,
435 2410 465 2461 et
479 2421 542 2460 eam
556 2401 730 2461 solidissimo
743 2421 802 2460 non
817 2401 907 2460 semel
919 2400 1070 2476 refutasse,
1084 2421 1139 2461 nec
1153 2421 1191 2461 ex
1206 2400 1321 2478 scriptis

13 2505 14 2518 ι
114 2480 253 2557 ipsorum,
269 2479 327 2538 uisi
339 2500 391 2558 per
403 2480 492 2540 lulsas
513 2487 543 2540 st
562 2481 705 2541 violentas
726 2481 946 2559 consequentias
967 2481 1025 2542 tale
1045 2480 1117 2560 quid
1137 2482 1202 2541 elici
1223 2488 1319 2558 queat.

118 2559 176 2618 Sed
189 2559 319 2636 iniquius
332 2560 428 2620 adhuc
442 2560 582 2620 Eeclesiis
595 2561 702 2621 nostris
715 2561 913 2639 blasphemam
931 2561 1017 2620 istum
1038 2561 1209 2620 sententiam
1231 2560 1320 2621 tribui

116 2645 239 2714 constat,
254 2659 342 2718 quum
357 2640 559 2700 Confessiones
572 2641 705 2718 publice,
721 2649 751 2700 st
766 2642 881 2719 Scripta
894 2641 1055 2718 symbolica
1068 2649 1234 2700 constanter
1253 2641 1320 2718 reji-

116 2719 198 2778 ciunt
211 2723 242 2778 et
256 2719 444 2780 detestantur.
487 2719 558 2794 Quae
570 2739 642 2780 vero
655 2741 708 2798 pro
721 2721 867 2780 calumnia
886 2721 943 2780 ists
962 2720 1109 2799 pallianda
1128 2721 1250 2781 ulterius
1270 2741 1319 2797 pc-

117 2807 226 2874 tuntur,
242 2817 281 2857 ex
294 2799 427 2860 doctrina
439 2807 538 2860 nostru
551 2799 588 2860 de
601 2801 734 2861 Absolute
747 2801 965 2878 Reprototionis
977 2803 1101 2860 Decreta
1114 2819 1168 2861 suo
1190 2800 1255 2860 loco
1269 2815 1320 2859 ex·

117 2897 202 2938 oum
215 2889 293 2956 sumt,
309 2879 378 2940 loc.
394 2879 451 2940 IV.
466 2879 500 2955 Q.
517 2881 564 2940 14.

579 3116 774 3195 eumenio
795 3116 857 3178 un

347 3275 1091 3338 russmssanmocosmustmsmsar

159 3435 185 3494 1.
207 3434 252 3495 Ut
263 3434 450 3495 multifariam
463 3444 574 3496 errstur
587 3437 732 3496 omues
746 3435 824 3496 eirea
836 3434 1062 3510 Providentiam,
1082 3435 1120 3494 sb
1139 3433 1185 3510 iis,
1207 3434 1258 3512 qui
1270 3434 1320 3495 vel

118 3533 181 3574 eam
194 3514 311 3593 penitus
324 3525 442 3594 negant,
456 3517 505 3576 vel
514 3535 613 3576 versun
627 3517 692 3594 ejus
704 3524 844 3593 mmram,
859 3525 889 3576 st
902 3515 1009 3594 sgsndi
1022 3511 1161 3576 rationem
1175 3515 1319 3594 ignoruut,

118 3603 168 3655 aut
181 3603 376 3673 corrumpunt,
392 3596 429 3655 de
442 3596 548 3674 quihus
570 3615 657 3674 suprs
670 3603 784 3672 setum;
806 3596 855 3656 Ita
873 3615 933 3656 non
955 3595 1052 3655 minus
1075 3595 1234 3673 periculose
1253 3616 1319 3674 pcc-

117 3683 200 3768 cntur
211 3674 243 3732 in
257 3693 321 3733 sam
329 3677 459 3770 praelim
471 3676 509 3735 ab
522 3675 567 3754 iis,
583 3676 634 3754 qui
646 3684 757 3736 rectum
770 3683 801 3738 at
812 3676 976 3754 legitimum
989 3674 1221 3736 ammonicius
1234 3695 1319 3736 usum

116 3754 636 3920 mxxghfftlcmm
647 3834 801 3913 multiplex
814 3841 911 3912 petest
923 3833 994 3908 fieri,
1009 3833 1073 3892 sire
1095 3830 1133 3892 de
1155 3831 1318 3910 preteritis,

145 3931 256 4000 morsm
281 3931 361 3988 qno-t
381 3914 445 3974 sive
458 3914 495 3974 sle
515 3914 620 3975 futuris
640 3919 753 3992 agatur.
794 3915 869 3973 Nam
889 3913 987 3990 quoad
1004 3911 1162 3988 preterita,
1184 3919 1320 3988 peccatur

118 4153 255 4214 tribuitur
268 4155 365 4235 impiis
378 4154 456 4232 apud
469 4093 557 4214 Enzlsng.
571 4173 598 4213 o:
616 4153 700 4212 xviii.
715 4091 765 4227 llll,
785 4159 816 4210 et
834 4092 941 4210 xxiiii.
961 4152 1010 4224 20,
1032 4148 1116 4226 qussi
1135 4115 1319 4210 immlrentes

116 4233 312 4311 plecterentur
324 4243 442 4313 propter
454 4242 574 4312 pcecma
586 4233 689 4310 alienu,
704 4251 770 4292 cnm
784 4239 881 4290 tumen
898 4228 956 4309 ipsi
971 4229 1149 4307 justissimos
1169 4245 1320 4306 poentrum

116 4331 220 4372 camus
233 4313 265 4372 in
279 4333 310 4373 se
329 4313 543 4393 deprehendere
556 4322 675 4392 possent
690 4333 699 4373 r
719 4310 798 4390 quod
810 4309 867 4390 piis
880 4311 967 4370 stiain
987 4327 1194 4387 nonnunquam
1214 4307 1321 4368 accidit

114 4412 168 4471 per
180 4393 392 4472 impatientiam
406 4395 510 4470 earnis,
523 4411 614 4470 quum
627 4393 729 4454 rident
747 4391 900 4470 impiorum
918 4408 1065 4469 prospera,
1086 4397 1116 4448 et
1135 4388 1249 4467 piorum
1269 4387 1320 4446 sd·

115 4491 212 4548 verns,
227 4472 299 4533 Job.
312 4474 376 4532 xxi.
391 4473 420 4548 Ἰ,
435 4475 454 4532 8
466 4495 473 4549 ;
490 4472 598 4531 Psalm.
611 4473 708 4533 lxxiii.
723 4475 751 4547 2,
767 4474 805 4548 ὃς
827 4471 936 4532 Jsrem.
951 4471 1003 4528 xii.
1021 4472 1047 4528 1.
1080 4468 1135 4528 cui
1149 4467 1321 4546 opponenda

113 4553 261 4612 minio
273 4553 446 4629 humillimo,
459 4571 525 4631 que
538 4551 603 4612 viss
617 4551 812 4612 homoeusio
825 4559 861 4612 ut
872 4549 1070 4610 sanctissimas
1082 4549 1184 4608 adom
1197 4567 1319 4627 semper,

114 4632 335 4711 quussomquo
346 4632 427 4693 carni
440 4641 546 4693 nostres
560 4631 724 4709 videantur,
739 4631 834 4709 quslis
853 4631 884 4690 iu
898 4630 986 4707 Jobo,
1001 4649 1064 4708 esp.
1079 4629 1098 4689 i.
1110 4631 1159 4706 21,
1173 4639 1204 4690 st
1217 4629 1247 4688 ii.
1264 4630 1319 4706 1ος
