3152 5178
256 349 313 408 196
738 366 829 409 rocus
843 365 978 408 rannus.
1256 343 1379 428 [curer.
1395 366 1470 406 χιιι.
1567 375 1568 390 ι

257 517 346 572 tatem
359 509 468 571 habent
481 517 510 570 to'
524 507 665 586 tradendi,
686 516 721 569 ut
737 507 828 568 hebet
848 508 956 569 Glosse
968 506 1110 568 interlinc.
1152 505 1200 566 Ita
1212 511 1241 565 et
1254 509 1423 567 (1666666666
1438 515 1472 568 et

258 594 372 650 66661666
385 610 444 650 666
458 591 495 650 de
507 591 620 650 actione
638 589 702 668 ipse
721 608 760 648 ex
778 587 935 666 hypothesi
955 589 1052 648 futura
1070 585 1252 665 intelligitur,
1268 587 1320 660 sed
1332 595 1366 647 ut
1385 607 1471 666 eaepe

258 672 336 810 aplibi,
359 691 412 749 pro
425 671 538 731 6666116
551 677 582 730 66
594 670 742 730 intentione
759 669 885 748 ponitur,
907 668 948 728 id.
961 669 993 728 in
1006 668 1101 728 661666
1114 669 1217 728 taem
1230 668 1287 728 hoc
1306 667 1410 745 166666,
1434 677 1475 728 ut

290 760 327 811 ct.
342 751 394 810 xii.
409 754 436 824 6,
453 761 482 811 66
495 750 556 810 xvi.
572 754 620 810 27.

299 831 390 890 XVI.
405 832 504 891 Verba
518 831 633 906 Christi,
650 829 756 889 Matth.
770 828 811 889 xi.
827 829 875 905 22,
891 832 939 890 23.
960 829 996 889 St
1004 828 1075 907 epm·
1085 827 1114 889 'ct
1125 829 1239 906 Sydonc
1244 831 1335 906 sactae
1339 829 1472 905 ,61616666

258 912 381 987 61666666,
402 931 467 990 qnoe
478 915 568 987 factm
585 919 650 970 6666
672 911 823 984 16666666,
845 911 911 968 olim
934 930 998 968 cum
1015 930 1096 970 sacco
1116 919 1144 968 et
1162 911 1255 969 cinere
1274 911 1471 986 reciperassent,

258 1011 318 1052 non
331 1001 399 1052 sunt
412 992 451 1050 ad
463 993 576 1051 literam
589 990 728 1068 urgenda,
743 989 827 1067 quasi
840 997 975 1067 ageretur
988 989 1024 1050 de
1043 1010 1075 1050 re
1088 989 1186 1067 aliqua
1199 1009 1264 1068 quse
1279 990 1401 1050 subhac
1418 991 1472 1049 vel

258 1072 310 1131 illa
324 1072 487 1132 conditione
501 1071 690 1131 determinate
704 1069 898 1130 6666616666
940 1071 1016 1129 Nam
1030 1079 1075 1130 est
1088 1071 1295 1146 appensam
1304 1079 1334 1129 et
1341 1091 1473 1148 procer-

259 1153 331 1212 hz'nte
345 1153 477 1230 loquendi
493 1173 589 1230 penna,
608 1151 660 1212 ubi
680 1151 812 1210 Christus
826 1149 927 1210 odiosa
940 1149 1056 1210 Judaeis
1069 1152 1282 1228 comparatione
1295 1151 1360 1210 vult
1374 1170 1472 1228 exag-
1567 1205 1568 1222 ,

259 1253 361 1310 gerare
384 1232 594 1294 contumaciam
615 1239 644 1290 et
663 1231 850 1289 rebellionem
873 1249 972 1290 aarum
995 1230 1119 1307 urbium,
1144 1251 1210 1308 qum
1233 1230 1381 1290 miraculis
1402 1233 1474 1290 suis
1567 1229 1568 1240 ¹

260 1313 460 1390 inclaruerant,
476 1332 564 1391 quam
577 1321 610 1371 ut
622 1307 817 1393 agitanda-rae
834 1319 956 1370 noverat
969 1311 1107 1388 majorem
1125 1319 1155 1370 et
1173 1311 1391 1370 obstinatiorem
1403 1331 1474 1369 ma·

259 1392 324 1452 litis
337 1393 490 1470 Tyriorum
504 1402 534 1452 et
549 1391 742 1452 Sidoniorum.
786 1391 834 1450 Sic
849 1391 981 1450 Christus
1001 1410 1059 1450 non
1078 1391 1207 1468 loquitur
1225 1411 1264 1450 err
1284 1390 1477 1469 praescientia

143 1547 144 1550 ¹
260 1473 298 1532 de
311 1473 397 1532 rebus
411 1473 479 1533 ullis
493 1472 597 1532 futuris
610 1471 823 1546 conditionstis,
839 1471 891 1530 scd
901 1471 1007 1530 usitata
1016 1470 1175 1549 hyperbole
1186 1491 1267 1530 suam
1279 1472 1301 1531 J
1302 1471 1393 1530 udaeis
1405 1491 1477 1549 prae

261 1553 358 1631 Tyriis
371 1561 401 1613 et
416 1553 544 1613 Sidoniis
557 1552 622 1612 vult
634 1551 871 1630 ingratitudinem
885 1559 915 1610 et
928 1551 1167 1629 impoenitentiam
1180 1552 1373 1630 exprobrare:
1394 1571 1474 1630 quo·
1567 1611 1568 1636 ¹

261 1633 347 1694 modo
359 1633 384 1692 si
393 1641 552 1712 preceptor
562 1631 677 1691 tardum
687 1631 813 1708 aliquem
824 1639 853 1690 66
862 1630 985 1690 bardum
993 1632 1167 1709 discipulum
1177 1631 1328 1708 alloquens
1339 1631 1475 1709 diceret3
1567 1687 1568 1700 ,

262 1713 288 1774 61
300 1713 402 1774 tandiu
416 1713 529 1772 asinum
538 1712 710 1788 docuissem,
725 1712 782 1770 hoc
794 1728 853 1770 non
866 1711 1013 1789 ignoraret
1024 1733 1032 1787 3
1052 1712 1101 1770 vel
1114 1711 1151 1770 de
1161 1711 1183 1771 J
1184 1711 1270 1770 udice
1283 1712 1472 1789 inexorabili,
1567 1701 1568 1732 r

262 1794 409 1854 sitandin
429 1813 501 1854 sexa
521 1801 550 1852 et
571 1811 658 1870 rupes
678 1792 847 1869 pulsassem,
870 1811 920 1851 eas
940 1791 1109 1870 fregissem
1130 1809 1189 1850 non
1209 1791 1241 1849 id
1254 1791 1398 1869 volumus,
1417 1793 1475 1850 vel

261 1893 348 1952 rupes
362 1893 447 1952 posse
461 1873 575 1950 molliri,
590 1871 639 1932 vel
659 1872 773 1932 asinum
793 1891 878 1950 posse
892 1871 999 1948 doceri,
1019 1871 1071 1932 sed
1091 1879 1204 1931 tantum
1224 1872 1381 1930 maximam
1402 1891 1472 1932 esse

261 1955 340 2014 illins
354 1954 490 2031 discipuli
508 1954 683 2028 tarditatem,
702 1960 732 2012 et
751 1951 836 2012 istius
849 1951 965 2011 Jndicis
979 1951 1122 2011 duritiem.
1164 1952 1209 2011 Eo
1223 1951 1310 2011 modo
1324 1951 1470 2026 Christus,

264 2035 412 2095 Luceria.
428 2035 568 2111 466616·
585 2035 694 2109 sileant,
715 2033 825 2110 lapidea
844 2034 1011 2106 clearchum,
1032 2049 1091 2090 non
1111 2032 1195 2109 quasi
1214 2030 1328 2109 lapides
1341 2031 1472 2092 clamare
1567 2045 1568 2096 t

262 2115 383 2194 possint,
399 2115 452 2174 sed
464 2123 498 2174 66
511 2113 645 2174 ostendat
657 2131 810 2191 personam
824 2131 914 2188 suam,
930 2111 1089 2172 doctrinam
1103 2121 1133 2170 et
1146 2131 1241 2190 opera,
1257 2111 1298 2170 ita
1312 2131 1376 2171 esse
1391 2112 1474 2172 clara
1567 2167 1568 2182 ,

262 2205 293 2254 66
306 2195 476 2272 Indubitate,
491 2203 526 2254 ut
542 2214 602 2254 non
621 2193 734 2272 possint
747 2192 871 2270 emplius
885 2192 1032 2252 occultari.
1074 2191 1184 2252 Similis
1203 2192 1285 2251 locus
1298 2200 1344 2252 est
1359 2192 1471 2252 Erech.
1567 2257 1568 2280 ¹

262 2273 304 2333 iii.
319 2278 347 2349 6,
362 2275 579 2333 Sitemier'asem
592 2273 878 2350 adpopntm’qaom
891 2273 1001 2350 lingum,
1016 2272 1405 2332 neenectilicresscrcltnseent.¹

303 2353 411 2412 XVII.
434 2358 452 2412 2
469 2354 546 2412 sam.
556 2353 612 2412 xii.
627 2355 655 2428 8,
672 2351 817 2429 Propheta
834 2362 984 2413 enumerat
1003 2352 1143 2412 beneficia
1162 2351 1221 2410 Dei
1236 2371 1308 2429 erge
1321 2351 1471 2412 Davidem

262 2432 417 2510 ingratum,
429 2433 535 2510 quibus
547 2433 659 2509 majora
670 2430 823 2490 additurus
833 2430 944 2507 ferisset,
959 2432 984 2490 si
995 2432 1094 2491 David
1108 2433 1138 2489 In
1148 2431 1313 2492 obedientie
1325 2433 1471 2510 perstitis-

262 2521 315 2589 set,
337 2531 396 2571 non
410 2531 448 2570 ex
461 2511 576 2570 decreto
595 2510 693 2589 aliquo
711 2510 907 2588 conditionali,
923 2511 972 2570 vel
993 2532 1031 2571 ex
1052 2511 1172 2571 scientia
1188 2512 1295 2588 medis,
1311 2513 1364 2572 sed
1379 2513 1474 2590 juxta

262 2591 481 2670 promissionem
502 2591 603 2669 pietati
624 2590 739 2650 1666616.
782 2584 830 2650 166
850 2591 899 2651 Ρ6.
920 2590 1017 2653 lxxxi.
1039 2595 1085 2668 lt,
1109 2593 1154 2666 15,
1175 2599 1294 2652 notatur
1314 2591 1472 2671 promissio

262 2672 465 2731 conditionalis
479 2691 545 2730 cum
559 2670 781 2749 exprobratione
791 2670 1025 2749 ingratitudinis,
1041 2671 1093 2732 sed
1105 2671 1178 2730 nihil
1190 2672 1315 2732 hebetur
1328 2672 1473 2733 defuturi

263 2751 452 2812 conditioneti
471 2751 652 2830 praescientia
671 2759 738 2811 ante
756 2750 913 2812 decretum.
956 2752 1068 2811 Ilodem
1088 2751 1175 2811 modo
1195 2751 1388 2831 intelligenda
1400 2763 1473 2814 sunt

262 2831 354 2891 verba
367 2831 476 2907 Elisaei,
491 2835 509 2890 2
525 2831 599 2909 Reg.
614 2831 676 2890 xiii.
690 2833 737 2908 19,
751 2830 790 2890 ad
803 2831 944 2908 Joasum;
963 2832 999 2892 Si
1009 2841 1117 2891 tecam
1125 2832 1309 2909 percussisses
1322 2833 1473 2910 pacisquiea

262 2921 314 2972 aet
331 2913 429 2990 666166,
447 2913 631 2990 percutentes
651 2913 739 2989 Syos
759 2913 802 2971 ad
819 2913 1032 2972 internecionem
1051 2932 1158 2990 66966,
1185 2931 1245 2970 666
1263 2913 1344 2990 qnod
1364 2913 1397 2972 id
1417 2933 1473 2992 per

264 2993 414 3052 scientiam
427 2991 760 3070 mediamcognosceret,
776 2991 829 3052 sed
842 2993 910 3071 quia
924 2993 1069 3072 Propheta
1081 2991 1258 3053 revelatione
1272 2993 1374 3053 divina
1387 2992 1471 3054 inde·

262 3073 344 3133 finite
358 3073 434 3132 16666
446 3073 479 3132 id
491 3093 544 3152 pro
558 3071 663 3132 affectu
676 3071 835 3150 colligeret.

267 3159 269 3166 “
304 3154 431 3214 XVIII.
452 3153 545 3213 Aliud
565 3161 610 3214 est
630 3153 726 3213 Deum
745 3151 905 3231 previdere
925 3155 973 3214 vel
994 3172 1169 3231 cognoscere
1191 3153 1404 3214 connexionem
1427 3154 1470 3215 rei
1567 3193 1568 3240 ι

262 3234 349 3293 66166
363 3253 429 3293 cum
447 3233 505 3292 6116
517 3253 547 3293 6.
562 3253 591 3312 g.
605 3233 717 3311 peccati
730 3254 796 3292 cum
810 3243 910 3308 morte,
925 3242 955 3293 et
970 3234 1092 3311 justitia
1111 3254 1177 3294 cum
1190 3235 1269 3312 vita;
1292 3234 1387 3295 Aliud
1400 3255 1470 3313 cog·
1567 3241 1568 3280 ἐ

263 3332 382 3372 noscere
396 3315 605 3373 connexionem
619 3312 703 3373 istam
714 3323 747 3374 ut
757 3314 882 3374 futuam
895 3313 989 3372 intuli
999 3314 1137 3391 subjecto,
1151 3313 1182 3372 in
1196 3315 1251 3374 hoc
1262 3315 1311 3375 661
1324 3316 1378 3375 1116
1392 3325 1470 3376 statu
1567 3299 1568 3324 ³

264 3393 431 3452 constituto.
466 3393 533 3452 Hoc
546 3393 682 3470 postulat,
698 3393 845 3452 decretum
855 3393 982 3470 aliquod,
997 3412 1055 3470 quo
1066 3401 1209 3454 statuatur
1218 3395 1290 3473 qnid
1304 3395 1384 3455 circa
1397 3395 1471 3456 illud
1567 3387 1568 3436 3

263 3471 427 3549 subjectum
446 3471 510 3532 lieri
529 3471 633 3548 debet;
656 3472 735 3531 Illud
748 3493 818 3532 vero
839 3480 935 3552 potest
954 3471 1069 3533 fundari
1090 3475 1121 3532 in
1141 3474 1205 3534 6616
1223 3476 1420 3556 possibilitate
1438 3485 1470 3536 et
1567 3495 1568 3550 j

262 3549 433 3611 habitudine
446 3551 788 3612 rerumadseinvicem.
979 3548 983 3558 '
1567 3575 1568 3588 ι

304 3629 400 3690 XIX.
422 3629 517 3691 Aliud
535 3641 580 3692 est
599 3631 694 3691 Deum
708 3651 883 3711 cognoscere
897 3652 997 3693 omnes
1016 3634 1143 3693 omnium
1161 3654 1257 3695 rerum
1272 3637 1470 3696 connexiones
1567 3681 1568 3686 η

262 3717 296 3770 66
319 3711 503 3788 necessarias,
529 3719 559 3771 et
581 3731 677 3772 rerum
697 3732 749 3792 per
772 3713 838 3772 illas
860 3722 1063 3773 eventurarum
1083 3733 1184 3775 causas
1206 3716 1413 3776 antecedenter
1432 3716 1472 3775 ad
1567 3725 1568 3742 ²

263 3789 428 3868 decretum
459 3792 552 3852 Aliud
573 3811 660 3852 nosse
684 3793 879 3853 connexiones
903 3794 1104 3872 confingentes
1127 3804 1293 3872 eventuum,
1320 3806 1350 3857 66
1374 3817 1471 3856 rerum

263 3872 392 3932 omniurn
412 3872 589 3950 possibiliter
608 3872 786 3950 futurarum,
807 3873 833 3933 61
854 3873 928 3932 illud
951 3873 1076 3949 (1666666,
1097 3883 1196 3952 posset
1216 3876 1346 3954 scientiae
1367 3877 1472 3936 mcdiae

262 3951 369 4028 favere,
385 3953 437 4012 sed
450 3952 555 4012 falsum
569 3961 622 4028 est,
638 3953 733 4012 Deum
748 3971 847 4012 omnes
861 3952 989 4012 omniurn
1001 3973 1098 4014 rerum
1111 3955 1307 4016 connexiones
1322 3964 1356 4016 ut
1370 3976 1471 4016 necee-

263 4033 362 4110 sarius,
387 4042 418 4092 et
440 4041 577 4093 eventum
599 4051 695 4093 rerum
722 4031 913 4092 infallibiliter
938 4033 1128 4112 producturae
1151 4035 1278 4094 maxime
1298 4036 1331 4094 in
1356 4038 1473 4096 actibus

261 4111 362 4174 liberis
376 4133 549 4193 cognoscere
563 4112 765 4172 antecedenter
778 4112 817 4171 nd
836 4112 991 4189 decretum,
1007 4134 1025 4173 6
1038 4133 1096 4190 quo
1109 4114 1204 4174 onmis
1219 4135 1316 4174 rerum
1337 4115 1473 4176 futuritio

262 4193 388 4270 pendete
404 4193 547 4272 posterius
554 4213 625 4252 vero
635 4193 714 4271 quod
724 4191 917 4270 concedimus,
929 4211 987 4252 non
997 4193 1083 4253 infert
1094 4193 1156 4252 dari
1166 4195 1317 4255 scientiam
1327 4197 1471 4272 mediam;

261 4271 331 4350 quia
354 4275 548 4334 connexiones
569 4271 712 4352 ejusmodi
735 4271 935 4349 contingentes
956 4272 1101 4350 pertinent
1121 4282 1234 4334 tantum
1255 4275 1293 4334 sd
1317 4276 1471 4336 scientiam

261 4353 430 4431 naturalem,
452 4354 568 4432 qnando
586 4353 804 4414 considerantur
823 4351 1027 4412 antecedenter
1046 4353 1084 4412 ad
1104 4353 1251 4414 decretum
1271 4355 1471 4417 determinans

262 4429 378 4490 illarum
392 4434 605 4494 connexionum
618 4443 669 4494 666
681 4431 842 4492 mediorum
855 4441 964 4492 certam
977 4433 1184 4494 futuritioncm.

303 4509 381 4570 XX.
403 4512 488 4586 Quod
501 4513 662 4591 concipitur
674 4533 693 4572 6
706 4513 770 4571 Deo
784 4511 1059 4590 essedetenninate,
1080 4513 1155 4573 illud
1174 4513 1263 4574 etiem
1282 4515 1469 4593 pronunciari

262 4595 358 4664 potest
379 4609 442 4649 esse
463 4591 665 4667 determinate3
687 4592 765 4669 quod
784 4609 856 4651 vero
877 4593 1038 4671 concipitur
1057 4593 1172 4654 demum
1193 4613 1259 4654 esse
1279 4596 1466 4672 possibiliter,

262 4665 335 4724 illud
355 4672 560 4744 pronunciatur
577 4671 693 4732 demum
713 4671 891 4751 possibiliter
904 4691 977 4732 6666.
1019 4673 1063 4733 Ar
1074 4674 1266 4734 'coexistentia
1280 4684 1365 4736 actus
1385 4675 1468 4736 liberi
