3250 5176
191 324 302 374 cuissr.
317 305 387 386 vm]
418 313 424 326 '
691 322 730 362 nu
745 321 886 364 rscosro.
1337 307 1393 364 551

189 465 325 525 habuerit
335 465 450 542 referre,
460 464 531 544 quid
541 463 645 524 mulier
654 470 765 524 tentata
774 463 882 523 viderit
892 470 922 522 ct
932 461 1084 537 audiverit,
1096 462 1226 541 adeoque
1236 482 1295 522 nou
1306 473 1398 525 tenta·

190 553 283 604 torem
299 545 463 621 Diabolum,
479 545 531 604 sed
542 545 635 605 solum
646 552 808 621 serpentem
820 543 874 601 sub
884 561 942 619 quo
953 543 1062 602 latebat
1071 544 1103 600 in
1113 563 1229 602 scenam
1240 544 1398 621 producat3

190 626 263 684 satis
277 632 373 684 tamen
387 645 425 684 ex
445 625 566 684 historia
586 623 754 684 tentationis
768 622 867 700 colligi
887 630 1001 699 potest:
1024 623 1096 680 Cum
1110 624 1186 681 enim
1208 625 1334 701 serpenti
1355 624 1398 683 lo·

191 705 278 782 quala
291 724 309 762 a
321 713 425 764 natura
443 724 501 763 nou
521 705 638 778 inesset,
653 703 854 762 multominus
875 701 978 780 peritia
991 703 1221 778 argumentandi,
1237 705 1399 763 necessario

191 783 293 843 debuit
306 783 450 862 proficisci
470 803 488 842 a
508 791 639 843 creatura
652 783 750 861 aliqua
763 782 953 858 intelligente,
969 801 1034 860 quae
1049 782 1130 840 nulla
1143 784 1238 859 potuit
1251 793 1320 844 tunc
1335 803 1399 844 esse

192 871 296 941 praeter
311 864 476 923 Diabolum.
505 863 592 922 Adde
607 862 685 940 qued
699 861 819 922 effectus
832 861 980 920 moraliter
990 861 1091 935 malus,
1107 862 1202 938 qualis
1213 863 1267 922 fuit
1278 865 1399 922 tentatio

191 952 222 1002 at
235 943 365 1003 seductio
385 943 635 1021 protoplastorum,
659 961 775 1010 causam
789 941 890 1000 debuit
910 941 1017 1000 hebere
1037 942 1185 1001 moraliter
1205 943 1318 1017 malam,
1334 963 1400 1021 quae

191 1031 276 1082 extra
297 1023 453 1082 Diabolum
474 1023 629 1101 quaerenda
650 1040 708 1080 non
733 1022 796 1081 fuit
839 1021 973 1098 Denique
996 1039 1083 1098 poena
1106 1021 1257 1080 Tentatori
1280 1021 1398 1098 inflicta,

189 1103 234 1170 ,ita
261 1111 413 1162 externum
441 1110 602 1180 serpentem
629 1109 748 1179 spectat,
774 1109 807 1162 ut
834 1101 921 1178 longe
945 1103 1043 1160 verius
1071 1109 1101 1160 et
1127 1100 1241 1178 plenius
1267 1102 1399 1161 Daemoni

192 1183 355 1257 conveniat,
376 1182 427 1259 qui
448 1203 466 1240 a
485 1181 599 1241 Christo
620 1182 761 1241 contritus
780 1189 833 1258 est,
850 1180 927 1240 Heb.
942 1180 972 1240 ii.
990 1183 1044 1258 143
1068 1181 1247 1258 Col.ii.15;
1269 1190 1299 1240 et
1313 1182 1398 1243 Rom.

193 1263 256 1321 xvi.
272 1265 321 1321 20.

234 1342 295 1401 XI.
321 1342 477 1402 Diabolum
497 1361 567 1401 vere
587 1361 645 1401 uon
667 1342 761 1402 solum
783 1341 832 1400 hic
853 1340 989 1416 adfuisse,
1016 1341 1067 1400 sed
1092 1341 1146 1401 sub
1169 1341 1308 1420 Serpente
1328 1363 1399 1402 vcro

191 1423 312 1482 latuisse
327 1431 356 1481 et
376 1422 504 1482 locutum
518 1441 589 1497 esse,
609 1423 701 1481 multa
720 1421 861 1498 probant:
883 1421 958 1480 ‘lum
973 1421 1097 1498 simplex
1111 1429 1140 1480 et
1154 1422 1232 1480 nuda
1247 1423 1340 1482 Mosis
1354 1443 1398 1481 re-

190 1502 271 1577 latio,
287 1522 351 1579 quse
365 1511 473 1560 temere
493 1501 524 1560 iu
538 1501 706 1578 allegoriam
725 1520 785 1560 nou
803 1509 848 1559 est
860 1499 1018 1559 vertenda:
1040 1501 1114 1559 'hun
1138 1501 1286 1578 Serpentis
1307 1502 1399 1579 ipsius

191 1591 329 1658 tanquam
344 1581 524 1641 callidissimi
537 1583 612 1640 iuter
624 1581 732 1640 bestias
743 1580 806 1658 agri
817 1579 987 1657 descriptie;
1009 1579 1084 1639 Tum
1095 1580 1219 1658 denique
1233 1601 1326 1658 poena,
1334 1601 1400 1658 quae

192 1662 237 1720 illi
250 1681 304 1721 ceu
317 1661 495 1722 seductionis
508 1661 698 1720 instrumento
711 1679 770 1718 non
783 1660 880 1718 minus
893 1680 928 1718 ac
946 1659 1071 1719 Diabolo
1091 1660 1201 1719 inflicta
1214 1670 1275 1736 est;
1298 1681 1398 1738 quem-

193 1741 348 1800 admodum
362 1741 463 1802 Judex
484 1740 632 1800 falsarium
650 1759 710 1799 una
724 1761 791 1799 cum
805 1739 917 1798 calaum
930 1739 1057 1816 damnat,
1073 1747 1103 1799 et
1117 1740 1251 1799 sicarium
1266 1760 1331 1800 cum
1346 1762 1398 1802 suo

193 1821 261 1898 telo,
276 1830 306 1881 et
326 1822 430 1880 bovem
444 1829 629 1898 cornupetam
645 1820 725 1878 Deus
742 1839 802 1879 una
820 1839 885 1878 cum
907 1819 1024 1879 domino
1038 1819 1132 1879 occidi
1144 1820 1246 1894 voluit,
1267 1821 1292 1879 si
1312 1841 1399 1898 quem

192 1901 305 1961 feriiset
316 1921 368 1978 par
380 1901 489 1960 domini
503 1900 719 1978 negligentiam,
732 1899 829 1958 Exod.
840 1899 901 1958 xxi.
913 1901 962 1958 29.
998 1899 1085 1958 Unde
1098 1908 1178 1977 patet
1192 1899 1399 1959 admittendam

193 2001 252 2040 nou
272 2001 335 2040 esse
356 2000 455 2041 eorum
476 1981 655 2054 sententiam,
677 1981 728 2057 qui
748 1987 815 2058 post
830 1980 969 2055 cyrillum
982 1988 1012 2038 et
1025 1981 1205 2056 Euqithinum
1224 1979 1399 2057 pertendunt

195 2060 365 2139 Serpentem
378 2081 481 2120 verum
494 2060 606 2120 nullum
627 2060 674 2119 hic
694 2060 792 2133 fuisse,
815 2059 868 2118 sed
889 2058 1045 2118 Diabolum
1066 2059 1121 2118 sub
1140 2059 1225 2118 istius
1244 2059 1398 2118 animantis

193 2161 279 2202 carue
297 2142 398 2219 primis
415 2140 583 2219 parentibus
603 2139 746 2214 illusisse;
768 2139 827 2198 Vel
840 2159 939 2198 eorum
954 2139 1005 2216 qui
1024 2148 1092 2216 post
1106 2139 1282 2214 C'ojctonum,
1297 2139 1398 2216 nequi·

193 2221 261 2278 dem
274 2230 424 2280 externam
439 2221 580 2298 serpentis
600 2220 755 2296 imginem
775 2219 824 2278 hic
838 2219 1003 2294 admittunt,
1019 2219 1070 2278 scd
1091 2239 1109 2276 a
1123 2219 1185 2278 solo
1200 2219 1324 2277 Diabolo
1339 2239 1398 2278 ser·

193 2300 289 2378 pentis
302 2302 417 2360 nomine
430 2301 479 2359 hic
492 2299 647 2376 indigitato
661 2319 722 2358 rem
736 2307 826 2358 totam
840 2307 986 2375 peractam
1000 2299 1120 2373 volunt,
1142 2299 1316 2357 reclamante
1331 2299 1399 2359 licet

193 2389 256 2440 tota
275 2379 442 2441 tentationis
462 2380 590 2455 historia,
612 2399 677 2456 quae
698 2378 805 2438 frustra
827 2378 975 2455 Serpentis
995 2378 1169 2436 mentionem
1192 2378 1345 2455 injecisset,
1370 2387 1400 2438 et

193 2479 292 2520 eorum
307 2461 434 2520 omnium
449 2479 513 2538 quos
528 2460 564 2518 ab
579 2479 613 2518 eo
634 2467 780 2536 gestaaut
794 2457 954 2516 dictasunt
968 2458 1006 2515 ad
1026 2458 1125 2516 oculos
1139 2465 1169 2516 et
1189 2477 1272 2516 aures
1293 2458 1398 2535 primo·

192 2560 257 2600 rum
276 2549 427 2618 parentum
447 2539 612 2618 pulsandas,
635 2539 660 2598 si
683 2538 772 2598 Satan
790 2537 949 2598 tentatione
970 2537 1084 2596 interna
1097 2537 1177 2596 solus
1189 2537 1245 2597 hoc
1260 2546 1400 2598 executus

192 2620 304 2679 luisset.

234 2701 312 2758 XII.
325 2701 426 2776 Neque
434 2701 490 2759 hoo
498 2699 577 2778 ipsos
586 2701 727 2760 Etbnicos
735 2700 850 2779 penitus
858 2699 960 2760 latuit:
975 2699 1091 2759 Nemeo
1099 2718 1158 2758 uon
1167 2699 1288 2759 obscure
1296 2699 1399 2759 viden·

193 2789 242 2840 tur
257 2779 409 2855 respicere,
424 2799 489 2856 quas
506 2799 524 2838 a
545 2780 703 2838 Pherecide
719 2781 793 2857 Syro
812 2780 974 2839 referentum
987 2779 1023 2838 de
1046 2781 1196 2856 Ophionco,
1212 2799 1298 2856 quem
1313 2787 1400 2838 vocat

194 2859 344 2918 duetorem
354 2857 534 2934 Damonem,
546 2877 620 2935 quos
633 2859 707 2917 coelo
716 2859 738 2917 J
738 2859 834 2936 opiter
846 2859 1013 2918 exturbavit
1024 2881 1031 2933 ;
1053 2867 1083 2918 et
1113 2879 1158 2918 uae
1172 2859 1209 2917 ab
1220 2859 1284 2917 aliis
1298 2859 1398 2918 dicuu-

194 2948 242 2999 tur
266 2937 303 2997 de
328 2939 466 3014 Serpente
492 2937 625 3014 Pythone
650 2937 781 2996 confecto
803 2937 840 2996 ab
863 2938 1019 3014 Apolline;
1041 2947 1071 2996 et
1093 2879 1129 2996 de
1152 2957 1196 3012 eo,
1220 2939 1267 2996 cui
1286 2938 1400 3014 Sibylla

195 3019 325 3078 Cumana
346 3017 424 3095 apud
441 3017 598 3095 Virgilium
622 3017 748 3075 minatur
769 3016 916 3076 interitum
941 3016 1079 3075 redeunte
1100 3016 1232 3093 Virgine,
1259 3025 1289 3075 et
1313 3017 1400 3074 chara

196 3097 252 3157 Dei
276 3097 385 3173 sobole,
405 3117 511 3174 magno
533 3096 621 3156 Jovis
644 3097 830 3170 incremento,
848 3095 982 3154 Saturnia
1005 3115 1096 3172 regna
1119 3102 1293 3172 revocante;
1327 3095 1399 3170 Qua

195 3177 281 3237 etiam
295 3185 448 3236 nouantur
461 3177 498 3236 de
514 3177 646 3236 Dracone
660 3175 790 3253 vigiliis
805 3174 999 3252 Hesperidum
1013 3175 1098 3232 horto
1112 3193 1199 3233 aurea
1212 3175 1289 3232 mela
1303 3183 1399 3234 custo·

194 3257 300 3317 cliente.
342 3257 404 3316 Nec
425 3258 483 3316 alia
503 3256 539 3315 de
561 3275 648 3315 causa
663 3255 804 3314 Diabolus
824 3262 905 3313 tanto
919 3253 1016 3312 studio
1029 3253 1146 3312 videtur
1159 3273 1274 3312 curasse
1289 3254 1399 3313 cultum

194 3337 362 3415 religiosum
368 3336 472 3396 deferri
485 3335 716 3414 Serpentibusab
722 3333 874 3412 AEgyptiis
880 3342 910 3393 et
920 3333 993 3408 aliis,
1000 3333 1057 3392 nisi
1063 3333 1132 3410 quia
1137 3331 1259 3392 feliciter
1267 3343 1399 3410 serpente

193 3435 264 3476 usus
279 3424 340 3476 erat
353 3416 391 3476 ad
411 3417 536 3476 hominis
550 3415 756 3474 seductionem.
799 3413 878 3472 Hinc
893 3421 1008 3472 vetares
1025 3413 1141 3489 Ophites,
1164 3411 1321 3490 dequibus
1336 3413 1398 3472 Au-

195 3503 272 3573 gust.
300 3497 368 3555 haer.
393 3499 439 3572 1⁷,
463 3503 493 3554 at
514 3494 703 3573 Epiphanius,
731 3494 800 3552 har.
829 3497 874 3567 17,
897 3500 1057 3569 serpentem
1083 3511 1195 3550 summa
1215 3493 1400 3552 veneratione

194 3583 263 3634 suut
275 3576 428 3654 prosecuti,
436 3574 515 3652 quod
522 3575 678 3653 primorum
689 3581 840 3652 parentum
854 3572 954 3633 oculos
967 3572 1134 3650 apemisset,
1142 3581 1172 3631 et
1179 3591 1230 3631 eos
1240 3571 1278 3630 ad
1287 3573 1399 3650 sapien·

196 3656 267 3714 tiam
281 3655 467 3714 traduxisset

236 3735 332 3794 XIII.
348 3734 423 3809 Quia
436 3754 505 3794 vero
519 3755 573 3794 nce
584 3734 691 3808 Homo,
703 3753 757 3794 nec
769 3733 911 3794 Diabolus
921 3731 1076 3809 quicquam
1090 3731 1253 3810 potuissent
1267 3730 1327 3790 sine
1344 3731 1400 3791 Dei

195 3813 394 3890 providentia,
423 3814 591 3873 Videndum
614 3821 752 3892 superest,
770 3812 916 3890 quomodo
938 3811 986 3870 hic
1009 3812 1070 3870 siue
1091 3810 1151 3869 ulla
1171 3819 1267 3869 mmen
1289 3812 1400 3887 peccati

196 3893 364 3951 causalitate
385 3902 500 3954 versata
513 3894 551 3953 sit
565 3893 762 3953 sanctissime:
792 3893 853 3951 Nec
874 3892 951 3950 enim
972 3899 1094 3949 eventus
1107 3890 1181 3949 tenti
1194 3891 1340 3966 momenti,
1362 3911 1400 3949 ex

195 3991 254 4050 quo
271 3971 372 4031 muudi
385 3971 473 4031 facies
487 3981 548 4032 tota
561 3993 634 4050 pene
649 3973 794 4032 immutari
808 3971 917 4046 debuit,
940 3991 975 4030 eo
988 3971 1037 4029 vel
1057 3970 1157 4044 inscio,
1172 3970 1221 4028 vel
1234 3970 1335 4044 invito,
1352 3971 1399 4029 vel

194 4053 287 4112 otioso
301 4060 414 4112 tantum
429 4060 597 4129 spectatore,
612 4052 769 4130 contigisse
778 4051 835 4111 dici
848 4058 952 4128 potest,
963 4048 1041 4127 quod
1055 4068 1111 4108 non
1127 4048 1206 4107 aliud
1219 4049 1302 4124 foret,
1312 4069 1400 4126 quam

194 4132 325 4192 universi
338 4131 438 4192 muudi
453 4131 583 4208 regimen
598 4132 661 4190 Deo
675 4133 824 4208 abrogare.
861 4128 1063 4190 Diversimode
1082 4137 1178 4188 autem
1192 4128 1290 4206 lapsus
1304 4137 1400 4206 potest

193 4212 296 4271 cadere
311 4212 365 4271 sub
380 4211 436 4270 Dei
451 4211 689 4285 Providentiam
705 4212 763 4271 Vel
776 4210 888 4270 ratione
897 4209 1092 4286 proesciostioe,
1104 4209 1173 4286 quia
1187 4208 1269 4267 illum
1283 4209 1398 4285 praesci-

194 4290 239 4354 rit
252 4291 516 4365 infallibiliter,Vel
529 4291 641 4350 ratione
655 4292 767 4365 demeti,
782 4291 851 4366 quia
864 4289 994 4348 decrevit
1008 4289 1072 4366 ejus
1085 4287 1283 4347 fuhrntioncm
1297 4288 1399 4346 immu-

195 4368 331 4444 tabiliter,
347 4369 405 4428 Vel
425 4370 535 4428 ratione
551 4370 744 4445 permissionis
764 4370 887 4428 actualis
906 4369 936 4426 in
956 4377 1094 4445 tempore,
1109 4368 1178 4443 quia
1194 4365 1324 4442 permisit
1337 4366 1400 4424 fieri

194 4447 340 4506 liberrime
354 4456 384 4506 et
397 4447 505 4507 direxit
519 4449 739 4524 sapientissime.
763 4449 822 4508 Sed
835 4447 1094 4526 quomodocunque
1108 4446 1184 4504 circa
1198 4445 1271 4502 illud
1285 4455 1400 4504 versata

194 4527 241 4601 sit,
258 4526 438 4586 sanctissime
452 4543 565 4604 semper
579 4546 610 4585 se
624 4527 654 4584 in
668 4547 703 4586 co
716 4527 848 4602 exeruit,
869 4535 903 4586 ut
917 4527 997 4585 nulla
1009 4526 1075 4584 ideo
1089 4525 1137 4583 vel
1155 4523 1275 4580 minima
1288 4524 1398 4599 peccati

193 4606 275 4668 labes
295 4605 351 4684 ipsi
365 4605 490 4664 adscribi
503 4605 613 4683 possit:
634 4605 696 4666 Nec
709 4607 778 4683 quia
786 4607 938 4683 prescivit,
950 4605 1018 4682 qnia
1031 4603 1211 4682 praescientia
1225 4621 1283 4659 non
1297 4610 1342 4662 est
1355 4623 1399 4662 re·

262 4722 274 4755 h
