3044 5180
251 324 311 382 250
700 337 791 378 nocue
805 335 941 378 merrus
1231 313 1450 394 [eumenum.

354 548 359 558 Ι
465 546 471 558 .
535 479 596 538 IX.
612 479 649 537 In
663 499 697 537 ee
711 477 883 557 explicanda
897 472 1230 536 duoextremevitanda
1241 481 1317 548 sunt,
1328 493 1388 550 que
1398 493 1451 550 grn-

254 547 494 651 luffiliffifflffi
515 559 700 618 vissimarum
713 559 867 618 haeresium
881 558 963 636 origo
977 557 1101 616 fuerunt.
1131 555 1216 613 Hinc
1230 554 1450 630 Sabddaummm,

282 679 368 709 narum
389 665 455 708 inter
468 677 493 708 ,θ
514 659 531 698 a
548 640 675 698 Sabellio
704 639 933 717 Pentapolitano,
950 657 987 697 ex
1003 635 1185 696 Ptolemaide
1200 633 1331 711 AEgypti
1351 634 1451 693 civitate

283 723 397 794 crunnus
416 723 497 768 Sabcl-
518 720 640 780 oriundo
654 719 836 780 introductus
850 719 926 778 circa
936 737 1002 777 ann.
1017 719 1085 792 260,
1101 735 1192 794 quern
1207 714 1302 774 secuti
1324 723 1388 772 sunt
1399 734 1451 790 pos

282 783 416 826 ΜΝ·
518 808 565 859 tce
573 801 700 858 Praxeas
712 799 869 875 Asiaticus,
882 806 912 858 et
923 799 1123 876 Hermogenes
1133 795 1220 871 Afer,
1233 803 1265 853 et
1275 813 1360 870 quern
1371 793 1452 852 seculo

254 881 393 959 superiori
407 882 450 939 M.
466 881 596 939 Serestus
618 881 778 955 renovavit,
803 880 855 957 qui
879 879 1093 938 distinctionem
1116 884 1237 936 tantum
1263 873 1380 932 rationis
1393 873 1454 932 iuter

255 963 397 1020 Personas
412 961 521 1037 statuit,
536 969 569 1020 ut
583 961 668 1020 unice
682 969 793 1020 tontum
808 961 846 1019 sit
861 961 997 1036 Persona,
1012 978 1077 1036 quse
1090 965 1214 1051 propter
1227 954 1327 1048 varios
1342 952 1452 1029 effectus,

267 1101 301 1147 ..
517 1032 1454 1198 ul

254 1200 347 1339 tfflffig
363 1201 498 1260 Perennis
512 1209 572 1262 tres
584 1201 670 1280 fingit
686 1201 810 1280 Spiritus
824 1210 947 1261 aeternos
961 1207 990 1259 et
1003 1197 1172 1277 inoequnles,
1189 1193 1384 1256 essentialiter
1394 1193 1456 1252 inter

255 1299 286 1340 se
322 1281 328 1294 '
347 1281 462 1340 tinctos.

297 1359 339 1418 X.
362 1360 525 1420 Orthodoxi
546 1360 674 1421 medium
696 1368 815 1421 tenent:
836 1369 936 1421 contra
961 1357 1118 1419 Sabellium
1145 1357 1243 1417 solem
1257 1354 1453 1414 distinctionem
1502 1355 1503 1386 ³

254 1440 375 1499 rationis
388 1440 436 1499 hic
449 1441 546 1501 locum
560 1441 666 1500 habere
679 1451 796 1519 negent,
812 1442 882 1519 quie
896 1441 983 1500 Peter
996 1440 1070 1498 alius
1088 1448 1133 1498 est
1148 1458 1168 1498 a
1182 1437 1272 1511 Filio,
1295 1443 1325 1493 et
1341 1433 1423 1492 Filius
1439 1453 1453 1490 a
1502 1445 1503 1516 ι

256 1521 374 1580 Patres
395 1529 476 1598 pe‘rte
499 1523 548 1598 rei,
573 1523 645 1580 citra
667 1530 823 1600 conceptus
846 1521 937 1582 nostri
958 1521 1173 1600 operationem
1197 1525 1301 1576 eontra
1314 1514 1452 1572 Trithcitss
1502 1527 1503 1592 ἦ

254 1604 361 1660 realem
375 1621 427 1660 seu
440 1602 624 1662 essentialem
647 1601 790 1680 rejiciunt,
817 1603 886 1680 quis
905 1601 975 1660 licet
998 1601 1056 1660 sint
1077 1599 1179 1677 plnres
1195 1599 1333 1656 Personse
1346 1594 1413 1652 inter
1428 1611 1452 1649 se
1502 1619 1503 1634 2

256 1680 408 1756 distinete,
434 1683 521 1742 unice
543 1691 640 1742 tamen
662 1692 707 1740 est
730 1683 873 1742 Essentia.
926 1680 984 1740 Sed
1010 1683 1152 1739 modalcm
1181 1684 1323 1750 sursunt,
1344 1673 1405 1750 quie
1426 1679 1451 1729 ut
1502 1701 1503 1762 3

257 1760 393 1820 Personae
407 1763 631 1840 proprietatibus
643 1763 844 1844 personalibus
858 1771 995 1838 tanquam
1009 1759 1103 1819 modis
1117 1756 1302 1818 subsistendi
1314 1755 1450 1813 incommu·
1502 1765 1503 1778 ¹

256 1841 430 1901 nieebilibus
444 1844 666 1919 constituuntur,
682 1843 723 1902 its
736 1863 789 1920 per
802 1841 919 1902 eosdem
933 1841 1074 1920 distingui
1087 1839 1164 1899 bene
1180 1838 1327 1902 dicuntur.

298 1922 359 1982 XI.
382 1921 465 1983 Licet
478 1933 574 1983 eutem
588 1923 731 2000 Theologi
751 1922 905 1983 videantur
925 1920 1139 2000 quodammodo
1161 1919 1213 1978 hic
1227 1918 1303 1976 inter
1316 1934 1346 1974 se
1358 1912 1448 2002 dissen-

259 2003 323 2080 tire,
339 2002 409 2062 dnm
423 2004 473 2063 alii
494 2004 610 2080 realem,
631 2003 681 2062 elii
702 2003 846 2062 medalem
867 2011 981 2062 tantum
1005 2000 1224 2060 distinctionem
1248 2002 1366 2073 urgent;
1385 1989 1450 2050 leode
1502 2001 1503 2012 ¹

259 2091 357 2142 temen
370 2085 568 2160 conciliantur,
594 2084 663 2162 qnia
676 2084 726 2162 qui
740 2083 841 2143 dicunt
854 2081 968 2142 differre
988 2081 1111 2156 realiter,
1134 2079 1243 2140 nolunt
1256 2083 1398 2156 propterea
1410 2089 1450 2164 pq
1502 2079 1503 2086 ’

258 2173 320 2224 tere
335 2165 535 2223 destinctionem
548 2167 655 2222 realem
668 2166 806 2239 majorem
819 2183 884 2242 quoe
898 2171 943 2222 est
956 2162 1031 2221 inter
1043 2181 1090 2220 res
1104 2168 1134 2220 et
1149 2179 1209 2236 res,
1232 2157 1316 2236 qussi
1335 2155 1363 2212 in
1375 2151 1451 2241 'hul'

256 2251 317 2301 tete
331 2253 408 2302 esset
422 2245 544 2301 alludet
558 2245 646 2320 aliud,
660 2263 711 2302 eeu
725 2241 783 2301 elis
796 2251 825 2302 et
839 2244 896 2302 alia
910 2241 1052 2315 Essentia,
1068 2240 1147 2318 quod
1161 2235 1342 2317 simplicitati
1358 2241 1389 2327 'et
1400 2249 1448 2288 uru-

257 2322 311 2379 tati
325 2322 467 2380 Essentise
483 2323 599 2380 Divinae
614 2331 775 2399 repugnet3
798 2322 850 2381 sed
861 2331 973 2382 tantum
987 2323 1196 2381 distinctionem
1209 2321 1314 2379 realem
1327 2329 1447 2380 πυποιιιιι

256 2409 290 2458 ut
303 2408 410 2460 vocant
425 2401 605 2477 Scholastiei,
630 2421 694 2477 quae
718 2409 763 2459 est
787 2402 863 2460 inter
886 2421 947 2460 rem
961 2411 991 2462 et
1004 2402 1122 2460 modum
1135 2401 1192 2476 rei,
1216 2399 1264 2458 vel
1285 2399 1355 2455 inter
1367 2389 1447 2480 modos

257 2479 344 2556 ipsos,
367 2499 432 2555 qua
451 2480 587 2540 coincidit
609 2501 675 2539 cum
695 2480 882 2539 distinctione
906 2482 1023 2558 modali,
1048 2501 1134 2559 quem
1158 2481 1214 2540 elii
1237 2483 1376 2548 statuum
1394 2487 1447 2547 ΨΜ

256 2559 312 2617 etsi
326 2559 356 2616 in
371 2560 435 2617 Deo
448 2579 508 2617 non
523 2560 799 2636 sitaliudetaliud,
816 2560 906 2620 idest
925 2561 983 2621 elis
1006 2570 1036 2620 et
1055 2562 1113 2620 ulio
1135 2560 1284 2636 Essentm,
1307 2563 1350 2615 est
1369 2561 1446 2611 temen

259 2639 332 2697 alius
346 2640 470 2714 elalius,
487 2639 544 2697 alie
558 2649 587 2698 et
601 2640 659 2698 alia
673 2639 810 2699 Persona.
1107 2677 1110 2682 ·

298 2717 376 2776 XII.
399 2718 449 2776 Ad
463 2719 669 2778 adstruendam
684 2717 898 2779 distinctionem
918 2721 1004 2780 istam
1018 2721 1048 2778 in
1065 2721 1195 2798 Divinis,
1218 2739 1277 2779 non
1290 2729 1396 2775 necesse
1413 2712 1446 2800 esi

257 2797 320 2856 dari
342 2798 461 2876 aliquod
482 2799 648 2877 exemplum
670 2819 723 2877 per
744 2801 793 2858 vel
819 2801 929 2879 sequals
952 2802 983 2858 in
1004 2801 1153 2860 creaturis.
1202 2799 1313 2861 Sufficit
1332 2786 1444 2852 sisimile

258 2878 369 2956 aliquid
383 2879 475 2954 detur,
490 2879 539 2938 vel
552 2881 717 2958 ernegum,
732 2900 785 2958 pro
799 2881 1007 2940 fundamento:
1028 2882 1086 2939 irno
1103 2881 1152 2940 vel
1176 2882 1218 2940 ad
1238 2881 1313 2958 ipses
1328 2875 1444 2932 Persem

258 2959 406 3019 attendere
422 2960 492 3020 satis
506 2968 558 3035 est,
574 2980 639 3038 que
663 2961 806 3021 distincte
830 2981 889 3020 non
903 2970 986 3020 erunt
999 2961 1056 3020 nisi
1079 2962 1305 3034 nominetenus,
1322 2961 1352 3014 ut
1365 2944 1444 3010 Sebel-

259 3040 317 3098 lius
332 3040 458 3116 volebat,
474 3041 531 3099 nisi
545 3041 692 3100 distinctio
707 3041 793 3100 realis
807 3042 930 3101 medelis
944 3041 1112 3102 intercedat.
1427 3102 1433 3114 ,
1502 3099 1503 3124 3

301 3120 397 3179 XIII.
421 3120 492 3195 Ques
507 3129 575 3180 sunt
588 3124 710 3187 ἀλλήλοις
725 3122 1013 3197 incommunicabilia,
1027 3129 1151 3198 possunt
1175 3121 1236 3182 dici
1259 3103 1442 3203 differereh·
1502 3137 1503 3200 ᾗ

259 3208 310 3275 ter,
327 3200 416 3260 idest
429 3221 488 3260 non
512 3201 574 3260 sola
594 3204 723 3279 retione;
745 3202 797 3262 sed
818 3221 877 3261 non
900 3201 996 3261 stetim
1019 3201 1126 3261 debent
1151 3201 1267 3261 differre
1282 3187 1443 3256 essenllfllloef
1502 3209 1503 3218 ¹

260 3289 290 3337 et
304 3279 445 3354 specifice.
489 3281 625 3341 Personre
639 3283 731 3359 primo
745 3283 832 3341 modo
845 3283 921 3341 inter
934 3301 965 3340 se
979 3281 1123 3357 differunt,
1139 3301 1197 3339 non
1214 3274 1345 3340 secundo·

300 3357 391 3418 XIV.
407 3359 501 3438 'rgo'aeu
517 3366 649 3442 ὑπέςξως,
666 3381 717 3420 seu
730 3362 810 3420 modi
823 3362 872 3420 isti
887 3361 1070 3436 subsistendi,
1081 3362 1187 3438 quibus
1203 3352 1406 3420 Personaeintcr
1418 3359 1441 3398 ὅθ

259 3435 485 3515 distinguuntur,
501 3443 592 3500 rooles
603 3443 676 3500 bene
690 3441 826 3501 dicuntur
839 3443 907 3519 quie
920 3461 979 3501 non
990 3450 1057 3501 sunt
1068 3461 1140 3518 opus
1154 3441 1283 3514 rationis,
1298 3433 1369 3494 seda
1379 3428 1440 3520 Pssflfl

258 3517 301 3600 rei
314 3516 424 3593 aliquid
437 3519 557 3596 positivi
577 3521 709 3596 innuunt,
726 3541 783 3598 quo
799 3523 933 3581 Personae
952 3523 1174 3596 constitruntur,
1190 3530 1221 3581 et
1235 3521 1309 3578 inter
1320 3533 1349 3572 se
1361 3507 1440 3565 drino

259 3605 395 3673 guuntur,
417 3617 477 3658 non
497 3607 594 3658 tamen
614 3601 662 3659 vel
683 3602 884 3678 essentiales,
901 3602 949 3660 vel
963 3603 1155 3678 accidentales,
1171 3601 1246 3660 bene
1259 3595 1315 3656 dici
1327 3587 1439 3670 postumi
1502 3635 1503 3684 3

259 3695 325 3736 cum
335 3676 392 3736 iste
401 3677 439 3737 sit
447 3679 521 3737 entis
531 3677 605 3738 finiti
616 3689 729 3740 tanturn
738 3681 851 3759 divisio,
863 3681 1017 3759 etquidem
1027 3701 1131 3758 rerum,
1143 3701 1202 3742 non
1211 3678 1367 3745 modorumt
1380 3655 1443 3758 qnod
1502 3695 1503 3698 ’

259 3758 284 3816 si
306 3757 510 3818 substantiales
531 3759 704 3838 quandoque
729 3761 871 3838 dicuntur,
895 3763 950 3820 hoc
972 3762 1005 3820 fit
1027 3762 1182 3840 improprie
1204 3745 1440 3844 respectuflll‘d'

259 3838 418 3975 rnqqliiJicoti
435 3839 460 3897 si
473 3839 515 3898 ite
528 3838 572 3898 les
585 3840 675 3920 loqui,
690 3861 750 3900 non
764 3861 833 3902 vero
847 3843 957 3922 ratione
972 3845 1083 3917 forme
1096 3841 1144 3900 vel
1157 3835 1323 3919 quidditatis
1336 3834 1439 3908 lpwfflffl

261 3936 290 3974 m
331 3939 422 3977 orum.

300 3997 373 4057 XV.
395 3997 534 4072 Quemvis
548 4019 618 4059 vero
632 4001 712 4060 modi
725 4001 775 4060 isti
788 4000 924 4078 negative
937 4000 1139 4078 utplurimum
1153 3998 1275 4078 exprimi
1288 3990 1388 4074 solean?
1398 3991 1438 4055 per

259 4076 630 4156 incommunicabilitatem3
654 4081 720 4140 Non
743 4082 873 4158 sequitur
899 4081 972 4138 nihil
998 4081 1117 4158 positivi
1144 4081 1271 4154 innuere,
1293 4069 1341 4162 sed
1361 4063 1438 4122 &⁰0¹⁶

258 4175 366 4215 mamm
381 4166 493 4217 tentum
502 4160 687 4237 negotionem
702 4159 912 4237 conjunctionis
927 4161 1069 4220 Essentiae
1083 4161 1200 4219 Divinae
1222 4177 1285 4220 oum
1298 4152 1350 4211 aha
1366 4161 1393 4236 {⁶
1409 4129 1438 4192 “d

259 4237 492 4297 constituendum
515 4259 604 4298 unum
633 4241 833 4318 suppositum
865 4240 934 4316 quia
955 4242 1096 4300 terminus
1118 4241 1173 4300 iste
1200 4216 1438 4318 negativusfllferl

258 4323 355 4374 tamen
382 4318 507 4394 positive
529 4321 673 4397 ejusmodi
694 4321 828 4379 ultimum
852 4320 1094 4400 complementum
1115 4340 1167 4414 per
1190 4318 1267 4398 quod
1289 4329 1331 4372 res
1350 4313 1386 4362 tlt
1402 4297 1437 4352 θεῖ

258 4397 400 4470 completo
414 4397 444 4454 in
459 4417 498 4472 se,
513 4407 547 4458 ut
560 4419 626 4458 oum
640 4401 697 4458 elia
710 4401 831 4459 ulterius
844 4400 921 4458 uniri
935 4407 965 4459 et
978 4401 1183 4460 commumceri
1203 4401 1328 4476 nequeat·
1366 4370 1433 4438 U⁰d⁶

258 4471 314 4562 iste
328 4477 605 4538 communicabilitss
618 4480 649 4537 in
671 4480 768 4557 sliquo
781 4480 916 4557 positivo,
932 4479 1011 4557 quod
1025 4480 1184 4539 formaliter
1196 4491 1318 4558 persone
1331 4471 1370 4524 est
1381 4469 1433 4515 001¹·

258 4552 430 4628 electivum,
446 4575 504 4614 non
519 4577 589 4617 vero
603 4561 742 4632 negativo
755 4559 901 4620 fundatur.
945 4560 1030 4618 Alias
1043 4559 1194 4619 Trinitatis
1214 4557 1356 4629 concept1¹¹l
1373 4535 1433 4632 ff*

256 4645 327 4702 pure
340 4633 503 4711 negativus,
519 4645 548 4695 et
561 4646 620 4696 tres
636 4639 770 4698 Personae
784 4638 935 4698 Trinitatis
956 4639 986 4697 in
1000 4659 1053 4698 suo
1067 4659 1131 4700 cese
1145 4635 1286 4720 personali
1304 4623 1431 4688 commu&
1502 4671 1503 4676 κ
