3250 5176
165 358 278 410 comer.
294 339 375 421 urm]
670 357 710 398 oa
724 357 867 400 saccaro.
1310 341 1369 402 553

162 503 251 562 talem
265 507 410 576 eventum,
421 497 480 558 nisi
493 517 609 560 accusa
622 497 720 576 aliqua
730 497 880 576 superiori.
903 499 965 558 Nec
978 506 1129 577 propterca
1137 499 1259 579 impingi
1273 507 1369 579 potest

167 583 231 642 Deo
242 580 356 660 peccati
369 580 540 657 causalitaa3
562 598 621 638 non
634 579 738 658 magis,
753 595 839 656 quam
854 597 892 637 ax
906 579 1022 638 decreto
1035 581 1100 657 ejus
1114 588 1231 657 aterno,
1245 581 1294 640 rel
1307 601 1372 659 per·

164 663 302 722 missione
315 661 475 738 temporali,
485 660 524 719 ad
537 678 625 738 quarn
638 659 770 738 sequitur
783 659 946 718 necessario
961 665 990 718 et
1003 658 1195 721 infallibiliter
1209 670 1372 740 peccatum,

167 751 264 822 potest
277 743 340 800 lnec
354 741 398 798 illi
411 740 546 800 adscribi.
1257 808 1259 814 ,

208 822 317 882 XVII.
339 821 418 880 Hinc
431 827 512 898 patet
525 820 600 880 bane
613 817 672 878 dici
686 817 716 877 A
847 818 977 897 potuisse
990 837 1049 878 non
1063 837 1191 897 peccare,
1207 829 1237 880 et
1249 839 1308 880 non
1321 841 1372 900 po·

166 902 257 962 tuisse
281 909 378 962 tamen
399 919 458 960 non
477 917 608 978 peccare.
650 899 736 958 Prius
754 919 785 958 re
839 909 888 959 ctu
909 899 1010 977 gratiae
1030 899 1187 959 habitualis
1205 909 1235 960 et
1253 901 1374 961 interna

169 981 285 1058 Adsum,
301 990 331 1041 et
344 981 450 1040 virium
463 980 520 1058 ipsi
538 1001 556 1038 a
569 979 713 1039 creatione
732 979 807 1039 colla
903 1025 910 1058 ,
928 999 994 1057 quse
1007 980 1081 1039 tales
1095 987 1185 1056 erant,
1206 988 1241 1039 ut
1253 981 1374 1040 faculta-

168 1069 228 1121 tem
241 1062 360 1121 haberet
373 1059 530 1138 prastaam
549 1061 645 1137 legam
656 1059 715 1137 Ipsi
728 1059 824 1119 datam
865 1061 891 1119 si
903 1059 990 1118 modo
1000 1059 1060 1118 illis
1073 1060 1148 1120 bene
1161 1061 1205 1120 uti
1218 1061 1374 1139 voluissct3

171 1141 435 1200 Posteriusratione
444 1139 553 1200 decreti
563 1148 593 1199 et
601 1140 799 1217 suspensionis
863 1140 1376 1217 tiaeactualisexternae,seuccncur·

169 1239 220 1279 sus
234 1220 327 1279 divini
341 1221 403 1280 sine
417 1219 565 1298 quonulla
576 1219 652 1278 actio
665 1220 703 1279 ab
716 1219 780 1298 ipso
793 1219 830 1279 tie
870 1220 972 1298 potuit.
994 1221 1128 1280 Poscr'bile
1141 1240 1211 1299 crgo
1224 1220 1280 1280 fuit
1293 1219 1376 1279 Ads-

171 1319 250 1359 mnm
263 1319 322 1359 non
336 1319 455 1378 peccare
469 1301 499 1358 in
511 1317 592 1358 sensa
605 1299 701 1376 dabo,
717 1299 871 1360 stratisue
885 1300 938 1376 sui,
955 1299 1006 1360 sed
1014 1301 1180 1378 importabile
1193 1301 1248 1360 suit
1258 1301 1287 1360 ia
1295 1319 1377 1360 sensu

168 1381 329 1458 composito,
339 1399 429 1458 quum
443 1387 589 1458 spectetur
601 1379 691 1438 relate
705 1379 743 1438 ad
752 1380 808 1438 Dei
821 1380 979 1456 decretum,
995 1389 1025 1440 et
1037 1381 1255 1458 permissionem
1264 1381 1377 1460 peccati

170 1468 200 1520 ct
213 1460 314 1537 gratiae
328 1460 520 1537 negationem.
543 1459 627 1534 Quod
642 1459 739 1518 Celeb.
756 1460 877 1518 mcum
890 1479 948 1518 nou
962 1461 1037 1518 male
1051 1461 1179 1537 explicet
1189 1461 1219 1518 in
1234 1460 1375 1519 Animad-

169 1541 274 1601 versic.
289 1540 328 1598 ad
336 1538 469 1598 Collatio.
479 1538 606 1598 Arminii
615 1557 681 1599 cnm
691 1536 792 1614 Junio,
809 1541 827 1574 “
839 1539 901 1598 Nos
912 1539 1035 1599 dicimus
1044 1539 1171 1599 amnicae
1183 1537 1299 1598 Adamo
1310 1559 1375 1617 gra·

169 1621 239 1680 tiam
251 1619 448 1695 sufficientem,
464 1637 522 1697 qua
531 1619 626 1696 potnit
635 1627 773 1696 proestare
786 1620 882 1696 legem
893 1617 949 1696 ipsi
959 1618 1076 1697 datam;
1098 1637 1240 1698 negamus
1250 1619 1377 1680 adfuisse

170 1699 336 1839 tttttl
348 1699 505 1858 {lttt
515 1698 1220 1859 tlttffitttt’.ttttf⁰.ttiltllttl
1237 1699 1379 1840 ..t‘ltt

171 1859 410 1936 contradictoria3
426 1822 670 1937 quemadmodum
678 1857 819 1918 militibus
829 1877 888 1918 nou
896 1859 1013 1920 defuere
1022 1861 1100 1921 vires
1108 1825 1261 1938 frangcirdi
1274 1861 1377 1921 Serva·

171 1939 243 1998 toris
257 1959 330 2016 ossa,
345 1939 441 2016 posito
453 1947 551 1998 tamen
564 1957 603 1998 ex
616 1938 740 1998 adverso
753 1937 870 1999 decreto
885 1939 950 2017 Dei,
964 1941 1029 2000 ficri
1041 1961 1100 2000 non
1114 1943 1208 2019 potnit
1218 1949 1252 2000 ut
1261 1941 1377 2020 frange-

171 2028 279 2079 rentur.
315 2021 383 2078 Pari
395 2020 506 2078 ratione
523 2019 592 2078 licet
609 2017 742 2078 Adamas
755 2018 889 2079 habuerit
905 2019 1073 2080 facultatem
1091 2020 1248 2100 prestandi
1268 2021 1378 2098 Legem

172 2099 236 2175 Dei,
252 2101 347 2177 posito
360 2108 457 2159 tammr
472 2099 587 2158 decreto
603 2099 659 2158 Dei
667 2098 704 2158 ds
718 2099 852 2176 neganda
863 2100 956 2177 gretie
969 2100 1086 2176 efficaci,
1098 2100 1162 2160 ficri
1172 2119 1230 2160 uon
1240 2101 1335 2180 potuit
1345 2107 1379 2160 ut

171 2187 321 2257 prestaret
335 2181 453 2258 Legem.
496 2179 577 2238 Deus
590 2197 649 2237 non
662 2180 786 2238 removit
800 2181 922 2257 gratiam
936 2199 1023 2259 qnam
1038 2187 1227 2257 concesserat,
1242 2181 1378 2240 nimirum

173 2259 370 2336 sufficientem,
392 2267 505 2319 tantum
519 2279 577 2317 non
592 2258 771 2336 gratificatus
783 2268 830 2318 est
850 2261 973 2338 gratiam
997 2262 1035 2320 ad
1055 2264 1207 2327 vitandum
1224 2282 1379 2363 peecatum

172 2338 333 2478 ιιιῖἰιιιιοιιξιὲἐ
369 2339 436 2477 1)θὲ
447 2347 543 2398 autem
556 2357 616 2398 non
637 2338 724 2398 dante
738 2338 862 2417 gratiam
884 2340 1037 2420 efficacem,
1058 2363 1177 2407 necesse
1191 2347 1246 2410 furt
1259 2359 1292 2411 ut
1312 2375 1378 2432 pec·

173 2427 251 2478 carot
333 2439 361 2478 m
374 2421 392 2448 '¹
437 2439 462 2479 c.
523 2439 527 2450 ·

213 2497 338 2558 XVIII.
363 2465 394 2558 'si
409 2499 480 2577 quid
499 2518 585 2577 porro
598 2497 629 2556 in
642 2499 697 2558 hac
719 2499 775 2558 Dei
789 2499 1003 2578 dispensatione
1023 2503 1118 2565 adhuc
1139 2519 1278 2587 occurrat,
1301 2515 1380 2592 quod

174 2577 258 2638 facile
272 2599 290 2638 a
302 2580 388 2638 nobis
401 2579 509 2656 percipi
520 2599 579 2638 non
592 2579 692 2657 possit,
707 2579 922 2641 meminerimus
930 2581 1004 2642 Vias
1018 2583 1075 2643 Dei
1088 2605 1146 2646 non
1161 2607 1224 2648 esse
1238 2592 1302 2652 vias
1312 2614 1379 2654 nos·

174 2666 241 2734 tras,
257 2668 286 2718 et
301 2659 395 2718 sobrie
409 2659 493 2718 nobis
507 2679 570 2718 esse
583 2659 633 2717 hic
647 2659 825 2737 sepiendum,
847 2681 883 2720 ne
898 2669 1060 2724 scrutantes
1075 2665 1268 2748 Majcstatem,
1284 2675 1379 2754 oppri-

173 2757 286 2796 mamur
299 2757 318 2795 a
330 2737 432 2814 gloria.
476 2738 606 2797 Sufficiat
625 2737 683 2797 duo
698 2741 754 2799 ista
768 2748 846 2800 arcte
859 2751 966 2820 tenere,
988 2743 1101 2823 lapsum
1115 2747 1203 2808 istum
1217 2750 1379 2814 funestissi-

172 2836 253 2876 mum
268 2833 326 2874 non
341 2817 402 2874 siue
418 2816 474 2874 Dei
491 2817 674 2894 providentia
688 2819 864 2897 contigisse3
888 2820 946 2880 Sed
960 2822 998 2881 ad
1012 2825 1075 2902 ejus
1094 2829 1291 2890 causalitatem
1316 2854 1380 2893 eam

172 2896 247 2954 nihil
261 2895 428 2968 contulisse,
450 2896 544 2954 solnm
557 2896 704 2956 hominem
717 2917 755 2957 ex
776 2899 894 2958 Diaboli
913 2903 1071 2964 tentatione
1092 2915 1211 2986 motum,
1231 2929 1329 2972 veram
1351 2923 1381 2976 et

174 2976 319 3055 propriam
333 2976 398 3055 ejus
412 2993 528 3034 causam
542 2974 641 3036 inisse.

623 3213 817 3288 QUAESTIO
837 3215 929 3278 VIII.

266 3377 313 3435 Aa
326 3376 455 3434 Adamas
463 3393 521 3450 per
534 3373 645 3450 uptam
657 3393 738 3433 sunm
752 3373 879 3434 actast
889 3378 950 3437 Dei
961 3377 1135 3456 imaginent
1175 3385 1289 3449 Affirm.

218 3535 244 3594 I.
267 3535 309 3594 Ut
322 3532 526 3612 gravissimum
546 3532 602 3591 fuit
616 3532 725 3592 Adami
737 3544 896 3612 peccatum,
918 3538 964 3596 Ita
976 3559 1035 3598 non
1055 3543 1149 3618 potuit
1162 3563 1221 3604 non
1240 3548 1383 3625 pessimos

177 3615 297 3674 effectus
309 3622 376 3691 post
390 3633 421 3672 se
434 3613 557 3688 trahere,
576 3620 639 3672 turn
652 3614 683 3671 in
696 3614 769 3692 ipso,
783 3621 845 3674 tum
860 3617 890 3674 in
910 3620 1033 3695 posteris
1047 3623 1119 3699 ejus,
1136 3624 1185 3702 qui
1205 3646 1257 3703 pro
1271 3629 1382 3690 ratione

177 3695 346 3754 facultatum
364 3693 498 3769 hominIs,
520 3693 551 3750 in
570 3695 701 3769 moretm,
723 3694 772 3752 vel
787 3697 919 3772 physicos
939 3698 1080 3776 distingui
1100 3713 1238 3782 possunt;
1260 3713 1383 3768 morales

177 3782 245 3834 sunt
257 3783 361 3848 rmum,
384 3777 413 3830 et
426 3775 556 3845 macula-
576 3773 723 3850 perillum
737 3773 768 3832 in
780 3776 1012 3836 maledictionem
1034 3787 1063 3838 et
1077 3781 1148 3840 iram
1164 3783 1220 3842 Dei
1241 3805 1306 3844 cum
1321 3789 1382 3848 suis

178 3853 306 3926 incurrit,
321 3871 373 3928 per
385 3852 470 3910 istam
483 3853 677 3912 universalem
691 3856 903 3932 corruptionem
918 3865 948 3915 et
957 3857 1117 3918 foeditatem
1131 3865 1275 3923 contraxit
1287 3865 1341 3925 sibi
1353 3877 1384 3928 et

179 3932 249 3992 suis.
290 3932 404 4006 Physics‘
415 3939 483 3990 sunt
497 3933 658 4009 omnigenae
671 3933 803 4009 miseriae,
825 3953 890 4012 quae
904 3937 1019 4014 agmine
1033 3938 1109 3998 facto
1123 3941 1166 3999 illi
1179 3941 1382 4026 incubuerunt,

179 4019 209 4072 et
222 4031 299 4070 mors
314 4011 377 4088 ipsa
390 4018 449 4070 tarn
463 4011 629 4090 temporalis
643 4031 730 4091 quarn
744 4022 860 4090 aeterna,
875 4015 923 4075 cni
937 4016 1080 4078 obnoxius
1093 4019 1187 4080 lactus
1201 4033 1255 4083 est.

220 4092 263 4152 II.
282 4090 361 4169 ,Quia
370 4091 524 4150 verointer
534 4091 653 4151 effectus
666 4093 790 4153 morales
805 4095 878 4154 solet
892 4097 992 4174 reponi
1006 4100 1118 4160 omissio
1132 4101 1261 4179 imagines
1272 4106 1382 4184 dimices,

180 4191 230 4232 seu
236 4173 355 4248 justitiae
367 4171 522 4248 origiacbt,
538 4171 574 4231 de
588 4191 646 4249 qua
658 4171 740 4232 litem
753 4174 838 4233 nobis
851 4185 970 4236 movent
983 4187 1050 4255 post
1062 4179 1239 4260 boemianos,
1255 4183 1383 4246 Remen-

179 4259 311 4328 strantes,
327 4251 445 4311 Veritas
458 4251 629 4312 Orthodoxa
641 4252 743 4331 paucis
756 4253 896 4314 adversus
906 4275 956 4315 cos
970 4259 1165 4320 confirmanda
1178 4271 1232 4322 est.

503 4330 563 4390 III.
587 4331 643 4389 Per
664 4331 827 4410 Imaginem
848 4343 945 4395 autem
965 4337 1094 4398 divinam
1115 4361 1174 4400 non
1194 4343 1385 4421 intelligimus

439 4410 612 4485 generaliter
625 4411 764 4488 quicquid
777 4412 917 4474 donorum
930 4417 1017 4475 homo
1030 4419 1144 4498 intcgcr
1157 4441 1175 4478 a
1189 4421 1253 4479 Deo
1267 4443 1385 4502 accepe-

441 4497 495 4564 rat,
505 4489 542 4547 de
555 4507 614 4566 qua
627 4489 735 4550 Genes.
749 4492 768 4552 i.
783 4496 832 4569 26,
848 4498 895 4570 27,
911 4493 959 4553 vel
974 4497 1136 4574 specialiter
1149 4499 1285 4577 reliquias
1299 4523 1385 4579 quas·

182 4567 249 4626 dam
263 4566 326 4644 ejus
340 4566 369 4624 iu
384 4575 480 4626 menta
493 4575 524 4628 et
541 4567 628 4626 corde
641 4567 790 4631 homiuum
808 4581 875 4650 post
887 4573 1001 4653 lapsum
1023 4577 1199 4656 superstites,
1219 4599 1277 4657 quc
1299 4601 1386 4642 sensn

183 4645 313 4722 sumitur,
330 4647 405 4706 Gen.
420 4646 460 4705 ix.
475 4649 503 4723 6,
519 4655 549 4707 et
561 4647 627 4708 Jac.
642 4649 683 4710 iii.
698 4653 737 4728 93
761 4651 819 4711 Sed
829 4653 923 4712 stricte
934 4656 1108 4734 praecipuam
1122 4666 1232 4736 partem
1245 4659 1386 4738 ImagInis

208 4393 293 4464 Status
304 4395 387 4466 Ques-

257 4460 338 4497 trours.
