3158 5180
147 365 267 417 onnon.
283 343 388 430 xuni]
565 365 604 406 nn
618 359 918 410 nennnsmnerrotn.
1305 355 1364 412 379

148 515 303 586 neceptem
324 506 408 582 teret,
431 505 507 586 Eph.
522 506 541 566 i.
557 509 585 584 3,
608 507 685 568 Phil.
709 507 729 568 i,
745 510 794 584 29,
815 507 895 570 Heb.
918 507 970 572 xit.
985 511 1014 582 2,
1036 515 1066 568 et
1085 507 1134 568 vel
1154 508 1216 570 soie
1236 511 1367 572 conoide·

148 589 226 650 retio
247 586 366 646 t'oedoris
388 586 498 664 gretie,
512 587 598 665 cujus
617 586 711 648 factm
732 598 783 664 est⁴
791 588 923 650 Christus
944 588 1090 650 Medietor
1109 595 1139 648 et
1161 588 1297 667 Sponsor,
1312 591 1368 652 hoe

147 667 314 728 necessario
329 667 485 745 importet3
506 687 574 727 oum
586 667 617 728 in
632 687 667 728 eo
680 667 766 730 nobis
778 677 896 747 propter
910 667 1057 732 Christum
1071 669 1284 747 promittentur,
1300 691 1366 732 eum

147 748 215 828 ipse
235 748 339 822 seinte
354 746 536 806 conditiones
556 755 586 807 et
605 747 701 808 medis
722 749 820 810 eunte
838 749 951 825 sdnds,
966 749 1120 826 interque
1141 749 1307 826 primarium
1322 759 1367 812 eet

252 827 343 887 dnbio
359 826 484 906 Spiritus
499 827 633 904 Senotus,
647 836 677 888 et
696 827 765 890 fidei
779 828 897 904 donum,
912 829 933 890 J
935 849 975 890 er.
989 829 1073 890 mi.
1089 831 1137 904 ³3,
1152 837 1182 890 et
1195 831 1291 892 xxxii.
1305 834 1364 908 403

177 929 224 969 nc.
239 908 324 968 xxiv.
338 908 388 966 49.
410 907 451 966 Et
463 906 489 966 si
502 907 666 986 gennente
679 908 717 967 eb
731 927 765 968 eo
779 917 813 968 nt
826 908 928 986 Capite
941 909 1071 970 dunenet
1083 909 1114 968 in
1127 909 1224 968 omnis
1237 911 1368 974 membre

148 987 281 1082 effieecie
294 1007 355 1080 ene,
371 986 473 1078 quidni
486 987 525 1046 eb
538 1007 573 1046 eo
587 995 621 1047 ut
634 987 719 1048 Vnde
739 987 853 1050 dicetur
865 988 1002 1066 peudun
1016 997 1160 1066 qnatenus
1179 989 1260 1048 illem
1280 991 1366 1052 nobis

147 1075 320 1208 mgKegeffit
330 1070 572 1222 ffiffim
595 1155 674 1212 reete
697 1146 729 1207 in
752 1146 891 1225 predicto
916 1147 1016 1210 ordine
1042 1147 1220 1226 praeponitur
1240 1149 1366 1212 Vocetio

149 1227 318 1303 Electioni3
340 1246 407 1286 cnm
430 1235 540 1286 eentum
565 1227 603 1287 sit
622 1227 814 1289 Vocetionenr
837 1227 996 1288 Electionie
1019 1228 1184 1290 executioni
1205 1228 1364 1306 destineri;

149 1307 213 1368 Neo
227 1308 285 1366 hoe
297 1313 410 1366 tentum
432 1315 567 1385 respectu
585 1307 744 1368 vomente
756 1308 882 1384 neme,
897 1327 963 1386 qne
983 1308 1018 1370 fit
1036 1328 1089 1387 per
1104 1308 1251 1385 Spiritum,
1265 1309 1363 1370 locum

148 1387 258 1450 hebere
271 1386 368 1461 debet,
383 1385 435 1446 sed
448 1387 536 1446 etiem
549 1395 682 1464 aterne,
696 1406 763 1465 qne
771 1387 806 1448 fit
818 1387 1007 1464 perverbum
1018 1409 1026 1464 ;
1048 1408 1114 1450 eum
1137 1389 1286 1466 Scriptura
1299 1409 1364 1468 pes·

150 1467 207 1528 sirn
221 1475 352 1542 testetur,
368 1475 398 1526 et
410 1485 457 1526 ree
470 1466 536 1543 ipse
548 1467 662 1543 demet,
676 1486 736 1526 non
756 1467 814 1526 elie
833 1467 939 1546 potiori
959 1467 996 1530 de
1016 1487 1104 1530 cetus
1119 1468 1214 1528 Deum
1229 1469 1364 1531 Ministe-

149 1547 226 1608 rinm
240 1545 410 1622 instituisse,
426 1554 456 1606 et
471 1546 665 1624 Evangelinm
684 1547 836 1625 prediceri
856 1567 956 1608 curere
977 1548 1008 1608 in
1021 1547 1138 1624 mundo,
1154 1567 1241 1626 quem
1255 1548 1293 1607 ed
1307 1550 1363 1610 Eo·

150 1627 270 1688 electen
284 1625 487 1703 colligendum,
502 1635 533 1685 et
546 1625 665 1686 Electos
678 1626 709 1686 in
723 1627 954 1688 communionem
969 1627 1085 1704 Christi,
1100 1635 1131 1688 et
1150 1647 1202 1706 per
1217 1628 1364 1689 Christum

149 1707 189 1768 ed
203 1709 327 1768 seintem
346 1705 551 1782 adducendum
573 1705 661 1766 Unde
680 1725 799 1766 neeesse
820 1714 873 1782 est,
888 1715 922 1768 nt
941 1708 1035 1784 primo
1049 1707 1113 1768 Deo
1134 1707 1282 1770 obversati
1303 1709 1362 1770 sint

148 1787 194 1848 iili
220 1787 327 1866 quibus
347 1785 463 1864 proprie
485 1786 681 1863 Evangelitun
705 1785 912 1848 destinebstur.
955 1787 1038 1848 Licet
1061 1806 1131 1846 vero
1153 1787 1278 1848 Vocetio
1306 1789 1364 1850 ists

149 1867 241 1930 tenne
251 1874 350 1945 petent
359 1865 519 1941 Electione,
531 1873 561 1925 et
574 1866 667 1926 multo
679 1865 777 1944 plures
791 1866 888 1927 receti
902 1866 960 1928 eint
972 1867 1027 1926 heo
1040 1867 1160 1944 rstione,
1167 1886 1255 1943 quem
1269 1868 1362 1946 electi,

156 1945 240 2008 itate
253 1968 304 2006 u.
321 1948 368 2023 16,
380 1945 449 2024 quin
463 1945 633 2006 secundario
646 1945 733 2006 etiem
747 1945 785 2006 ed
798 1945 936 2023 reprobos
949 1945 1124 2020 extenditur,
1134 1948 1185 2023 qui
1198 1947 1283 2006 mixti
1297 1957 1365 2008 sunt

154 2047 219 2088 enm
233 2026 352 2102 Eieotis,
371 2025 409 2086 sd
423 2023 549 2120 officium
562 2045 647 2086 snum
667 2025 994 2120 sslispfaeseribondum,
1008 2033 1038 2086 et
1051 2025 1132 2118 yiem
1151 2026 1253 2118 nlntio
1267 2027 1362 2119 deele·

151 2106 332 2246 ,iffi
343 2103 1366 2264 effiqtttdttttttttttmttttttttffl

150 2275 180 2326 et
193 2285 229 2326 eo
242 2275 375 2344 respectu
389 2283 448 2325 non
461 2266 583 2326 ulterius
597 2265 765 2326 extenditur
777 2285 864 2342 quem
879 2265 945 2326 finis
959 2266 1030 2344 ipse,
1045 2265 1180 2324 nimirum
1195 2266 1274 2326 selus
1288 2266 1363 2326 eleo·

149 2353 255 2407 torum.
298 2345 360 2406 Nee
384 2345 410 2406 si
423 2346 565 2422 Christus,
590 2346 676 2406 Meet.
697 2366 749 2406 xx.
767 2349 814 2421 16,
836 2345 915 2406 illem
941 2345 1083 2425 praepcnit
1105 2345 1258 2422 Electioni,
1273 2365 1363 2424 quum

148 2429 251 2486 ιηιιῑωι
263 2433 375 2486 nooatoe
388 2446 445 2485 esee
459 2426 508 2500 eit,
524 2435 553 2485 ct
561 2447 672 2502 pancos
682 2429 788 2502 eleetos,
801 2426 939 2486 continuo
953 2425 1084 2504 seqnitur
1096 2425 1176 2486 illem
1191 2425 1362 2488 antecedere

148 2505 255 2566 debere
276 2507 307 2566 in
321 2505 446 2581 decreto,
460 2505 530 2584 quie
550 2506 608 2566 elie
628 2513 673 2566 est
692 2506 767 2566 retio
788 2507 896 2566 ordinis
916 2506 1092 2580 enoeutiome,
1108 2505 1145 2565 de
1159 2525 1216 2583 qno
1231 2505 1365 2567 Christus

148 2586 160 2648 l
199 2587 286 2662 nitur,
301 2587 359 2645 elie
372 2605 443 2646 vero
463 2586 574 2646 orden
585 2586 752 2646 emenus
795 2586 936 2661 Quemvis
949 2587 1027 2646 enim
1041 2594 1151 2646 eertum
1165 2587 1203 2646 sit
1218 2587 1312 2646 Deum
1327 2605 1364 2646 eo

147 2605 249 2806 dn
262 2665 1136 2824 ntntssntthrerrsntt“tinnit
1157 2673 1365 2806 neren

146 2825 287 2904 precedit
299 2834 333 2885 ut
346 2827 474 2902 munna,
489 2834 519 2885 et
539 2825 636 2886 medie
656 2835 834 2903 sequuntur;
856 2826 893 2886 [n
914 2825 971 2886 isto
990 2825 1086 2886 medie
1106 2826 1281 2902 precedunt,
1296 2825 1365 2886 finis

148 2906 282 2984 uqnimr
292 2915 327 2966 ut
340 2907 472 2966 odtentue
514 2906 557 2966 Ut
571 2906 685 2984 sepiens
702 2905 796 2982 primo
810 2905 935 2966 intendit
948 2905 1044 2981 finem,
1058 2905 1244 2982 postmodtnn
1256 2905 1362 2981 medis,

148 2985 269 3046 adhibet
281 2995 379 3046 temen
393 2985 486 3064 primo
498 2985 595 3045 medie
608 2995 764 3063 entequem
777 2993 948 3062 assequetur
960 2983 1046 3044 finem
1059 3005 1067 3060 3
1090 2984 1137 3042 Ite
1156 2984 1236 3044 Deus
1250 2985 1280 3042 in
1294 3004 1362 3044 exe·

148 3066 266 3126 cutione
279 3085 298 3124 e
311 3065 473 3126 Vocetione
487 3065 596 3144 incipit,
619 3073 652 3124 ut
673 3065 711 3124 ed
732 3065 855 3124 sdntem
877 3063 1017 3124 electione
1031 3063 1204 3124 destinatum
1219 3063 1362 3141 eddueet;

149 3145 202 3208 sed
215 3145 246 3206 in
259 3145 419 3206 intentione
430 3154 538 3220 conns,
548 3145 641 3223 primo
655 3144 692 3204 de
705 3144 763 3204 fine
777 3163 830 3204 seu
843 3143 937 3204 eeiute
949 3162 1001 3221 per
1011 3142 1182 3202 electionem
1191 3141 1364 3203 deednende

148 3226 268 3304 cogitet
284 3225 397 3319 'deinde
418 3225 455 3286 de
476 3225 639 3302 recedone,
663 3233 698 3284 ut
720 3223 757 3284 de
780 3223 876 3284 medio
900 3222 939 3283 ed
960 3223 1047 3282 finem
1071 3222 1154 3282 iilum
1174 3221 1363 3282 obtinendum

147 3325 321 3366 neooeseno.

189 3385 287 3444 XIX.
308 3384 427 3460 Quinto,
443 3383 600 3444 Distinctio
623 3383 684 3444 Dei
706 3384 882 3461 tepidam
904 3390 934 3443 et
954 3383 1062 3459 Patr-rit,
1085 3401 1136 3443 sen
1152 3382 1311 3456 Oeeononre',
1333 3389 1363 3442 et

351 3465 358 3479 '
508 3465 534 3539 '‚
550 3484 608 3542 qus
630 3463 735 3524 nititur
757 3469 818 3523 tote
840 3462 928 3524 series
948 3464 1070 3524 istorum
1091 3463 1288 3538 Decretorum,
1304 3483 1363 3522 non

187 3553 246 3606 test
259 3545 316 3604 hnc
330 3543 433 3604 fecere.
476 3544 616 3620 Quemvis
630 3544 708 3602 enim
722 3563 807 3603 snum
826 3543 923 3606 locum
942 3543 1049 3604 hebere
1062 3543 1163 3622 possit,
1178 3552 1210 3602 et
1220 3551 1299 3602 reete
1312 3543 1363 3602 ed·

145 3565 285 3684 dibeetur
295 3644 314 3682 e
327 3624 493 3702 Theoiogis,
509 3643 599 3700 quum
612 3623 709 3702 egitur
721 3623 759 3682 de
773 3624 929 3684 collatione
942 3623 1074 3684 Fmderis
1088 3623 1208 3700 Legelis
1221 3632 1250 3682 et
1264 3623 1364 3680 Even-

146 3705 244 3784 gnlici,
258 3704 328 3782 quie
341 3703 372 3762 in
385 3703 437 3764 illo
451 3724 482 3763 ee
496 3703 585 3762 hebet
604 3701 642 3762 ed
655 3703 773 3763 modum
789 3703 978 3781 Iegishtoris
991 3712 1113 3778 tentum,
1128 3722 1180 3780 per
1194 3701 1283 3777 Legis
1296 3721 1362 3778 pro·

151 3785 336 3862 positionem,
346 3794 376 3844 et
390 3783 477 3842 officii
490 3783 670 3842 exactionem
681 3805 688 3859 ;
704 3783 735 3841 in
748 3782 805 3842 isto
818 3803 890 3842 vero
902 3783 964 3860 egit
979 3783 1104 3856 Putrem,
1114 3781 1165 3858 qui
1179 3799 1236 3839 non
1250 3788 1363 3838 tentum

148 3863 279 3941 imperet,
296 3863 348 3923 sed
362 3871 391 3923 et
405 3871 548 3941 operetur,
563 3883 623 3921 uon
642 3861 730 3922 modo
748 3863 880 3940 precipit
901 3862 1035 3937 odicium,
1057 3861 1110 3920 sed
1129 3859 1180 3918 dot
1192 3859 1271 3918 vires
1291 3858 1364 3920 illud

147 3942 305 4020 prestandi
316 3965 326 4019 3
347 3943 388 4002 Et
401 3943 443 4004 itn
462 3943 536 4002 bene
557 3942 664 4002 dicitur
684 3941 814 4002 omnium
828 3941 1003 4018 Legieletor,
1017 3941 1071 4000 sed
1083 3958 1239 4016 pancorum
1256 3938 1363 3996 Peter:

148 4021 214 4082 Non
238 4031 337 4102 potest
358 4031 457 4082 umen
479 4021 537 4082 nisi
558 4039 708 4100 per-perum
733 4020 772 4079 ed
792 4021 901 4079 Foedus
923 4021 1135 4097 Evmgelioum
1157 4017 1264 4092 reterri,
1280 4017 1364 4094 queei

151 4101 233 4162 Dens
246 4103 277 4161 in
291 4122 335 4178 eo,
351 4101 437 4162 modo
453 4102 666 4180 Legisletorem
684 4107 798 4159 tentum
818 4108 926 4177 egeret,
948 4100 1035 4158 modo
1050 4100 1185 4172 Petrem3
1207 4115 1274 4156 oum
1294 4115 1362 4156 con-

147 4189 204 4242 stet
218 4181 331 4242 Foedns
350 4181 415 4256 hoc,
430 4203 448 4240 e
462 4182 565 4259 Legeli
583 4189 646 4241 toto
666 4199 772 4258 genere
786 4180 944 4256 diversum,
958 4198 1023 4238 esse
1038 4177 1142 4253 Petris,
1156 4196 1215 4236 non
1231 4177 1362 4253 Legisln·

147 4261 217 4324 toris
231 4269 356 4336 tentum,
372 4262 456 4340 cnjus
470 4261 596 4320 cesentio
609 4279 671 4319 non
682 4259 815 4320 concinnit
828 4265 939 4319 tenteun
953 4259 984 4317 in
997 4257 1212 4337 praescriptione
1226 4255 1312 4315 officii
1325 4255 1364 4316 ed

147 4341 272 4402 sulutem
297 4341 495 4418 obtinendem,
525 4340 577 4400 sed
600 4340 687 4418 praeci
708 4359 745 4398 ne
771 4339 803 4400 in
828 4338 1019 4417 promissione
1043 4337 1177 4397 obsolute
1203 4336 1306 4398 selune
1332 4335 1363 4396 in

147 4419 306 4498 Chrietmet
326 4419 494 4480 mediorum
514 4419 644 4480 omniurn
727 4439 792 4478 esm
814 4417 1002 4479 obtinendem
1022 4416 1267 4477 necessariorum:
1290 4415 1363 4478 Ideo

146 4501 263 4560 nomine
280 4501 479 4578 memorem
498 4499 558 4559 κατ’
578 4501 661 4577 ἐξοχὴ
673 4508 702 4559 et
717 4499 886 4559 Testamenti
907 4497 982 4560 solet
1003 4497 1134 4576 exprimi,
1149 4507 1182 4558 ut
1195 4495 1365 4574 designetur

147 4585 241 4640 totum
255 4579 384 4658 pendere
398 4601 415 4640 a
430 4579 488 4640 Dei
501 4579 600 4642 Petris
618 4579 712 4658 gretie
732 4580 763 4640 in
778 4579 902 4640 Christo
948 4577 1035 4638 Alise
1047 4577 1200 4638 dicendum
1215 4585 1299 4653 esset,
1315 4575 1365 4634 rel

147 4669 264 4735 pentum
280 4661 495 4737 Evangelieum
508 4679 568 4720 non
580 4659 677 4720 minus
690 4661 781 4724 &etde
795 4679 868 4736 esee,
883 4680 918 4720 ec
930 4659 1023 4738 ipsene
1038 4659 1156 4736 Legem,
1167 4657 1252 4718 Rom.
1262 4655 1323 4714 viii.
1333 4658 1362 4728 3,
