3160 5194
234 371 272 427 30
716 381 807 424 nocue
821 381 938 422 ramus.
1264 357 1393 438 [curaer.
1409 379 1441 418 x.

231 537 317 606 atque
332 529 372 587 ita
392 526 429 584 ad
444 525 592 586 Articulos
607 524 674 584 fidei
688 531 810 602 possunt
824 523 882 581 dici
896 529 1033 601 spectaro,
1056 520 1081 578 si
1102 539 1159 577 non
1173 519 1318 596 formales,
1336 519 1441 579 saltem
1566 534 1567 552 ¹

230 607 462 687 praesuppositos.

703 843 898 920 oumsrio
920 841 960 900 x.

230 1011 277 1066 Aa
291 1008 410 1068 Rutiom'
428 1009 558 1065 humanm
570 1005 710 1082 judicium
725 1003 951 1142 cqqtraffitronir
965 1002 994 1058 iu
1009 1000 1104 1058 Rebas
1117 999 1200 1056 sidet
1215 998 1437 1075 pemittendrrm

725 1105 748 1144 st
769 1129 775 1142 .
885 1101 936 1138 nn.

532 1247 555 1305 1.
580 1245 652 1304 Haec
666 1247 752 1304 etiam
762 1241 965 1302 Controversia
979 1239 1104 1316 agitatur
1117 1239 1192 1297 inter
1206 1238 1267 1296 Nos
1281 1246 1311 1296 et
1327 1238 1435 1298 Luthe-

260 1312 449 1416 Oepiaqpuuoea
489 1345 584 1402 ranos,
619 1326 800 1404 potissimum
830 1321 1037 1400 Ubiquitarios,
1066 1318 1171 1396 quibus
1205 1318 1273 1396 quia
1308 1319 1435 1395 objicere

311 1386 371 1417 ⁰¹⁸⁹
490 1406 616 1466 solemus
643 1405 806 1482 opinionem
834 1421 933 1461 eorum
954 1400 992 1458 de
1019 1401 1164 1477 aeanmma'p
1185 1398 1233 1456 vel
1255 1403 1438 1477 canapavn'p

229 1485 365 1562 Corporis
379 1483 486 1545 Christi
509 1505 572 1545 esse
595 1484 856 1558 contradictoriam,
875 1499 1007 1559 regerere
1029 1480 1130 1555 solent,
1147 1477 1297 1539 dudicium
1321 1489 1435 1539 contre·

228 1563 364 1623 dictionis
378 1565 409 1621 in
423 1566 552 1624 articulis
566 1564 635 1623 fidei
648 1583 707 1622 non
721 1563 759 1622 ad
780 1563 934 1622 Rationem
949 1561 1100 1639 pertinere,
1123 1557 1175 1618 scd
1195 1558 1233 1616 ad
1256 1559 1436 1636 Scripturam

229 1661 349 1718 sacram,
368 1644 629 1704 onocentauri.
673 1643 783 1703 Calvia.
798 1661 823 1701 c.
839 1643 858 1700 i.
877 1661 905 1719 q.
920 1643 949 1700 3.
991 1642 1140 1699 Meneta
1161 1640 1191 1698 in
1204 1640 1334 1697 Elencio
1354 1659 1435 1698 ere-o-

228 1743 293 1781 rum
314 1723 442 1782 Sadcelis
461 1726 504 1782 ad
515 1725 586 1801 Arp.
603 1725 631 1783 6.
672 1723 840 1800 Strymonius
860 1721 890 1780 in
909 1721 1020 1780 Protin.
1036 1721 1109 1798 disp.
1124 1723 1152 1795 2,
1168 1739 1195 1798 q.
1211 1721 1239 1794 3,
1254 1718 1332 1778 uude
1346 1719 1434 1778 Meis·

228 1821 312 1862 nean
332 1811 430 1879 quart.
450 1805 572 1880 mempt.
588 1805 616 1880 3,
631 1812 731 1862 couno
748 1803 858 1862 Oatcin.
872 1801 944 1860 dicit
964 1801 1080 1860 axioma
1099 1799 1186 1874 istud,
1203 1799 1436 1860 Gennadictoriu

224 1901 346 1959 pror-stas
358 1891 424 1942 sunt
435 1883 616 1960 impossibilia
629 1884 698 1963 qum
710 1883 784 1943 iden
797 1903 855 1942 esse
868 1891 895 1942 et
908 1901 964 1940 non
977 1901 1034 1942 esec
1047 1881 1084 1939 sit
1103 1876 1228 1954 abaci,
1249 1879 1435 1956 periculosis·

229 1962 333 2022 dmum
354 1981 419 2023 esse
441 1964 472 2024 in
493 1963 610 2024 divinis.
653 1963 703 2023 Ad
719 1963 888 2044 questionis
910 1971 1017 2022 stanna
1038 1960 1203 2035 tenendum,
1227 1959 1436 2037 distinguenda

228 2043 276 2101 hic
297 2042 353 2102 tria
375 2052 451 2122 sunt,
474 2045 548 2105 ratio
567 2045 712 2124 judicans,
734 2044 908 2123 principium
929 2061 967 2100 ex
989 2061 1047 2119 quo
1066 2039 1209 2118 judicium
1232 2037 1381 2118 formatur,
1404 2051 1436 2099 et

227 2143 329 2184 norma
342 2125 555 2204 eoumquentiae
569 2143 627 2204 qua
637 2125 780 2205 judicium
794 2125 940 2183 formatur.
985 2125 1011 2181 1.
1026 2121 1114 2180 Ratio
1127 2121 1174 2179 hic
1188 2119 1361 2198 intelligitur
1375 2139 1435 2178 non

184 2225 188 2245 ·
228 2223 306 2262 ceca
326 2213 357 2264 et
377 2205 535 2283 depravata
558 2225 611 2283 per
633 2215 793 2283 peccatrim,
817 2203 869 2263 sed
890 2203 1023 2262 restituta
1044 2210 1074 2260 et
1095 2199 1257 2259 illuminata
1279 2218 1297 2258 a
1323 2201 1433 2278 Spiritu

230 2283 346 2342 Sancto.
389 2287 417 2343 2.
432 2285 582 2362 Principia
595 2295 663 2344 sunt
676 2286 831 2360 axiomata,
846 2301 905 2341 non
918 2291 1021 2341 natura
1035 2289 1111 2356 nota,
1127 2289 1178 2340 aut
1190 2281 1317 2338 humana
1331 2279 1431 2339 autho·

228 2363 313 2420 ritate
335 2363 507 2438 constituta;
530 2363 582 2422 sed
603 2365 634 2420 in
657 2364 805 2439 Scriptura
826 2361 940 2421 tradita.
983 2364 1011 2420 3.
1033 2361 1147 2420 Normo
1168 2379 1226 2437 qua
1247 2359 1383 2436 dirigitur
1403 2369 1434 2418 et

227 2440 359 2499 firmatur
371 2441 445 2500 ratio
459 2443 489 2498 iu
503 2442 631 2501 eruenda
643 2451 672 2501 et
686 2441 858 2519 applicanda
870 2442 992 2499 rerimtc
1014 2460 1031 2499 e
1055 2440 1211 2520 Scriptura,
1235 2447 1303 2498 sunt
1324 2439 1433 2517 regulrc

227 2519 311 2578 bonas
326 2521 538 2598 consequentiae
551 2541 569 2580 a
584 2521 647 2581 Deo
662 2522 807 2581 Creaturae
825 2519 959 2580 rationali
980 2519 1088 2579 inditas.
1131 2520 1240 2579 Nor-ma
1260 2526 1356 2578 autem
1377 2519 1434 2578 iste

228 2619 286 2660 non
300 2609 345 2660 est
355 2601 469 2660 Normu
481 2601 607 2661 vcrimtis
620 2602 719 2679 ipsius,
730 2622 795 2680 quae
808 2611 854 2662 est
868 2601 960 2661 solum
972 2601 1027 2660 Dei
1036 2600 1166 2659 Verbum
1181 2607 1210 2658 et
1223 2599 1316 2676 prima
1324 2599 1433 2658 veritas

228 2681 373 2756 normalis,
386 2679 438 2740 sed
451 2683 565 2741 Notum
574 2691 687 2742 tantum
698 2684 904 2762 consequentia,
917 2683 1000 2759 cujus
1013 2681 1179 2740 interventu
1193 2679 1299 2738 certius
1309 2697 1431 2758 cognos-

229 2760 303 2821 citur
315 2768 346 2820 et
358 2761 531 2822 discernitur
564 2762 614 2822 nid
629 2769 765 2840 aequatam
778 2783 816 2823 ex
830 2779 908 2838 vero,
924 2762 995 2840 quid
1008 2779 1075 2820 non.

532 2781 576 2902 Ii.
598 2843 665 2902 Non
687 2843 833 2922 quaeritur,
856 2841 906 2900 An
929 2841 1017 2900 Ratio
1038 2839 1131 2918 possit
1152 2839 1267 2918 assequi
1289 2839 1432 2916 Mysteria

258 2905 442 3010 sfffflll*
491 2921 559 2983 fidei
572 2943 625 3001 per
638 2943 686 3000 se;
707 2943 793 2982 nemo
807 2923 883 2982 enim
898 2919 1036 2981 diffitetiu
1048 2919 1173 2999 plurima
1185 2939 1224 2978 ex
1238 2919 1309 2996 ipsis
1323 2918 1430 2997 longis·

492 3003 563 3062 sime
577 3004 696 3064 rationis
710 3013 826 3082 captum
837 3021 972 3081 superare
980 3025 988 3080 3
1013 2999 1079 3076 Sed,
1092 2998 1142 3059 An
1156 2999 1248 3078 possit
1258 3017 1431 3076 cognoscere

228 3077 265 3136 dc
279 3078 503 3143 contradictione
517 3084 752 3162 propositionum,
763 3103 828 3162 quaa
842 3082 956 3142 nonnisi
967 3101 1005 3140 ex
1018 3089 1128 3139 natiuae
1142 3089 1172 3139 ct
1184 3079 1304 3138 rationis
1316 3079 1432 3157 legibus

228 3157 353 3218 discerni
367 3169 470 3239 potest.
513 3167 541 3223 2.
563 3165 630 3224 Nou
644 3165 782 3244 quaritur
795 3164 831 3222 de
845 3162 964 3224 Judicio
978 3159 1132 3220 decisionis
1145 3159 1278 3218 absoluto
1292 3165 1322 3218 et
1335 3159 1430 3218 illimi-

228 3247 298 3313 tato,
314 3239 365 3298 scd
379 3239 416 3298 de
429 3241 549 3302 Jndicio
563 3244 753 3320 discretionis,
769 3243 847 3322 quod
868 3243 1022 3302 limitatum
1038 3248 1084 3301 est
1104 3248 1135 3300 et
1156 3239 1308 3317 alligatum
1322 3237 1430 3314 Verbo,

229 3325 259 3375 et
271 3317 350 3393 quod
364 3337 402 3376 ex
415 3337 451 3378 eo
464 3341 578 3400 semper
596 3324 777 3403 probandum
790 3331 844 3398 est,
862 3326 877 3381 l
893 3323 980 3380 Thes
995 3339 1024 3380 r.
1039 3323 1096 3397 213
1121 3322 1135 3377 1
1151 3319 1239 3380 doen.
1254 3318 1293 3377 iv.
1312 3321 1338 3394 1,
1353 3319 1432 3396 quod

229 3396 253 3453 ai
267 3413 325 3452 uon
339 3395 408 3456 facit
421 3417 534 3477 semper
547 3403 584 3460 ad
598 3404 810 3462 convictionem
822 3402 955 3476 alienam,
971 3399 1075 3460 sufficit
1088 3407 1185 3458 temen
1199 3398 1237 3457 ad
1249 3399 1404 3476 propriam.

269 3473 330 3533 111.
354 3475 403 3533 Sic
424 3496 494 3555 ergo
513 3482 680 3557 stanumus3
703 3480 853 3540 Judicium
872 3479 1107 3540 contradictionis
1126 3479 1163 3539 ad
1182 3479 1324 3538 rationem
1344 3479 1431 3556 perti·

228 3553 380 3628 nere,.sed
404 3558 430 3615 1.
453 3559 602 3635 supposita
623 3579 737 3637 semper
757 3560 941 3634 revelatione,
965 3559 1086 3638 ejusque
1105 3559 1227 3619 veritate
1247 3576 1299 3636 per
1320 3578 1353 3617 se
1374 3557 1432 3618 fide

228 3631 328 3710 digna.
384 3636 413 3693 2.
435 3635 577 3714 Organice
602 3648 632 3700 et
658 3637 892 3715 ministerialiter,
920 3657 979 3696 non
1006 3638 1152 3717 despotice
1179 3645 1210 3698 et
1236 3638 1431 3698 autoritative.

229 3715 257 3772 3.
281 3713 353 3774 cum
367 3713 516 3792 exigentia
527 3719 566 3778 ad
580 3717 672 3797 ipsam
695 3718 881 3797 Scripturam,
898 3737 963 3796 quae
985 3719 1056 3778 satie
1078 3719 1202 3798 seipsam
1218 3719 1430 3797 interpretatur,

227 3813 282 3852 nec
289 3799 373 3853 extra
385 3813 417 3854 sa
424 3795 516 3855 ullum
530 3801 650 3878 requirit
663 3800 856 3876 interpretem,
866 3819 924 3878 qno
938 3800 1002 3878 ejus
1017 3817 1118 3859 sensus
1132 3797 1303 3859 stabiliatur.
1331 3797 1431 3876 Atque

228 3872 271 3933 ita
284 3873 437 3934 Rationem
451 3895 469 3934 a
484 3877 594 3957 Spiritu
609 3880 716 3940 Sancto
729 3879 920 3940 illuminatam
933 3899 986 3960 per
993 3879 1132 3956 Verbum,
1147 3899 1186 3939 ex
1200 3880 1323 3958 ipsomet
1331 3874 1431 3938 Verbo

224 3955 313 4032 juxta
324 3955 441 4033 regales
454 3956 537 4019 bonas
551 3967 582 4020 et
602 3960 771 4020 necessariae
785 3961 997 4040 consequentiae
1010 3979 1096 4040 posse
1108 3957 1290 4020 considerare
1303 3965 1334 4018 et
1351 3957 1430 4036 judi·

228 4053 301 4174 carp,
312 4035 457 4113 quomodo
470 4049 567 4117 partes
580 4039 719 4102 doctrinae
732 4041 808 4101 inter
821 4060 852 4101 se
860 4042 1032 4117 cohaereant,
1042 4047 1072 4101 et
1081 4039 1151 4118 quid
1164 4059 1203 4100 ea
1216 4039 1274 4098 illis
1283 4045 1428 4117 sequatur,

247 4134 279 4174 nr
311 4135 379 4177 uon.
1263 4149 1265 4154 ·

227 4133 352 4291 {imm
372 4253 466 4296 mm
530 4201 586 4262 IV.
607 4201 748 4263 Rationes
760 4209 837 4276 sunt,
855 4204 881 4260 1.
897 4200 972 4276 Quia
988 4199 1136 4280 Scriptura
1148 4199 1204 4259 hoc
1214 4197 1359 4279 judicium
1372 4214 1430 4257 non

247 4301 467 4352 ummumuosr
487 4282 577 4342 semel
603 4281 742 4362 praecipit,
771 4281 857 4340 Mart.
885 4280 936 4339 vii.
966 4282 1013 4356 15,
1041 4289 1071 4340 et
1096 4278 1158 4338 xvi.
1184 4281 1220 4356 63
1250 4277 1313 4338 col.
1336 4277 1367 4337 ii.
1392 4279 1429 4354 83

247 4363 383 4416 mim
412 4375 464 4422 tt*
488 4359 649 4422 lThassal.
664 4381 694 4422 v.
715 4363 773 4438 213
795 4360 887 4420 Hebr.
901 4377 931 4420 v.
954 4361 1000 4419 14.
1042 4361 1071 4420 2.
1094 4359 1237 4438 Exempla
1259 4358 1429 4418 Sanctorum

246 4419 327 4464 Μ·
488 4439 666 4519 confirmant,
685 4449 719 4503 ut
743 4439 950 4517 Beroeensium,
970 4438 1039 4500 Act.
1056 4438 1128 4500 xrii.
1150 4441 1196 4515 11,
1218 4445 1248 4498 et
1266 4438 1428 4498 Corinthio·

228 4531 302 4591 rum,
318 4519 333 4574 l
350 4515 415 4576 Gor.
430 4537 460 4576 x.
478 4519 525 4577 lo.
567 4522 595 4579 8.
617 4520 701 4581 Finis
716 4521 872 4598 Scriptura
892 4519 986 4596 docet,
1002 4521 1052 4598 qui
1074 4527 1118 4579 est
1138 4517 1276 4597 perfectio
1289 4517 1355 4578 Viri
1373 4515 1430 4576 Dei

227 4596 258 4654 in
281 4595 412 4658 veritatis
432 4597 606 4674 cognitione,
629 4609 660 4660 et
680 4599 938 4662 contadiceutium
960 4600 1150 4674 convictione,
1176 4599 1285 4658 l'llm.
1307 4597 1348 4658 iii.
1373 4599 1428 4671 16;

228 4675 284 4737 'lit
300 4675 319 4736 i.
334 4677 362 4753 a,
385 4677 434 4755 qui
450 4677 510 4737 aine
533 4694 568 4736 eo
589 4678 713 4739 obtineri
734 4681 843 4758 nequit.
885 4684 914 4740 t.
936 4679 1070 4740 Rationis
1091 4697 1161 4738 neus
1183 4677 1298 4752 evincit,
1314 4677 1384 4755 qnia
1396 4683 1430 4735 nt
