3250 5176
258 372 316 430 586
733 385 826 428 rocus
842 384 947 427 aoros.
972 433 974 440 Α
1252 359 1380 446 [quaer.
1396 386 1463 429 nv.

257 530 330 589 dunt
343 539 373 590 et
387 537 546 608 sequuntur
566 529 604 588 cd
617 537 738 607 tempus,
754 529 802 588 vel
817 535 954 605 tanquam
973 528 1082 587 bonum
1103 526 1221 605 aliquod
1237 529 1410 606 jucundum,
1433 539 1464 589 et

257 611 436 687 delectabile,
453 611 531 688 quod
545 610 593 668 vel
606 612 743 684 novitate,
759 610 809 668 vel
820 609 974 688 suavitate,
989 617 1019 668 et
1031 608 1173 683 libertate,
1188 608 1238 667 vel
1251 608 1377 686 quadam
1389 609 1464 687 dog·

257 700 367 751 matum
381 693 508 769 ipsorum
522 691 744 750 admirabilitate
758 690 907 749 hominum
922 690 1033 748 animos
1046 689 1084 748 ad
1104 709 1135 748 se
1156 689 1255 766 allicit,
1278 697 1307 748 et
1323 689 1465 750 inusitata

257 771 381 849 quadam
396 772 545 848 voluptate
558 770 714 847 perfundit,
736 769 814 830 unde
837 771 973 830 dicuntur
997 771 1129 848 excipere
1140 769 1270 828 Verbum
1284 773 1352 845 pert
1364 777 1463 852 mie,

258 852 344 912 Matt.
359 852 420 910 xiii.
436 855 483 926 20,
500 851 548 908 vel
561 850 719 928 respiciunt
737 851 812 909 illud
824 860 857 909 ut
871 851 979 909 bonum
993 851 1111 928 aliquod
1132 849 1187 909 sibi
1201 851 1272 910 utile
1290 861 1319 910 et
1334 871 1464 911 eommo-

257 931 334 1008 dum,
343 931 421 1010 quod
434 931 618 990 memorabile
633 931 751 1009 aliquod
765 931 873 990 bonum
886 931 918 988 in
931 930 986 989 hac
999 931 1060 990 vita
1074 931 1145 1008 ipsis
1157 939 1254 1009 potest
1267 930 1378 991 afferre.
1403 932 1465 991 Sed

255 1032 314 1070 non
338 1019 495 1088 assmgunt
515 1010 554 1068 ad
573 1011 635 1070 veri
657 1020 687 1071 et
708 1012 843 1071 salutmis
861 1011 930 1070 boni
949 1011 1098 1086 rationem,
1114 1011 1193 1090 quod
1213 1012 1243 1070 in
1257 1013 1464 1072 communione

256 1112 322 1151 cum
336 1093 400 1150 Deo
414 1111 465 1168 per
478 1091 661 1151 sanctitatem
675 1100 705 1150 et
723 1101 860 1151 aeternam
873 1091 1040 1151 felicitatem
1056 1091 1196 1152 consistit
1232 1091 1308 1151 Nam
1321 1100 1403 1152 talita
1417 1101 1465 1152 est

255 1173 319 1250 ejus
333 1171 460 1231 efficacia
482 1191 552 1248 erga
569 1172 716 1230 hominem
729 1192 811 1232 reum
825 1181 854 1230 et
868 1173 1013 1248 miserum,
1029 1182 1062 1231 ιιι
1083 1173 1134 1250 qui
1148 1173 1237 1232 semel
1251 1173 1325 1232 illud
1339 1173 1395 1231 sub
1410 1174 1463 1232 tali

255 1251 337 1329 exim
347 1253 401 1311 rite
414 1251 612 1330 apprehendit,
623 1273 682 1311 non
695 1253 787 1330 possit
800 1271 819 1310 a
832 1271 863 1311 se
876 1251 1038 1329 impetrare,
1051 1253 1122 1330 quin
1135 1252 1208 1314 illud
1222 1254 1320 1312 statim
1334 1254 1463 1331 amplec—

256 1342 342 1408 tatur,
358 1342 388 1392 et
398 1341 563 1391 constanter
577 1333 707 1392 retineat.

255 1451 292 1496 2„
302 1451 495 1504 ,mmmm
560 1413 620 1472 IX.
645 1411 777 1472 Secundo
798 1412 836 1471 ad
855 1412 911 1472 hoc
935 1421 1086 1490 peccatum
1108 1413 1342 1474 constituendum
1362 1415 1463 1492 requi-

285 1513 360 1556 tactio
380 1511 465 1556 means
480 1525 495 1556 a
515 1493 589 1552 ritur
602 1495 718 1569 defectio
733 1495 825 1552 totalis
839 1512 859 1551 a
878 1494 1001 1568 amiate,
1017 1497 1131 1570 ejusque
1151 1495 1291 1554 malitiosa
1307 1496 1422 1570 rejectio
1436 1505 1465 1554 et

286 1571 401 1616 veritate.
517 1576 684 1650 despotin
706 1573 772 1632 Non
793 1593 831 1632 ex
851 1584 925 1632 metu
938 1574 1106 1652 simpliciter
1130 1584 1159 1634 et
1179 1577 1273 1634 carad
1287 1577 1460 1655 irafirnaitcte,

254 1664 288 1715 ut
314 1656 365 1732 qui
396 1664 475 1715 metu
503 1657 603 1713 mortis
637 1663 688 1713 aut
715 1655 814 1731 gravis
841 1654 965 1732 alicujus
992 1655 1061 1713 mali
1088 1655 1282 1733 impendentis
1310 1657 1461 1714 Christum

255 1736 388 1812 abnegat,
405 1737 454 1794 vel
474 1734 566 1793 Idolis
580 1735 648 1794 thus
669 1734 773 1811 adolet,
796 1743 829 1792 ut
846 1735 950 1794 Petrus
971 1735 1116 1794 Christum
1134 1737 1299 1814 abnegavit,
1323 1745 1353 1795 et
1373 1737 1460 1796 multi

255 1816 286 1873 in
307 1815 400 1874 veteri
425 1815 558 1874 Ecclesia
582 1814 754 1874 deficiebant
780 1834 799 1872 a
819 1814 885 1891 fide,
910 1823 940 1874 et
963 1815 1049 1874 hodie
1072 1817 1229 1876 etiamnum
1253 1816 1391 1876 deficiunt
1421 1837 1460 1876 ex

255 1904 334 1956 metu
355 1895 509 1974 perdendae
523 1896 592 1954 vitae
606 1897 655 1954 vel
668 1895 839 1961 facultatum
853 1903 882 1954 et
902 1895 1077 1972 dignitatum
1091 1898 1197 1974 quibus
1217 1896 1367 1972 fruuntur3
1391 1897 1461 1955 Non

239 1998 292 2036 rex
316 1977 389 2035 lucri
411 1977 569 2053 cupiditate,
595 1985 625 2034 et
649 1996 699 2054 spe
724 1975 934 2053 consequenda
960 1975 1091 2036 lautioris
1118 1977 1250 2053 fortuna,
1275 1977 1370 2056 qualis
1399 1977 1459 2036 De-

254 2077 325 2134 mas,
341 2057 392 2135 qui
405 2077 533 2135 praesens
547 2057 676 2116 seculum
690 2057 807 2132 amavit,
829 2065 859 2116 et
879 2056 922 2114 illi
943 2055 1086 2138 scimea
1106 2057 1257 2134 inquibus
1277 2057 1394 2116 fallacia
1414 2058 1459 2116 di-

253 2139 390 2198 vitiarum
404 2147 433 2197 ct
448 2136 612 2197 sollicitudo
627 2137 717 2196 seculi
731 2136 877 2215 extinguit
889 2136 996 2196 bonum
1011 2158 1118 2198 semen.
1147 2137 1287 2213 Quamvis
1300 2139 1378 2196 enim
1392 2157 1461 2216 gra·

253 2218 320 2278 vius
334 2219 451 2278 omnino
461 2227 583 2296 peccent
595 2217 652 2294 isti,
668 2227 698 2277 et
711 2218 798 2296 longe
814 2218 871 2276 sint
890 2217 1145 2278 inexcusabiliores
1159 2219 1232 2294 aliis,
1248 2217 1298 2296 qui
1318 2237 1357 2276 ex
1378 2229 1461 2279 metu

253 2298 408 2376 abnegant,
424 2307 453 2358 et
466 2299 584 2377 propius
596 2298 734 2358 accedant
747 2299 785 2356 ad
798 2306 948 2376 peccatum
962 2298 999 2358 de
1013 2318 1071 2377 quo
1084 2300 1214 2376 agimus;
1229 2297 1306 2357 unde
1320 2309 1354 2358 ut
1367 2300 1462 2359 rarior

253 2379 328 2438 solet
342 2399 405 2438 cese
430 2399 529 2438 eorum
549 2378 727 2456 paenitentia,
744 2379 785 2437 ita
804 2378 950 2439 difficilius
970 2380 1086 2438 veniam
1106 2379 1216 2457 peccati
1238 2379 1283 2438 sui
1303 2378 1461 2440 obtinent:

253 2459 362 2516 Tamen
379 2479 439 2516 non
461 2468 505 2518 est
524 2459 656 2518 absolute
677 2460 703 2517 ἰι
726 2461 772 2516 ab·
793 2456 933 2534 divalem
956 2460 1024 2535 quia
1045 2460 1182 2518 licetnon
1195 2468 1309 2518 tantum
1333 2459 1460 2536 gradum

251 2540 367 2596 ἀκουσίου
381 2539 533 2615 participet
546 2548 696 2615 peccatum
709 2539 797 2614 istud,
809 2547 948 2616 quantum
960 2539 1131 2598 observatur
1143 2541 1174 2598 in
1188 2559 1222 2599 eo
1233 2539 1311 2617 quod
1325 2559 1363 2598 ex
1377 2551 1460 2601 metu

254 2619 353 2692 oritur,
368 2618 457 2676 habet
471 2627 567 2676 tamen
582 2637 695 2696 semper
709 2619 851 2695 aliquem;
874 2619 1017 2696 siquidem
1032 2620 1175 2698 cupiditas
1195 2620 1247 2678 illa
1267 2640 1325 2697 qus
1341 2620 1460 2680 illectus

251 2708 297 2756 est
310 2697 404 2773 homo,
421 2707 450 2756 et
464 2716 528 2774 quae
543 2717 601 2755 non
615 2709 660 2758 est
674 2699 735 2757 sinc
749 2698 965 2776 perturbatione
982 2700 1087 2777 aliqua,
1103 2701 1220 2760 videtur
1234 2701 1295 2772 vim
1309 2701 1459 2777 quandam

250 2777 354 2837 inferre
368 2778 473 2836 rationi
487 2786 517 2837 et
528 2778 624 2836 lucem
637 2780 700 2857 ejus
714 2779 902 2857 extinguere3
917 2778 995 2839 unde
1009 2799 1068 2839 non
1082 2781 1167 2859 plane
1180 2782 1291 2846 ἑκουσίως
1305 2789 1459 2857 peccatum

251 2857 325 2918 illud
338 2858 479 2918 committi
493 2858 617 2919 videtur.
661 2859 799 2936 Superest
819 2879 889 2936 ergo
909 2867 943 2920 ιιι
963 2861 1118 2938 abnegatio
1137 2862 1188 2920 illa
1201 2862 1332 2920 veritatis
1352 2861 1404 2920 fiat
1418 2883 1459 2920 ex

250 2959 324 3019 pura
336 2939 448 2998 malitia
461 2949 490 3000 et
504 2940 672 3018 petulantia,
692 2960 757 3018 quae
772 2960 810 2999 ex
823 2941 891 3000 odio
910 2942 974 3020 ejus
987 2942 1174 3018 interneciuo,
1190 2951 1219 3001 et
1232 2941 1372 3020 pertinaci
1386 2961 1457 3000 con-

250 3029 362 3098 temptu
375 3020 575 3099 proficiscitur,

292 3101 335 3160 X.
351 3101 426 3160 Dico
440 3103 535 3162 odium
546 3110 575 3162 et
586 3111 768 3178 maenarum
778 3101 911 3161 veritatis
924 3101 973 3162 hic
982 3102 1079 3161 locum
1092 3103 1207 3179 habere,
1220 3102 1361 3180 quiaque
1372 3122 1458 3162 max·

251 3180 308 3240 ime
323 3202 499 3260 aversamur,
522 3191 552 3242 et
572 3182 732 3261 despicatui
752 3182 901 3258 habemus,
916 3183 1035 3260 rejicere
1050 3182 1184 3258 solemus,
1200 3191 1230 3241 et
1246 3204 1263 3242 a
1277 3182 1362 3242 nobis
1375 3203 1456 3242 amo-

250 3280 319 3320 vere
333 3271 473 3339 quantum
487 3283 650 3340 possumus.
683 3263 723 3321 Et
735 3264 772 3322 de
787 3272 952 3340 contemptu
967 3262 1084 3339 quidem
1098 3283 1145 3322 res
1163 3283 1221 3322 non
1236 3263 1359 3322 obscura
1371 3264 1456 3322 vide-

250 3348 317 3401 tur:
345 3361 412 3400 nara
434 3343 459 3400 si
474 3344 668 3420 Evangelium
688 3344 742 3402 rite
763 3363 815 3421 pro
829 3342 971 3420 dignitate
986 3363 1039 3402 sua
1052 3343 1235 3419 aestimarent,
1250 3363 1398 3420 nunquam
1420 3365 1457 3403 eo

250 3421 356 3480 adduci
369 3429 487 3497 possent
500 3430 534 3480 ιιι
547 3423 708 3499 rejicerent,
724 3443 793 3501 ergo
808 3423 886 3500 quod
899 3422 1035 3500 rejiciunt
1048 3433 1077 3483 et
1090 3424 1244 3501 abnegant,
1259 3423 1326 3482 ideo
1339 3423 1373 3482 fit
1386 3424 1458 3501 quis

251 3509 447 3576 aspernantur,
464 3509 493 3559 et
506 3521 558 3577 pro
572 3501 663 3559 nihilo
678 3502 796 3561 ducunt.
819 3504 884 3576 Quo
897 3504 1022 3582 pertinet
1037 3503 1115 3580 quod
1130 3503 1247 3577 Paulus,
1263 3501 1342 3562 Heb.
1358 3523 1397 3578 x.‚
1415 3505 1458 3564 ait

250 3578 287 3638 de
302 3581 505 3638 conculcatione
519 3581 590 3638 Filii
601 3581 668 3654 Dei,
683 3589 713 3640 et
733 3583 877 3658 sanguinii
887 3587 946 3658 ejus
954 3585 1165 3660 profanatione,
1181 3583 1259 3660 quod
1274 3583 1335 3642 sine
1350 3584 1455 3644 intole-

251 3659 341 3718 rando
356 3669 522 3738 contemptu
535 3659 598 3719 fieri
610 3659 720 3738 nequit.
736 3661 819 3722 Idem
836 3662 932 3739 arguit
953 3665 1118 3740 exemplum
1133 3665 1232 3740 Esavi,
1245 3664 1294 3742 qui
1315 3673 1455 3742 tanquam

250 3749 338 3818 typus
352 3741 472 3800 istorum
486 3749 670 3820 peccatorum
683 3740 806 3820 proponi
820 3741 901 3818 solet,
922 3743 1005 3820 cujus
1019 3745 1128 3803 crimen
1141 3744 1171 3801 in
1186 3763 1221 3803 eo
1234 3745 1359 3822 ponitur,
1375 3745 1456 3821 quod

250 3839 303 3899 pro
325 3821 421 3881 edulio
442 3823 494 3900 jus
514 3822 750 3900 primogeniturae
770 3819 943 3898 vendiderit,
966 3841 1019 3901 pro
1040 3824 1130 3883 nihilo
1154 3825 1215 3884 scil.
1238 3824 1311 3884 illud
1334 3825 1454 3884 ducens.

251 3903 361 3962 Verum
376 3903 444 3980 quia
459 3903 654 3980 Evangelium
667 3903 732 3964 istis
745 3923 804 3962 non
817 3903 904 3962 modo
917 3923 969 3981 pro
983 3923 1014 3963 re
1029 3903 1112 3963 nihili
1126 3905 1307 3964 civilissima
1319 3905 1455 3981 habetur,

251 3982 303 4040 sed
331 3982 418 4041 etiarn
440 4000 492 4061 pro
507 4003 538 4042 re
561 3983 766 4043 molestissima
788 3993 818 4043 et
841 3983 949 4061 infami,
976 3993 1063 4063 atque
1087 3984 1159 4044 adeo
1178 3984 1329 4045 affectibus
1354 4005 1456 4044 eorum

249 4063 373 4121 adversa
393 4072 423 4122 et
442 4064 510 4123 odio
528 4063 634 4140 digna;
663 4063 732 4123 hinc
744 4064 778 4124 fit
798 4072 831 4124 ut
852 4084 917 4124 cum
937 4073 1103 4143 contemptu
1124 4065 1222 4124 odium
1243 4065 1327 4141 adsit,
1343 4085 1382 4124 ex
1395 4085 1457 4142 quo

250 4145 421 4220 oppugnatio
436 4153 465 4203 et
479 4145 621 4203 iamectatio
643 4143 798 4222 Evangelii
812 4144 910 4221 oritur,
926 4163 991 4222 quaa
1005 4146 1035 4203 in
1049 4147 1105 4204 hoc
1118 4153 1237 4222 peccato
1259 4145 1348 4204 etiam
1361 4147 1456 4204 eonti-

249 4232 342 4283 netur.
385 4224 447 4282 Nec
461 4225 537 4282 enim
551 4223 609 4283 alia
627 4225 761 4284 insectari
782 4233 812 4284 et
825 4243 992 4304 oppugnare
1006 4225 1140 4300 solemus,
1155 4244 1243 4303 quam
1257 4246 1322 4303 qua
1336 4245 1456 4285 aversa·

249 4323 322 4362 mur.
353 4303 421 4363 Huc
434 4303 504 4363 iacit
513 4303 679 4381 exemplum
689 4305 908 4379 Pharisaeorum,
924 4305 1030 4382 quibus
1044 4325 1062 4364 a
1073 4305 1187 4365 Christo
1202 4306 1373 4384 impingitur
1385 4326 1456 4383 pec·

250 4391 347 4443 catum
360 4383 390 4441 in
407 4383 546 4460 Spiritum
560 4385 706 4460 Sanctum,
714 4385 783 4461 quia
791 4405 828 4443 ex
843 4383 924 4443 ferali
938 4386 1002 4462 ejus
1016 4386 1083 4445 odio
1094 4385 1255 4445 doctrinam
1269 4395 1299 4444 et
1313 4385 1457 4445 miracula

248 4461 340 4538 ipsius
354 4473 487 4540 proterve
501 4465 683 4540 respuebant,
700 4474 729 4524 et
742 4483 894 4542 personam
907 4467 1171 4542 persequebantur3
1194 4473 1223 4524 et
1236 4485 1343 4524 nomen
1357 4465 1455 4542 ipsum

247 4541 495 4619 blasphemiisque
509 4543 656 4620 designari
671 4544 744 4602 solet
758 4545 814 4603 hoc
827 4545 990 4603 necessario
1004 4545 1098 4620 insert,
1113 4555 1147 4604 ut
1160 4554 1189 4604 et
1204 4565 1263 4604 vox
1279 4544 1378 4625 iserae,
1395 4567 1457 4622 qua

248 4618 418 4694 Apostolus,
435 4622 512 4680 Hah.
534 4643 573 4696 x.‚
596 4624 798 4683 contumeliam
816 4623 935 4702 Spiritui
955 4626 1063 4684 Sancto
1085 4626 1194 4684 illatum
1217 4627 1363 4704 exprimit,
1386 4645 1455 4703 quaa

246 4695 346 4752 odiurn
360 4705 390 4755 et
403 4699 625 4760 detestationem
637 4702 678 4760 rei
693 4703 896 4778 gravissimam
910 4723 1009 4766 secum
1023 4705 1119 4766 trahit.
