3044 5180
109 413 221 462 esser.
237 391 296 475 ιιι]
534 413 573 454 un
588 413 879 456 rnsnssrrurrrous.
1248 397 1305 458 323

107 554 172 613 titis
186 553 255 612 fidei
276 572 365 630 quern
388 553 498 612 Gentes
519 563 680 616 consecute
702 565 777 630 suut,
799 575 857 614 uon
879 555 987 616 evincit
1009 555 1130 615 Paulum
1151 556 1231 633 egise
1252 557 1308 614 hoc

103 632 199 710 cupite
213 632 251 692 de
265 633 489 710 Justificetione,
511 635 563 693 sed
575 637 784 695 consecterinm
798 645 843 696 est
863 656 901 696 ex
920 635 1149 714 praecedentibus
1169 636 1306 711 elicitum,

101 731 208 790 nempe
222 731 261 772 ex
283 713 337 772 hec
358 713 497 773 electione
517 723 547 773 et
568 715 718 774 voeetione
739 715 865 792 gratuite
884 724 986 792 gentes
1006 715 1172 788 obtinuisse,
1195 724 1227 774 ut
1244 715 1307 792 jus·

102 791 177 850 fine
197 791 350 870 perfidem
365 792 467 853 fierent
486 794 648 872 participes,
662 794 785 855 Judeeos
805 815 875 854 vero
888 815 995 873 megne
1008 815 1045 854 ex
1065 804 1146 872 purte
1165 802 1308 854 sectantes

103 891 192 1012 offis
206 871 306 964 Iegis,
324 873 478 1010 juspplDei
493 873 606 1012 jppdlieio
619 875 711 934 salute
732 875 874 1014 exppdirplse
885 897 902 969 ι.
915 875 1001 934 Unde
1015 873 1130 934 elicitur
1143 873 1230 932 fidem
1244 893 1307 932 esse

101 971 132 1008 m
180 971 364 1012 umumeum
423 972 442 1011 u
569 973 627 1013 non
641 973 757 1014 esusem
798 975 832 1013 ec
856 973 928 1014 onis.

143 1029 243 1090 XXI.
266 1030 349 1091 licet
368 960 489 1109 rejeciid
506 1041 536 1092 et
558 1031 670 1110 electio,
694 1053 759 1111 que
778 1034 947 1112 proponitur
970 1034 1000 1091 in
1020 1052 1143 1112 persons
1165 1032 1256 1091 Esevi
1280 1039 1309 1091 et

100 1109 220 1185 Jecobi,
242 1111 336 1188 possit
356 1111 567 1188 quodammodo
587 1121 718 1190 posteros
738 1113 865 1192 ipsorum
889 1113 1030 1191 respicere
1050 1111 1228 1188 secundario,
1250 1110 1308 1188 pri-

101 1190 194 1250 merio
208 1199 309 1250 temen
328 1190 407 1267 ipsos
427 1201 546 1270 spectet,
569 1200 602 1251 ut
622 1192 790 1252 ostendetur
809 1211 925 1252 consum
945 1192 1119 1252 discriminis
1139 1193 1214 1250 inter
1232 1191 1308 1249 filios

101 1268 200 1329 curnis
221 1279 254 1330 et
274 1270 480 1347 promissionis,
501 1279 569 1348 quse
587 1273 763 1350 proponitur,
786 1293 815 1332 v.
838 1275 866 1332 6.
891 1277 917 1348 7,
940 1291 998 1330 non
1018 1272 1048 1330 in
1069 1271 1204 1349 operibus
1224 1271 1309 1330 bonis

104 1349 153 1408 vel
166 1348 256 1408 mulis
268 1349 498 1427 prnredentibus
510 1359 542 1411 et
554 1351 686 1429 prsevisis
699 1351 884 1429 querendam
904 1371 976 1426 esee,
1000 1351 1052 1410 sed
1072 1351 1102 1408 in
1123 1361 1230 1410 aeterno
1253 1351 1308 1410 Dei

99 1429 262 1506 proposito,
284 1429 430 1490 Jueobum
443 1449 481 1490 ex
501 1431 596 1508 gretie
611 1431 754 1508 eligentis,
777 1441 806 1490 et
821 1431 949 1492 Esavum
966 1429 1164 1508 reprobantis:
1186 1431 1233 1490 Ita
1252 1431 1308 1490 istu

99 1527 160 1566 non
174 1517 376 1601 proponpntur
390 1517 502 1602 tentpm
522 1511 691 1604 Wtffld
711 1511 797 1569 etiem
812 1511 1048 1603 paradigmatice,
1065 1507 1307 1603 puemadmodum

98 1588 1166 1747 “tdlt‘tl‘tltllffttttttttltttttztir
1180 1668 1210 1726 ι
1224 1668 1308 1728 ιιι

97 1745 271 1823 providerit
286 1747 375 1822 Dens,
391 1747 439 1806 vel
451 1756 589 1826 tunquam
603 1757 700 1808 sotum
713 1757 831 1824 nuturse,
847 1749 897 1826 qui
912 1769 929 1807 u
942 1749 1026 1808 nobis
1039 1748 1244 1826 proficiscetur,
1260 1747 1309 1806 vel

98 1835 133 1884 ut
147 1835 247 1886 sctum
261 1827 372 1904 gre-tite
388 1827 438 1904 qui
451 1848 470 1887 u
483 1829 547 1888 Deo
567 1828 699 1906 pendeat,
721 1829 770 1888 vel
783 1836 817 1888 ut
832 1836 929 1887 ectum
947 1847 1127 1886 communem
1148 1826 1198 1904 qui
1212 1827 1249 1887 sb
1262 1835 1308 1888 ut·

98 1924 193 1982 roque
207 1906 394 1984 conjunctim,
416 1908 519 1984 purtim
534 1927 551 1966 o
566 1909 637 1982 Deo,
649 1907 754 1986 purtim
768 1907 805 1965 ub
822 1907 938 1966 homine
958 1907 1083 1982 oristnr;
1107 1907 1139 1964 Si
1159 1915 1192 1966 ut
1212 1915 1309 1966 ectum

98 1983 169 2060 Dei,
183 2004 256 2062 ergo
269 1986 404 2062 previdit
417 2006 480 2046 esur
494 1997 527 2048 ut
540 1987 648 2048 donum
662 2005 754 2061 suum,
769 1985 859 2046 idest
872 2007 889 2045 u
903 2005 934 2046 se
947 1984 1092 2044 decretum
1106 2005 1144 2043 ex
1158 1985 1308 2061 electione,

97 2073 129 2124 et
144 2063 188 2123 sic
202 2065 374 2124 electionem
389 2075 532 2144 sequetur,
547 2087 606 2126 non
625 2065 786 2144 precedet;
810 2065 842 2126 Si
862 2073 895 2125 ut
908 2073 1005 2124 uotum
1025 2073 1143 2140 nunuae,
1166 2083 1235 2142 ergo
1255 2083 1310 2124 nos

97 2143 181 2221 ipsos
195 2143 395 2222 dissernimus,
417 2155 518 2206 oontm
539 2147 670 2222 Paulum,
694 2145 792 2205 lCor.
807 2145 846 2204 iv.
862 2149 889 2220 7,
911 2153 941 2204 et
955 2143 1026 2202 vicit
1044 2143 1181 2222 Pelagius
1192 2166 1200 2220 ι
1224 2141 1309 2204 Sint

96 2232 200 2282 ectum
214 2221 405 2299 cdmmunem,
421 2225 467 2284 vel
482 2226 662 2320 specificatur
676 2233 758 2284 ectus
773 2224 829 2284 Dei
843 2224 880 2283 sb
894 2231 961 2284 ectu
974 2221 1108 2302 hominis,
1123 2231 1153 2282 et
1167 2223 1208 2282 sic
1220 2223 1308 2282 homo

97 2313 148 2362 eet
162 2303 338 2364 mhiteetus
352 2323 412 2364 sne
426 2305 536 2380 saluus,
558 2315 587 2366 et
600 2305 689 2364 hebet
700 2303 780 2382 quod
795 2303 935 2364 sacrificet
949 2303 1003 2362 reti
1017 2321 1078 2378 suo,
1101 2321 1168 2362 cum
1181 2301 1309 2362 conderet

97 2381 139 2440 ed
154 2383 201 2441 sui
214 2383 338 2443 sulutem
352 2383 432 2460 quod
443 2383 619 2462 precipuum
633 2391 686 2460 est,
700 2384 750 2444 vel
763 2383 944 2462 specifieotur
957 2391 1039 2442 ectus
1052 2381 1178 2442 hominis
1191 2382 1228 2441 eb
1242 2389 1309 2442 ectu

98 2461 169 2536 Dei,
184 2467 215 2520 et
228 2462 271 2522 sie
284 2461 388 2521 electio
401 2463 456 2523 erit
469 2483 556 2524 cause
569 2464 645 2538 fidei,
657 2483 716 2522 non
726 2471 843 2524 nonme:
858 2463 955 2524 itevel
964 2461 1177 2522 ascendendum
1188 2470 1233 2522 est
1243 2481 1308 2522 curn

98 2540 254 2618 Scriptum
267 2541 305 2600 ud
320 2542 415 2602 Deum
427 2541 673 2603 discriminantem
686 2543 832 2602 hominem
846 2541 922 2602 dono
936 2561 998 2618 suo,
1014 2541 1062 2601 vel
1075 2539 1308 2602 descendendum

94 2619 358 2758 3231)ssde
376 2623 522 2682 hominem
543 2642 574 2682 se
587 2622 797 2684 discernentem
817 2621 910 2684 libero
926 2641 980 2682 sno
1000 2619 1127 2696 erbitrio,
1148 2641 1202 2680 nec
1216 2620 1308 2681 ullum

201 2719 232 2758 m
281 2720 340 2759 nm.

141 2777 276 2840 XXHI.
298 2779 416 2855 Quarto,
433 2779 466 2840 Si
479 2781 592 2842 Electio
605 2789 651 2842 est
668 2799 706 2840 ex
716 2780 783 2854 ,fide
802 2781 934 2859 previos,
957 2779 1038 2840 Deus
1051 2799 1109 2838 non
1123 2779 1244 2858 eligeret
1256 2779 1308 2838 ho·

96 2858 221 2934 minem,
244 2858 297 2918 sed
309 2859 397 2920 homo
410 2859 506 2936 potius
520 2861 641 2938 eligeret
655 2861 759 2937 Deum,
781 2869 811 2920 et
825 2860 867 2920 sio
880 2857 1094 2937 predestinatio
1114 2857 1238 2918 dicende
1256 2878 1308 2936 po-

96 2937 162 2998 tius
176 2945 254 2998 esset
273 2938 502 3016 postdestiustio,
524 2941 616 3018 prima
630 2959 717 3000 censs
729 2938 811 2998 fieret
824 2939 960 3014 secunde,
981 2947 1012 2998 et
1026 2937 1107 2998 Dens
1119 2935 1258 3014 penderet
1271 2937 1309 2996 eb

95 3017 228 3093 homine,
243 3017 323 3095 qnod
336 3017 440 3078 fulsum
453 3038 526 3096 esse,
542 3027 571 3079 et
584 3039 631 3079 res
644 3019 708 3096 ipse
716 3018 829 3093 danem,
844 3027 874 3076 et
885 3017 1017 3076 Christus
1030 3035 1166 3093 expresse
1176 3023 1307 3092 testetur,

96 3096 174 3156 Joh.
201 3115 254 3156 xv.
279 3098 326 3158 16.
346 3099 415 3158 Non
437 3119 486 3158 eos
515 3119 558 3157 me
577 3099 704 3175 cupreos,
725 3100 777 3156 sed
801 3116 851 3173 ego
878 3117 928 3156 vos
957 3095 1034 3172 clegi,
1056 3092 1135 3172 quod
1162 3095 1309 3154 orsculuru

95 3195 180 3254 saepe
193 3175 232 3236 ub
253 3173 380 3254 August.
395 3179 541 3256 repetitru,
563 3179 705 3255 precipue
725 3177 777 3236 lib.
797 3175 833 3234 de
874 3175 1105 3234 redesfinetione
1127 3173 1306 3248 Sanctorum,

94 3275 123 3314 c.
143 3257 191 3331 19,
216 3255 235 3289 ‘⁴
244 3255 424 3316 Electionem
437 3277 523 3335 quum
538 3256 682 3336 significet
696 3255 839 3316 Dominus
849 3196 957 3329 dicens,
973 3253 1039 3312 Non
1050 3273 1103 3312 vos
1112 3272 1158 3311 me
1170 3251 1307 3330 elegistis,

97 3334 156 3394 sed
168 3355 226 3413 ego
240 3354 294 3397 vos
307 3335 393 3413 elegi,
408 3357 461 3396 nec
475 3336 618 3416 ipsutides
632 3335 788 3414 prsecedit:
810 3333 876 3392 Non
889 3334 966 3393 enim
980 3333 1048 3410 quis
1058 3331 1241 3408 credidimus,
1257 3331 1309 3391 sed

97 3421 134 3473 ut
149 3413 303 3474 credemus
316 3415 405 3492 elegit
417 3436 480 3491 nos,
495 3435 532 3476 ne
545 3417 655 3493 priores
668 3435 735 3476 eum
750 3414 873 3491 elegisse
888 3413 1046 3472 dicemur.”

143 3493 273 3552 XXIV.
295 3493 411 3571 erinto,
435 3495 467 3555 Si
488 3494 601 3556 Electio
620 3503 666 3554 est
690 3515 727 3553 ex
747 3493 805 3552 fide
825 3493 957 3570 praevise,
979 3493 1077 3551 nullus
1097 3490 1214 3551 dubitur
1226 3489 1308 3550 locus

97 3573 318 3650 objectionibus
337 3593 403 3652 quse
416 3575 493 3634 eires
505 3594 569 3633 eum
583 3573 693 3634 moveri
708 3573 809 3648 solent,
832 3581 862 3632 et
875 3572 947 3630 nihil
968 3572 1125 3649 proclivius
1146 3571 1201 3631 erit
1221 3589 1307 3648 quem

98 3651 270 3712 setisiueere
283 3653 444 3729 questioni,
460 3673 511 3714 cur
524 3653 573 3712 ille
587 3653 711 3731 eligetur
724 3653 819 3730 potius
833 3672 919 3730 quern
934 3651 997 3726 iste,
1010 3661 1039 3712 et
1048 3651 1154 3710 frustm
1164 3649 1307 3708 exclame-

98 3739 148 3789 ret
162 3731 281 3808 Punlus,
297 3727 319 3790 oi
336 3733 421 3808 situ,
437 3733 492 3792 Ro.
507 3731 548 3792 xi.
563 3733 611 3792 33.
654 3731 774 3792 Frustra
795 3731 871 3791 idem
892 3730 973 3790 velut
993 3730 1108 3807 injectis
1128 3727 1235 3804 lupetis
1255 3727 1307 3786 ho-

99 3809 191 3868 minis
205 3811 400 3875 curiositstem
414 3812 581 3889 reprimeret
594 3809 777 3888 increpando,
792 3811 824 3870 σὺ
841 3810 877 3876 τίς
896 3808 922 3883 si,
944 3817 974 3869 et
991 3827 1056 3868 cum
1069 3808 1131 3867 luto
1145 3805 1228 3883 figuli
1242 3825 1307 3865 eum

98 3889 314 3968 competendo,
337 3889 412 3950 Nem
432 3891 566 3968 quemvis
586 3889 754 3948 edmireudu
775 3890 812 3948 sit
830 3888 990 3949 oeconomia
1003 3906 1061 3964 qus
1081 3893 1234 3945 servantur
1247 3903 1307 3942 cre-

100 3967 215 4044 dentes,
241 3968 383 4029 increduli
410 3969 590 4044 damnentur,
619 3967 692 4027 sdeo
720 3977 816 4028 temen
843 3969 919 4026 clere
943 3966 1027 4024 nobis
1055 3973 1100 4024 est
1122 3963 1251 4022 revelate
1277 3963 1308 4020 in

103 4047 189 4110 sven
241 4048 277 4122 ὀ,
300 4057 334 4108 ut
356 4049 432 4108 nihil
452 4068 555 4126 supre;
579 4048 659 4125 Ergo
679 4047 710 4106 in
731 4045 989 4106 Predestinstione
1011 4043 1122 4120 aliquid
1143 4040 1308 4118 ponendum

101 4135 147 4186 est
245 4127 252 4140 '
308 4128 408 4188 ''mtis
429 4127 554 4206 plenum,
579 4127 657 4205 quod
680 4125 754 4184 nihil
780 4123 860 4184 eliud
882 4144 945 4184 esse
969 4129 1065 4200 potest
1090 4140 1178 4199 quem
1205 4119 1308 4180 electio

102 4205 227 4264 eliorum
245 4225 305 4284 pre
333 4207 400 4268 sliis
421 4226 479 4266 non
500 4207 656 4284 pejoribus,
680 4213 709 4264 et
732 4203 895 4281 reprobatio
917 4201 1039 4261 aliorum
1068 4219 1127 4278 pree
1156 4197 1221 4258 eliis
1249 4217 1308 4258 non

101 4284 291 4361 melioribus;
322 4305 411 4346 csues
436 4285 513 4344 enim
543 4285 632 4363 hujus
659 4283 841 4358 discriminis,
866 4301 933 4342 eum
959 4281 990 4338 in
1017 4279 1132 4339 homine
1153 4277 1233 4337 nulls
1261 4277 1307 4354 sit,

103 4383 156 4422 nee
186 4363 374 4441 imsginsndo
398 4363 469 4442 tingi
489 4365 589 4442 possit,
613 4383 730 4424 necesse
750 4369 796 4421 est
816 4368 928 4420 mentes
948 4359 1097 4418 hominurn
1118 4359 1166 4418 hic
1189 4357 1307 4433 herere,

102 4455 136 4502 u'e
157 4443 250 4504 veluti
271 4442 327 4503 sub
347 4443 413 4504 volo
453 4443 551 4504 lenum
571 4442 698 4502 horroris
718 4439 876 4500 venerandi
896 4438 1066 4516 mysterium
1087 4437 1224 4498 adorere:
1247 4435 1308 4496 Nec

103 4519 247 4618 Apostolo
268 4463 494 4616 opniugiendum
507 4521 609 4582 fuisset
629 4521 667 4582 ed
681 4522 775 4582 solum
790 4519 845 4613 llei
858 4517 1079 4613 beneplepiturn,
1099 4518 1150 4595 qui
1162 4517 1309 4654 menope-

102 4603 258 4742 ιιι
269 4601 776 4770 instrenuus
789 4595 1308 4758 ιιιιιιιιῖιι
