3044 5180
126 399 239 449 66666.
255 378 338 458 nu]
603 397 641 438 66
656 397 950 438 666666616666666.
1280 381 1339 438 339

128 543 210 600 siner
222 539 350 600 licentiae
365 537 471 598 cernis.
514 537 585 598 Ideo
599 557 747 616 nunqnam
760 539 816 598 1616
837 538 985 600 certitudo
1006 536 1145 616 urgenda,
1168 537 1238 615 quin
1262 539 1340 600 illico

128 618 368 758 mffififflm
392 617 520 678 studium
542 618 704 697 adjiciatur,
729 629 867 696 tanquam
882 617 1009 679 conditio
1031 618 1193 678 necessaria
1215 618 1252 678 ed
1276 639 1339 679 cem

130 701 250 762 obtinen

170 779 315 842 XXVII.
339 777 482 856 Quamvis
496 777 638 838 certitudo
652 778 708 840 1616
721 778 884 838 necessaria
896 778 982 838 eitad
995 777 1090 838 fidelis
1103 779 1338 857 consolationem,

127 870 225 922 166166
238 860 279 920 sd
292 859 362 920 fidei
376 858 469 938 ipsius
482 859 642 935 veritatem,
657 879 716 918 non
731 879 803 938 opus
825 869 869 919 est
883 860 946 938 ejus
967 867 1035 918 actu
1058 859 1196 936 explicito
1215 859 1341 938 singulis

127 941 283 1002 momentis
295 964 303 1018 3
318 960 387 1000 -666
399 938 530 1017 protinus
543 939 600 998 fide
624 959 721 998 cerere
746 938 885 998 dicendus
909 939 1017 1016 estqui
1031 940 1159 998 nondum
1184 948 1228 999 est
1242 941 1272 998 in
1286 941 1340 1000 hac

128 1021 305 1082 certitudine
319 1019 515 1080 confirmatus.
557 1019 619 1078 Nec
634 1020 659 1078 si
669 1018 813 1078 interdum
827 1029 906 1078 caret
920 1020 971 1078 illo
985 1039 1080 1094 66666,
1097 1019 1183 1080 debet
1197 1021 1294 1080 stetim
1310 1040 1340 1080 66

128 1099 260 1180 reprobis
274 1120 438 1176 accensere,
454 1109 483 1160 61
496 1097 532 1158 (16
547 1099 647 1158 divina
660 1099 857 1158 misericordie
879 1098 1019 1174 dubitare,
1044 1099 1095 1158 sed
1117 1099 1199 1159 illum
1214 1100 1338 1159 ardenti-

127 1181 182 1240 bus
196 1202 214 1240 a
230 1181 296 1240 Deo
311 1180 390 1239 votis
403 1179 549 1258 postulare
564 1187 592 1238 ct
607 1199 762 1256 exposcere
777 1179 871 1254 debet,
887 1188 917 1238 et
931 1199 948 1238 6
961 1187 1043 1258 666-16
1067 1198 1121 1238 666
1143 1179 1244 1239 sedulo
1265 1181 1296 1239 in
1310 1180 1340 1239 id

126 1261 297 1322 incumbere
311 1269 435 1336 tenetur,
451 1267 483 1320 ut
496 1279 547 1336 per
560 1257 628 1318 fidei
643 1259 826 1320 othonorum
840 1279 959 1337 operum
982 1259 1095 1336 praxim
1120 1279 1186 1318 eum
1201 1261 1231 1319 in
1245 1261 1340 1339 eeipso

126 1343 266 1416 excitare,
282 1349 314 1400 61
327 1340 422 1418 magis
436 1360 468 1398 66
482 1339 576 1418 magis
589 1337 718 1398 radicare
732 1340 833 1416 possit
875 1339 941 1398 Nou
955 1359 1026 1416 ergo
1040 1338 1077 1396 ad
1096 1340 1229 1399 ultimum
1248 1360 1340 1418 usque

126 1423 195 1482 vitae
209 1421 337 1480 halitum
351 1419 438 1480 horno
453 1427 604 1498 expectere
619 1419 714 1495 debet,
729 1429 762 1479 ut
776 1439 806 1479 66
818 1420 1028 1479 certoelectum
1038 1421 1228 1496 pronunciare
1238 1421 1339 1498 possit,

125 1501 204 1580 quod
218 1499 396 1560 Adversarii
410 1499 527 1574 vellent,
543 1507 612 1558 1666
624 1499 702 1558 enim
717 1519 774 1558 666
788 1499 986 1560 consideretur
998 1499 1122 1578 emplius
1132 1509 1165 1559 ut
1178 1500 1338 1578 eligendus,

125 1581 178 1642 sed
191 1579 272 1642 utin
287 1582 379 1640 vitam
395 1589 531 1640 aeternam
544 1579 778 1656 introducendus,
802 1599 855 1638 666
869 1579 958 1638 ullius
971 1589 1071 1658 posset
1090 1599 1161 1640 ueue
1184 1600 1247 1640 6666
1260 1581 1340 1640 fideli

127 1660 292 1722 Electionis
307 1659 509 1735 consideratio,
525 1660 550 1718 si
564 1658 594 1716 in
608 1659 690 1718 exitu
705 1667 815 1718 tantum
831 1659 898 1718 vitre
923 1660 959 1720 (16
984 1679 1018 1720 66
1042 1669 1139 1722 certus
1152 1659 1339 1738 redderetu13

125 1741 178 1802 sed
192 1741 264 1802 totis
279 1741 393 1800 viribus
408 1739 451 1798 illi
466 1738 632 1799 enitendum
646 1747 699 1815 est,
714 1749 747 1798 ut
761 1739 791 1797 in
804 1759 960 1817 progressu
971 1741 1205 1801 sanctificationis
1215 1741 1339 1800 vividio-

126 1843 187 1881 rem
210 1823 243 1896 16
268 1821 333 1880 (1166
358 1822 422 1898 eius
444 1840 560 1880 sensum
584 1819 621 1877 ed
644 1819 778 1880 solatium
803 1839 887 1879 suum
913 1829 1113 1898 consequetur.
1157 1820 1216 1881 Sed
1237 1821 1273 1880 (16
1293 1821 1340 1880 his

126 1901 260 1982 pluribus
275 1901 402 1960 dicenda
419 1909 511 1977 erunt,
527 1919 616 1978 quum
631 1899 666 1960 de
682 1899 860 1960 Certitudine
884 1899 992 1960 Salutis
1006 1909 1118 1978 agetur.

583 2139 777 2216 6666616
799 2141 888 2200 xlv.

587 2321 627 2360 DE
642 2319 876 2362 nnrnoennlorts.

125 2463 174 2524 Aa
187 2465 348 2524 6166161616
357 2463 403 2522 cir
415 2462 632 2540 Reprobationie
645 2465 806 2538 Decretum,
821 2465 898 2540 quod
910 2483 930 2522 a
938 2465 1004 2524 oola
1017 2464 1076 2524 Dei
1090 2462 1186 2542 611666
1193 2465 1341 2542 pendent,·

353 2545 401 2601 An
414 2563 480 2602 arro
488 2551 636 2620 peccatam
644 2544 771 2620 proprie
784 2544 821 2602 ait
833 2547 891 2620 ejus
905 2545 1017 2604 causa!
1041 2543 1117 2604 Dist.

124 2769 128 2776 ,
173 2704 198 2763 Ι.
221 2701 369 2782 Exposita
383 2701 543 2762 Electionis
557 2699 696 2779 doctrine,
712 2703 750 2762 ed
770 2705 1005 2781 Reprobationem
1019 2704 1193 2764 veniendum
1208 2713 1260 2781 661,
1276 2725 1341 2782 quae

128 2783 178 2844 bic
192 2783 327 2860 sumitur,
343 2783 446 2862 66616
460 2791 521 2842 1616
535 2803 589 2842 666
601 2782 754 2842 latitudine
768 2804 820 2862 pro
833 2785 938 2862 quovis
952 2785 1108 2864 proposito,
1132 2786 1180 2844 vel
1193 2805 1340 2863 personas,

125 2863 178 2924 'uel
197 2885 245 2924 res
258 2865 382 2942 aliquas,
398 2863 447 2922 vel
460 2882 477 2920 6
491 2864 577 2922 certis
599 2861 701 2922 officiis
725 2873 754 2923 et
778 2864 934 2940 beneficiis,
960 2865 1009 2924 vel
1033 2885 1051 2922 6
1065 2866 1151 2924 certis
1175 2865 1276 2926 usibus
1296 2884 1340 2924 re-

128 2943 288 3020 movendi;
304 2965 362 3022 quo
376 2963 462 3002 66666
479 2943 627 3022 Scriptura
646 2943 774 3021 loquitur
788 2941 824 3002 de
837 2955 955 3020 arpo-rato
968 2947 1097 3020 reprobo,
1113 2945 1222 3004 Jercm.
1237 2945 1276 3004 vi.
1292 2948 1340 3006 30.

129 3035 161 3085 et
174 3023 211 3085 de
227 3023 340 3085 Uiriato
353 3023 450 3104 lapide
471 3021 571 3098 616616,
598 3023 684 3102 impie
706 3043 725 3081 6
746 3023 909 3099 Pherieaeis,
935 3033 964 3082 et
989 3024 1200 3098 Sacerdotibus,
1224 3034 1254 3083 et
1277 3024 1342 3082 eliis

131 3103 356 3164 edificatoribus
370 3105 528 3180 reprobato,
541 3103 609 3162 Act.
635 3103 674 3162 iv.
702 3106 748 3161 ll.
771 3112 800 3161 et
825 3105 839 3160 l
867 3103 929 3162 Pet.
945 3104 974 3162 11
1001 3108 1028 3162 7.
1061 3103 1127 3162 Non
1141 3103 1340 3180 6166661616-

131 3185 219 3246 116616
233 3176 414 3258 executione,
430 3204 482 3243 seu
494 3184 558 3262 ipso
578 3184 753 3260 reprobandi
771 3192 844 3256 6616,
860 3183 911 3261 qui
930 3183 964 3242 fit
985 3183 1016 3242 in
1037 3192 1182 3260 tempore,
1210 3183 1269 3242 Sed
1289 3202 1342 3262 pro

132 3263 197 3344 ipso
211 3267 331 3342 decreto,
347 3263 426 3342 quod
439 3264 476 3324 ab
490 3273 597 3324 esterno
622 3264 765 3324 sancitum
789 3272 842 3338 est,
867 3264 946 3341 quod
968 3263 1148 3338 describitur,
1175 3260 1340 3339 AEtemum,

132 3343 322 3420 immutabile,
339 3355 368 3404 61
391 3344 569 3403 liberrimum
593 3343 648 3402 Dei
671 3343 857 3422 propositum,
884 3363 942 3420 quo
964 3353 1107 3404 certorum
1129 3344 1286 3421 hominum,
1312 3343 1342 3402 in

132 3425 239 3504 equali
252 3444 370 3503 prorsus
385 3444 450 3483 cum
464 3424 529 3484 eliis
543 3425 725 3502 corruptione
739 3433 769 3484 et
789 3433 870 3484 reatu
880 3424 1048 3502 jacentium,
1074 3424 1203 3485 decrevit
1216 3443 1275 3485 non
1289 3425 1341 3484 mi·

69 3560 76 3568 .
131 3506 231 3582 serari,
248 3505 300 3566 sed
313 3505 344 3564 16
357 3505 483 3584 peccatis
497 3503 612 3564 relictos
621 3513 743 3644 propter
756 3525 790 3564 ea
804 3513 942 3564 eternum
963 3505 1099 3566 dsmnere
1112 3504 1340 3568 6116666666-

132 3586 243 3646 tionem
256 3586 391 3664 gloriosae
406 3605 466 3644 suae
476 3585 606 3664 justitiae,
635 3585 772 3660 Ι16616116,
788 3593 817 3645 61
830 3586 975 3663 potentiue.

173 3666 218 3725 11.
241 3665 305 3724 Vix
323 3685 396 3744 6666
418 3674 462 3726 661
483 3684 620 3744 quaerere,
640 3665 686 3724 Aa
706 3668 789 3726 detur
808 3667 982 3743 Reprobatr'o
991 3692 1003 3740 ,·
1026 3668 1095 3730 11661
1115 3668 1192 3728 enim
1212 3687 1273 3728 non
1292 3667 1341 3728 de·

133 3744 316 3825 1666161661
337 3765 401 3805 cem
422 3745 476 3806 sub
496 3753 640 3824 pretextu
661 3745 834 3806 extollendae
850 3747 906 3806 Dei
926 3747 1138 3823 misericordiae,
1158 3767 1265 3824 negare
1280 3765 1341 3808 eus·

132 3825 283 3902 tiuuerint,
306 3835 339 3886 ut
359 3825 476 3886 Samuel
488 3827 629 3902 Halteres,
651 3827 702 3904 qui
722 3825 863 3904 superiori
884 3827 981 3886 666616
1002 3827 1195 3888 universalem
1215 3825 1343 3886 omnium

132 3905 286 3968 bominum
306 3903 337 3966 in
352 3903 468 3966 Christo
489 3905 660 3966 electionem
680 3905 719 3966 cd
740 3907 871 3981 salutem,
888 3907 950 3966 sive
973 3907 1016 3966 illi
1038 3905 1166 3980 credent,
1190 3906 1341 3980 6166666,

131 4006 264 4048 asserere
276 4006 337 4046 666
348 3983 509 4063 dubitavit3
533 3985 619 4046 Illam
629 3995 735 4063 temen,
750 4005 810 4045 non
824 3985 910 4044 modo
921 3987 1030 4045 Electio
1044 3986 1087 4044 illi
1102 3985 1234 4064 66666116
1244 4003 1342 4046 66666-

132 4067 211 4127 serio
225 4065 344 4144 evincit,
359 4065 427 4146 quia
441 4086 501 4126 non
513 4075 609 4145 potest
622 4065 680 4126 dici
694 4065 797 4126 electio
808 4065 997 4144 quorumdem
1009 4065 1071 4126 6166
1081 4065 1203 4124 eliorum
1216 4065 1343 4142 preateri-

132 4147 231 4224 tione;
247 4156 277 4208 et
286 4147 432 4207 6161666116
440 4147 602 4226 impiorum,
609 4167 675 4225 qure
685 4145 718 4206 fit
731 4146 762 4205 in
772 4153 910 4222 tempore,
920 4164 984 4204 eam
995 4145 1139 4222 supponit,
1151 4144 1208 4204 nisi
1218 4145 1343 4206 velimus

133 4227 230 4288 Deum
253 4226 424 4306 temporalia
442 4247 480 4286 ex
500 4226 642 4304 postfacto
665 4225 786 4288 consilia
808 4244 927 4318 capere;
955 4224 1014 4284 Sed
1032 4225 1184 4301 Scriptura
1205 4224 1246 4284 ira
1267 4224 1343 4286 clere

133 4307 348 4382 eemadstruit,
363 4315 397 4367 ut
417 4327 502 4366 nemo
522 4307 579 4366 6161
599 4307 737 4387 projecte
751 4303 889 4380 eudecrae,
910 4323 969 4364 non
989 4303 1055 4364 dico
1076 4323 1139 4364 cem
1160 4324 1276 4382 negare,
1292 4304 1344 4366 sed

132 4408 169 4450 ne
190 4408 228 4450 ue
242 4387 280 4448 dc
295 4408 330 4448 66
344 4383 408 4466 1666
422 4387 553 4448 dubitare
587 4397 663 4448 6661

169 4409 237 4528 111.
258 4467 305 4528 Eo
327 4467 452 4546 pertinet
466 4465 544 4546 quod
567 4408 638 4528 dicit
656 4467 693 4528 (16
709 4465 765 4528 Dei
785 4484 882 4526 amore
896 4484 966 4545 erga
980 4465 1133 4540 Jacobum,
1149 4471 1179 4526 et
1192 4464 1260 4526 odio
1274 4485 1344 4544 erge

132 4547 274 4626 Eeevum,
299 4545 428 4608 11616616.
449 4547 512 4623 ia,
528 4551 556 4623 3,
571 4547 674 4608 Nonne
689 4549 790 4622 ‚naor
808 4548 933 4608 Jaccbae
946 4549 1043 4606 Eraco
1065 4547 1149 4606 crat!
1169 4546 1342 4621 mouciaco,

131 4631 171 4690 Ar
195 4628 460 4703 6161166666,
486 4637 513 4688 et
534 4629 660 4688 Eranam
685 4628 749 4688 odic
774 4628 866 4702 bebai,
891 4627 969 4706 quod
992 4648 1010 4688 6
1032 4627 1124 4686 Ρ6616
1147 4627 1291 4696 1116611661
1314 4637 1345 4688 61

132 4707 347 4791 Reprobetioni
363 4707 531 4786 applicatur,
548 4707 632 4768 Rom.
648 4707 687 4766 ix.
706 4710 751 4782 ll,
770 4711 815 4784 12,
831 4705 868 4767 de
883 4709 948 4768 Deo
959 4709 1122 4784 miserente,
1139 4716 1169 4768 61
1180 4707 1342 4784 indurante,
