3160 5194
127 329 239 382 cumr.
254 308 339 392 vnn]
626 327 665 370 ns
679 327 857 371 rneouoers.
1305 315 1344 374 25

125 473 340 550 Consequens:
384 469 469 549 Saepe
486 467 707 548 deprehenditur
728 467 941 547 consequentis
961 467 1044 544 ratio,
1059 486 1149 545 quum
1169 487 1223 530 nec
1243 469 1343 548 depre-

124 551 270 612 henditur
282 549 469 625 antecedens,
490 569 544 610 nec
564 549 815 628 comprehenditur
834 567 1022 626 consequens,
1044 555 1156 608 tentum
1173 548 1345 627 intelligitur

124 631 186 690 hoc
199 651 239 691 ex
253 630 307 690 illo
316 629 419 708 sequi;
435 630 620 707 Consequens
628 629 817 709 deprehendit
826 628 907 706 fides,
920 628 971 688 sed
986 627 1227 706 Consequentiam
1239 629 1344 692 Ratio:

127 711 269 770 Rationis
289 710 368 770 enim
390 717 437 770 est
458 709 670 788 deprehendere
692 709 905 786 consequentiae
926 707 1075 786 rationem,
1099 728 1136 767 au
1157 708 1195 768 sit
1216 718 1296 770 recta
1316 720 1346 772 et
1403 739 1407 750 ·

126 791 305 866 necessaria
320 809 359 850 an
373 808 474 866 secus;
495 809 549 849 nec
562 789 630 850 inde
642 789 772 868 sequitur
784 789 872 850 fidem
885 809 943 868 qna
962 807 1142 866 consequens
1155 787 1344 867 deprehendi·

126 880 180 931 tur
193 871 249 931 niti
262 870 384 946 ratione,
400 870 470 948 quia
481 870 554 929 ratio
568 870 615 930 hic
629 890 688 930 non
701 878 912 948 argumentum,
928 868 980 929 sed
993 869 1214 930 instrumentum
1228 878 1289 948 est;
1312 881 1346 932 ut

127 953 308 1031 quumfidee
327 949 435 1010 dicitur
447 969 511 1010 esee
530 969 568 1010 cc·
580 950 688 1026 audias,
709 950 826 1010 auditus
846 957 963 1010 nonest
983 957 1184 1027 argumentum
1204 949 1273 1009 fidei
1293 951 1345 1010 sed

128 1033 374 1106 instrumentum,
389 1030 458 1108 quia
471 1029 544 1090 ratio
557 1049 617 1088 non
628 1029 786 1090 introducit
795 1030 827 1088 in
836 1038 949 1089 texnun
958 1048 1074 1089 sensum
1085 1029 1136 1107 qui
1149 1028 1190 1087 ibi
1203 1048 1261 1087 non
1272 1040 1342 1107 erat,

129 1111 187 1173 sed
208 1111 308 1172 educit
327 1129 381 1188 per
402 1109 561 1186 legitimam
582 1111 816 1188 consequentiam
837 1109 949 1188 aliquid
969 1108 1048 1188 quod
1069 1108 1100 1168 in
1123 1117 1208 1170 textu
1224 1109 1341 1187 latebat,

130 1191 266 1270 adeoque
279 1211 315 1250 eo
329 1189 468 1268 implicite
481 1188 645 1249 docebatur.

178 1271 275 1330 XIII.
296 1270 381 1331 Licet
393 1269 467 1328 ratio
480 1287 512 1330 se
525 1269 630 1330 habeat
643 1269 673 1328 in
686 1267 774 1330 rebus
786 1268 856 1328 fidei
875 1288 934 1332 non
947 1267 1033 1330 modo
1047 1287 1098 1348 per
1111 1266 1229 1332 modum
1243 1269 1345 1346 organi

131 1371 205 1430 quo,
220 1349 372 1412 sedetiam
385 1367 591 1426 nonnunquam
611 1351 698 1410 medii
708 1357 739 1410 et
752 1350 914 1427 argumenti
934 1368 972 1409 ex
985 1369 1044 1428 quo
1057 1349 1224 1426 Theologus
1237 1350 1342 1427 arguit,

131 1451 226 1510 quum
239 1430 376 1489 nimirum
390 1448 430 1490 ex
442 1429 557 1507 proprio
570 1449 647 1507 penu
663 1438 833 1508 argumente
846 1449 899 1508 pro
918 1428 976 1489 fide
989 1429 1112 1508 promit;
1134 1429 1197 1488 sive
1210 1437 1278 1507 agat
1291 1449 1343 1508 pro

130 1511 293 1590 principiis,
308 1507 487 1570 ostendendo
498 1527 596 1569 eorum
610 1509 829 1569 credibilitatem
842 1509 879 1568 iis
892 1509 943 1586 qui
952 1529 1016 1570 eam
1030 1527 1089 1568 non
1102 1519 1271 1587 agnoscunt,
1282 1510 1345 1571 sive

133 1599 205 1669 agat
217 1611 256 1650 cx
270 1589 427 1668 principiis,
442 1587 626 1666 producendo
639 1596 809 1666 argumenta
822 1609 859 1650 ex
873 1599 976 1648 natura
989 1587 1027 1647 ed
1040 1589 1239 1650 conclusiones
1249 1589 1343 1650 Theo·

132 1670 247 1748 logicas
272 1669 323 1730 vel
345 1667 509 1748 prebendae
531 1667 581 1728 vel
603 1668 829 1746 confirmandas3
853 1667 943 1748 (unde
966 1667 1000 1729 fit
1021 1675 1054 1728 ut
1074 1668 1176 1730 eedem
1197 1671 1344 1730 conclusio

133 1757 281 1828 quatenus
293 1768 334 1810 ex
348 1748 496 1826 Scriptura
509 1747 646 1824 probatur
662 1747 700 1810 sit
712 1749 749 1808 de
763 1748 828 1826 fide,
850 1759 994 1827 quatenus
1006 1756 1103 1809 autem
1117 1769 1155 1808 ex
1168 1749 1279 1810 ratione
1293 1750 1342 1811 de-

132 1837 322 1906 monstratur,
344 1828 383 1888 de
403 1827 554 1908 scientia;)
583 1828 650 1888 Non
669 1836 766 1906 potest
785 1828 853 1889 inde
873 1829 973 1906 colligi
985 1827 1092 1890 habere
1111 1829 1252 1890 rationem
1264 1831 1342 1910 prin·

133 1910 206 1988 cipii
218 1917 250 1970 et
262 1927 379 1986 norme,
393 1905 531 1985 adquam
544 1906 626 1985 exigi
639 1906 765 1968 debeant
776 1907 845 1967 fidei
858 1907 1004 1986 dogmata.

224 2053 231 2066 ,
321 2054 327 2066 Ι
416 2021 418 2024 -
441 1987 532 2046 XIV.
553 1987 591 2045 In
612 1987 787 2064 spuopemts
806 1987 901 2046 mixte
922 1986 973 2047 ubi
992 2005 1051 2046 una
1070 1987 1228 2064 propositio
1247 1995 1293 2048 εει
1306 1988 1343 2050 de

134 2053 369 2160 slfflflffg‘fl
398 2065 465 2143 fide,
488 2065 579 2126 altera
600 2085 640 2126 ex
660 2067 789 2143 ratione;
811 2066 884 2128 ratio
904 2065 959 2126 hac
972 2066 1003 2124 in
1016 2075 1098 2146 perte
1111 2085 1170 2125 non
1183 2074 1229 2125 est
1241 2066 1342 2126 hrnde

329 2142 335 2156 '
399 2154 526 2207 mentum
537 2155 567 2206 ει
576 2165 678 2206 norma
688 2146 855 2225 quanititur
865 2145 1020 2222 conclusio,
1036 2145 1087 2205 sed
1095 2153 1207 2206 tantum
1218 2146 1345 2208 medium

134 2233 167 2287 ct
181 2223 412 2302 instrumentum,
427 2227 511 2305 cujus
525 2246 611 2305 opera
625 2225 739 2287 elicitur
746 2227 854 2300 veritas
868 2227 899 2286 in
911 2225 1123 2305 premissorum
1137 2225 1228 2286 ultera
1235 2225 1343 2286 virtua-

135 2305 206 2366 liter
217 2305 329 2368 latens:
361 2305 466 2384 Itaque
479 2306 509 2364 in
523 2306 686 2368 istiusmodi
699 2306 877 2385 syllogismis
890 2305 1004 2366 medius
1017 2306 1157 2366 terminus
1176 2325 1235 2364 non
1256 2307 1343 2366 sumi·

135 2393 187 2444 tur
207 2406 225 2443 a
244 2384 362 2461 ratione,
386 2385 439 2445 sed
459 2405 477 2446 s
497 2385 662 2464 Scriptura;
683 2406 777 2446 nexus
798 2407 868 2446 vero
886 2385 975 2446 medii
998 2405 1065 2446 cum
1082 2385 1192 2465 majore
1213 2394 1343 2447 extremo

134 2463 616 2622 hh'fflhllulllddd’
630 2465 1216 2622 lillllllrlffilllrllmllldffl
1230 2464 1344 2608 ῗέἒωξῤ

136 2623 247 2684 Christi
261 2624 418 2702 gloriosum
438 2642 503 2686 cese
515 2624 631 2704 ubique,
654 2635 802 2704 assmnpto
819 2626 874 2686 hoc
887 2626 983 2686 medio
996 2566 1345 2704 agslbdpturagbuodrpsit

135 2723 245 2782 corpus
259 2723 376 2782 verum;
398 2703 496 2782 Major
508 2724 588 2782 vero,
603 2705 682 2783 quod
701 2705 813 2767 nullum
826 2725 930 2785 corpus
944 2705 983 2766 sit
996 2705 1118 2782 ubique,
1133 2705 1241 2782 petitur
1260 2725 1278 2764 a
1298 2725 1342 2764 re·

135 2783 236 2858 tione;
256 2783 334 2844 unde
353 2785 385 2842 in
404 2783 511 2846 talibus
531 2785 709 2863 argumentis
728 2785 876 2848 conclusio
893 2783 1016 2863 emergit
1028 2783 1205 2862 Theologice
1218 2805 1235 2846 s
1248 2784 1345 2844 medio

134 2862 287 2939 inferente,
310 2870 340 2926 et
360 2862 471 2942 Logice
483 2883 502 2923 a
513 2865 625 2926 ratione
638 2884 703 2942 quae
723 2865 957 2944 musaquentiam
977 2864 1083 2940 nectit;
1104 2864 1196 2924 altera
1216 2865 1345 2941 praemis·

135 2961 246 3019 sarum,
264 2961 329 3020 qun
345 2951 391 3004 est
409 2943 447 3004 de
468 2943 534 3020 fide,
549 2944 610 3006 vim
624 2963 705 3007 suam
719 2945 949 3006 communicante
962 2943 1149 3019 conclusioni,
1171 2952 1291 3004 cennas
1311 2953 1345 3004 ut

136 3021 236 3100 quoad
250 3021 398 3084 materiam
411 3027 442 3083 et
454 3042 633 3101 consequens
643 3025 706 3086 sola
716 3023 892 3086 revelatione
901 3024 1018 3102 nitatur,
1032 3023 1102 3084 licet
1114 3021 1211 3100 quoad
1224 3023 1344 3082 formam

137 3110 169 3162 et
181 3103 395 3180 consequentis
407 3101 526 3163 modum
533 3103 664 3242 ⁴pendeat
676 3124 695 3163 a
707 3103 828 3163 ratione.

554 3203 570 3242 ε

180 3181 256 3242 XV.
278 3181 339 3242 Nec
352 3182 401 3241 hie
413 3182 514 3262 reponi
570 3182 621 3244 bet
640 3182 855 3244 conclusionem
876 3179 958 3258 sequi
972 3197 1085 3258 semper
1098 3177 1266 3240 debiliorem
1279 3199 1343 3259 per·

137 3269 209 3336 tem,
229 3259 320 3322 idest
332 3262 481 3338 rationem,
495 3281 560 3340 qua
574 3262 715 3323 infirmior
727 3270 772 3322 est
785 3261 886 3322 divina
898 3258 1083 3321 revelatione.
1125 3259 1200 3319 Nam
1223 3262 1249 3322 1.
1264 3262 1344 3320 axio-

137 3359 187 3399 ma
201 3339 275 3400 illud
288 3359 347 3400 non
359 3341 436 3402 ultra
448 3341 639 3418 quantitatem
652 3351 683 3404 et
695 3341 865 3422 qualitatem
878 3348 923 3401 est
935 3338 1159 3416 extendendum,
1180 3348 1214 3402 ut
1233 3341 1258 3400 si
1271 3361 1344 3420 prae·

137 3420 294 3480 missarum
307 3440 365 3482 nna
377 3421 417 3481 sit
429 3421 611 3499 universalis,
627 3422 684 3482 alia
697 3421 888 3501 puticuleris,
907 3439 967 3481 una
979 3419 1132 3497 affinnans,
1153 3419 1212 3480 elia
1223 3439 1343 3499 negans,

137 3499 289 3560 conclusio
302 3499 407 3560 debeat
420 3519 532 3579 semper
545 3520 609 3562 esse
622 3501 811 3581 particularis,
831 3508 861 3562 et
873 3519 994 3579 negans.
1035 3503 1063 3560 2.
1086 3501 1180 3560 Juxta
1192 3498 1345 3579 plerosque

138 3579 288 3640 conclusio
301 3579 433 3658 sequitur
445 3580 613 3640 debiliorem
626 3589 745 3660 partem,
767 3581 837 3643 dum
857 3581 987 3658 sequitur
1003 3579 1208 3641 revelationem
1222 3599 1287 3658 quae
1301 3588 1352 3640 est

138 3659 302 3734 inevidens,
311 3659 414 3720 saltem
427 3659 626 3739 philosophice
637 3660 797 3739 loquendo;
818 3659 869 3722 ubi
881 3660 1005 3720 debilior
1015 3667 1147 3720 censetur
1157 3666 1187 3719 et
1196 3658 1345 3718 ineviden-

137 3740 196 3799 tior
208 3739 261 3798 ills
273 3739 431 3818 propositio
445 3759 510 3817 qne
523 3739 697 3801 authoritate
710 3741 820 3818 nititur,
841 3759 876 3800 ea
895 3761 961 3819 que
981 3737 1083 3801 nititur
1099 3739 1219 3815 ratione,
1240 3737 1310 3816 quia
1329 3757 1347 3796 a

139 3819 299 3880 scientifica
310 3819 554 3881 demonstratione
567 3828 613 3880 est
625 3821 770 3881 remotior.

179 3897 274 3960 XVL
295 3899 375 3960 Hinc
394 3897 469 3958 bene
489 3898 654 3977 colligimus
673 3900 705 3959 in
724 3897 886 3960 istiusmodi
908 3895 1088 3978 syllogismis
1109 3895 1210 3955 mixtis
1230 3894 1345 3953 conclu·

141 3979 250 4039 sionem
263 3997 329 4038 esse
342 3976 550 4054 'steologicam
562 3986 593 4038 et
611 3977 649 4039 de
668 3978 734 4054 fide,
754 3980 823 4057 quia
844 3978 1002 4058 propositio
1022 3974 1161 4055 quaelibet
1179 3972 1345 4032 denomine-

141 4057 248 4119 tionem
268 4057 376 4137 accipit
388 4077 406 4116 a
420 4057 559 4135 subjecto,
580 4075 641 4117 non
653 4078 671 4117 a
683 4059 839 4136 praedicato
854 4077 915 4119 suo.
958 4057 1031 4116 Cum
1047 4073 1117 4130 ergo
1132 4051 1294 4130 subjectum
1309 4052 1349 4113 sit

143 4136 358 4217 theologicum,
374 4136 533 4215 propositio
546 4145 592 4198 est
604 4137 790 4216 Theologica,
810 4137 880 4196 licet
892 4133 1078 4214 praedicatum
1093 4131 1234 4191 habeatur
1247 4131 1346 4191 Phile·

142 4218 298 4296 sophicnm,
313 4217 364 4277 vel
378 4215 416 4276 de
429 4215 538 4276 lumine
551 4216 692 4292 naturali3
715 4217 802 4278 Unde
822 4233 958 4275 assensus
978 4213 1028 4290 qui
1048 4209 1212 4271 istiusmodi
1229 4212 1346 4272 conclu·

142 4297 269 4358 sionibus
282 4296 447 4371 adhibetur,
467 4305 513 4356 est
525 4315 660 4356 assensus
673 4295 741 4355 fidei
755 4295 851 4372 potius
864 4312 952 4371 quam
967 4290 1109 4368 Scieutiee,
1130 4291 1199 4368 quia
1212 4309 1348 4352 εεεεηειιε

142 4377 267 4456 seqnitur
279 4385 419 4438 naturam
432 4373 640 4454 Propositionis
654 4376 701 4435 cui
714 4381 883 4454 prestetum
905 4373 1009 4449 Itaque
1023 4371 1048 4430 si
1061 4371 1218 4449 propositio
1228 4373 1267 4431 sit
1277 4371 1348 4430 Phi·

141 4455 294 4537 losophica,
308 4473 466 4518 assensum
477 4454 567 4514 habet
579 4454 753 4529 evidentem,
773 4452 810 4513 ad
823 4471 910 4530 quem
923 4471 1005 4512 mens
1018 4450 1172 4511 inclinatur
1184 4469 1236 4529 per
1249 4451 1347 4510 lumen

142 4537 254 4600 rationis
267 4544 299 4600 et
312 4532 464 4608 scientim
486 4534 590 4596 sivero
605 4533 644 4594 sit
656 4531 841 4611 Theologica,
856 4551 1005 4592 assensum
1018 4531 1107 4592 habet
1118 4529 1194 4604 fidei,
1209 4527 1247 4587 ad
1261 4548 1348 4606 quem

141 4617 290 4682 inelimtnr
302 4635 360 4696 per
374 4611 473 4673 lumen
486 4611 688 4689 revelatione
710 4611 843 4690 quamvis
856 4630 927 4689 ergo
940 4630 1075 4672 assensus
1091 4607 1284 4668 conclusionis
1297 4607 1350 4664 liat
