3250 5176
261 323 321 382 560
755 334 964 378 1111111111.
1283 312 1421 398 [suasu.
1437 335 1482 377 ιι.

260 487 392 560 posteros
405 476 561 538 transferre
573 481 684 535 reatum
704 481 735 535 et
757 474 1044 554 condemnationem
1067 475 1214 536 Christum
1238 495 1309 536 vero
1328 476 1480 555 justitita-

260 562 388 636 tionem;
413 558 471 618 Sed
492 578 552 616 non
575 556 678 614 dooere
700 555 731 614 id
755 556 791 614 ab
815 555 938 634 utroque
962 556 1025 616 fieri
1046 576 1099 634 per
1121 557 1363 634 imputationem
1388 557 1480 618 Alias

259 661 363 700 manus
377 639 487 698 dandas
502 657 564 698 esse
579 635 747 712 Pontifioiis,
770 643 799 696 et
819 635 1036 714 agnoscendum
1056 656 1123 697 oum
1142 637 1214 714 ipsis
1230 637 1479 714 justificationem

260 730 388 781 nostram
402 718 526 798 pendere
540 737 578 776 ex
595 715 786 792 imputatione
795 716 919 794 justitiae
940 716 1056 793 Chsisti,
1080 724 1110 776 et
1132 716 1278 776 infusione
1288 718 1416 796 justitia
1429 719 1477 776 in·

259 801 404 876 haerentis,
418 806 451 859 ut
468 797 669 857 condemnatio
683 805 783 856 nostra
803 797 977 874 1111111111
999 817 1038 856 ex
1051 805 1170 874 peooato
1190 806 1361 874 propagato,
1384 818 1478 875 quam

258 881 407 959 imputato,
422 878 501 956 quod
515 876 591 936 Bell.
605 884 691 953 urget
698 876 750 936 lib.
766 876 796 936 ii.
811 876 848 937 de
862 876 974 938 Justifi.
989 896 1014 936 a.
1029 880 1057 936 3.
1080 877 1117 936 R.
1132 877 1245 936 Verum
1258 877 1322 937 haee
1336 879 1474 956 exceptio

254 960 316 1038 jam
337 981 371 1020 eo
385 959 500 1017 nomine
514 976 573 1016 uon
586 976 689 1034 parum
711 965 846 1034 suspecta
869 976 932 1018 ease
955 956 1049 1032 debet,
1070 957 1151 1034 quod
1170 957 1304 1016 3111111
1317 957 1473 1017 authorem

257 1040 369 1114 habeat,
385 1039 437 1097 lib.
451 1038 491 1096 iv.
506 1037 543 1096 de
559 1037 660 1096 Serva.
675 1057 701 1096 o.
717 1039 744 1113 6,
760 1045 793 1098 ut
812 1036 872 1096 vim
893 1037 1058 1114 argumenti
1071 1036 1164 1096 nostri
1183 1037 1291 1112 eludat,
1307 1037 1388 1114 quod
1400 1038 1472 1098 hino

255 1119 432 1178 desumimus
453 1117 492 1176 ad
514 1116 761 1178 oonfirmationem
784 1116 922 1176 doetrinae
944 1117 981 1176 de
1003 1117 1146 1195 imputata
1167 1117 1274 1176 Christi
1292 1117 1418 1195 justitia.
1440 1123 1471 1180 2.
1590 1193 1591 1196 Ἴ

256 1199 356 1260 Gratis
369 1199 416 1258 hio
431 1197 602 1276 supponitur
611 1196 748 1274 Apostoli
756 1196 974 1258 similitudinem
983 1205 1096 1257 tantum
1106 1216 1171 1256 esse
1179 1197 1211 1256 in
1221 1217 1261 1273 re,
1271 1217 1331 1256 nen
1342 1198 1372 1256 in
1383 1198 1472 1258 modo

255 1279 305 1355 rei,
321 1299 388 1339 eum
398 1277 502 1338 modus
515 1278 578 1356 ipse
591 1277 770 1354 ingrediatur
782 1285 915 1336 naturam
929 1278 972 1336 rei
983 1277 1019 1336 de
1030 1297 1088 1355 qua
1099 1277 1258 1354 quaeritur:
1280 1277 1351 1356 quia
1364 1278 1421 1354 hio,
1437 1287 1473 1337 ut

255 1367 341 1419 antea
355 1360 549 1433 observatum,
565 1377 669 1434 scopus
684 1356 820 1434 Apostoli
834 1366 879 1418 est
892 1377 980 1434 agere
993 1356 1030 1417 da
1051 1357 1270 1436 justificationis
1284 1359 1414 1436 negotio,
1428 1357 1471 1417 id.

256 1459 315 1500 non
336 1448 451 1500 tautum
464 1438 501 1498 de
515 1437 774 1497 communicatione
787 1445 883 1497 reatus
897 1437 947 1498 vel
957 1436 1079 1516 Juetitiae
1093 1438 1125 1496 in
1139 1456 1254 1514 gauere,
1271 1437 1323 1496 sed
1338 1437 1375 1497 de
1390 1458 1469 1497 eom·

255 1519 460 1580 munioationis
474 1518 558 1578 istius
572 1517 666 1593 modo,
682 1527 825 1596 quatenus
835 1517 1021 1595 litperuuius
1035 1516 1182 1594 offensam,
1197 1517 1248 1576 vel
1261 1517 1469 1594 obedientiam,

255 1600 295 1660 id.
310 1619 362 1676 per
375 1601 439 1678 ejus
453 1598 680 1676 imputationem.
723 1598 784 1658 Nee
798 1607 896 1658 tamen
908 1605 1060 1676 propterea
1072 1597 1228 1675 quiequam
1243 1598 1407 1658 Pontifieiis
1420 1619 1469 1658 ao·

255 1679 357 1755 sedet,
383 1680 451 1756 quia
465 1679 551 1738 Pauli
563 1679 654 1738 verba
667 1697 725 1736 uon
739 1686 809 1738 sunt
820 1678 898 1738 ultra
910 1678 974 1756 ejus
988 1697 1107 1756 scopum
1128 1678 1323 1754 extendenda,
1337 1679 1388 1757 qui
1409 1699 1470 1738 non

254 1767 300 1820 est
313 1779 399 1836 agere
420 1758 457 1817 de
472 1757 595 1836 justitia
618 1758 786 1818 inherentis
807 1758 1074 1834 communicatione,
1099 1778 1165 1835 qua
1178 1758 1212 1817 fit
1232 1779 1285 1836 per
1305 1759 1469 1819 1111111111-

254 1839 373 1914 tionem,
380 1837 417 1898 de
426 1857 483 1915 qua
493 1859 518 1897 o.
528 1837 568 1898 vi.
582 1846 698 1915 agetex
710 1837 850 1915 professo,
860 1838 912 1898 aed
926 1846 1038 1898 tantum
1052 1839 1088 1898 de
1099 1839 1216 1916 justitia
1229 1839 1382 1918 imputata.
1407 1839 1470 1900 111.

255 1919 336 1978 Illud
349 1927 499 1997 peooatum
513 1917 639 1996 intelligi
651 1918 689 1977 ab
703 1917 856 1995 Apostolo,
872 1919 951 1996 quod
973 1925 1069 1996 potest
1092 1917 1150 1978 dioi
1170 1918 1318 1978 introiisse
1338 1920 1370 1977 in
1383 1939 1469 1980 muu-

256 1999 334 2077 dum,
350 2009 380 2060 et
393 1998 542 2058 transiisse
555 1999 587 2057 in
600 1999 741 2074 homines,
758 1999 837 2076 quod
851 1998 888 2058 de
901 1999 1008 2060 actuali
1021 1997 1096 2058 Adae
1110 2005 1229 2076 peceato
1243 2000 1396 2058 commode
1410 2000 1471 2059 diei

255 2081 366 2158 nequit,
382 2080 434 2140 sed
447 2087 560 2140 tantum
574 2078 611 2139 de
625 2079 807 2157 corniptione
821 2079 987 2140 1111111111.
1029 2079 1066 2139 R.
1089 2079 1164 2138 Nam
1187 2087 1342 2156 peecatum-
1354 2080 1473 2140 actuale

256 2180 316 2220 non
329 2161 426 2220 minus
449 2159 594 2219 introiisse
608 2160 639 2218 in
652 2159 801 2236 mundum,
823 2167 854 2220 et
874 2157 1023 2219 transiisse
1043 2158 1150 2220 dieitur
1170 2157 1202 2217 in
1222 2159 1364 2238 homines,
1380 2179 1470 2238 quam

256 2242 412 2318 corruptio,
427 2239 452 2302 si
473 2259 532 2299 uon
556 2240 667 2300 ratione
685 2249 764 2299 actas
787 2239 839 2317 qui
862 2239 974 2315 1111111,
996 2247 1027 2299 at
1039 2239 1150 2300 ratione
1173 2249 1270 2299 reatem
1294 2241 1346 2318 qui
1359 2249 1470 2316 manet,

256 2329 401 2398 quatenus
414 2328 531 2398 propter
554 2321 697 2380 sotionem
711 2321 792 2380 illam
806 2319 883 2380 alius
904 2339 972 2380 reus
993 2319 1123 2396 habetur,
1146 2327 1177 2379 et
1199 2341 1294 2398 poenae
1314 2321 1470 2398 subjacete

258 2401 320 2460 Neo
333 2401 438 2460 mirum
460 2399 554 2458 videri
577 2398 664 2458 debet
687 2399 713 2458 si
736 2399 795 2476 Ap.
818 2399 931 2460 actuale
952 2400 1008 2460 hoo
1032 2409 1180 2478 peooatrrm
1198 2401 1296 2477 potius
1310 2401 1468 2478 intelligat,

256 2500 343 2556 quem
357 2479 513 2555 habituale,
529 2479 597 2554 quia
611 2479 647 2538 de
656 2478 873 2556 justificatione,
888 2498 947 2538 nou
955 2478 992 2539 de
1007 2479 1239 2554 sanctificatione,
1254 2481 1307 2538 hio
1318 2501 1409 2558 agere
1423 2482 1469 2539 illi

255 2559 496 2638 propositumest.
520 2558 575 2617 IV.
583 2557 784 2618 Eomododiei
792 2577 892 2618 omnes
901 2578 1044 2636 peoeesse,
1053 2559 1469 2638 quomodopeeootumdioitur

256 2637 345 2698 tuisse
359 2637 389 2696 in
403 2635 511 2696 mundo
525 2637 561 2696 ab
577 2637 692 2696 Adamo
702 2655 795 2714 usque
809 2637 847 2698 ad
862 2638 982 2716 Legem,
990 2657 1020 2699 v.
1032 2643 1079 2717 13,
1094 2640 1161 2718 quia
1172 2639 1251 2716 prius
1264 2638 1339 2697 illud
1353 2659 1394 2697 ex
1407 2641 1470 2699 isto

255 2717 407 2797 posteriori
419 2717 542 2793 probat:
564 2717 607 2778 At
619 2725 770 2794 peceatum
784 2718 863 2796 quod
875 2717 931 2779 suit
944 2719 974 2778 in
988 2720 1097 2780 mundo
1110 2740 1167 2778 non
1180 2737 1264 2796 posse
1278 2719 1339 2778 diei
1352 2720 1472 2779 aetuale

257 2798 438 2876 imputatum,
455 2795 535 2876 (oum
548 2797 710 2876 Apostolus
721 2797 810 2860 addet
822 2807 973 2878 peecatum
987 2800 1066 2860 istud
1079 2819 1137 2858 non
1150 2799 1294 2876 imputari,
1317 2819 1378 2858 non
1392 2800 1470 2859 exis·

257 2887 336 2940 tento
351 2877 454 2958 Lege)
475 2877 527 2938 eod
540 2885 654 2938 tanturn
677 2879 830 2940 inhaerens.
853 2880 890 2939 R.
905 2879 981 2955 Quia
1000 2889 1110 2941 tantum
1132 2879 1215 2939 abest
1228 2888 1262 2939 ut
1276 2879 1381 2957 Apost.
1397 2880 1472 2940 velit

258 2979 365 3038 negare
379 2967 529 3038 peceatum
553 2959 626 3020 illud
648 2959 821 3038 imputatum
844 2960 942 3038 fuisse,
966 2968 999 3022 ut
1020 2960 1193 3019 sonnatium
1217 2959 1317 3038 potius
1337 2959 1472 3020 intendat

259 3041 390 3118 probare,
406 3039 485 3119 quod
498 3040 612 3119 colligit
625 3061 663 3100 ex
676 3061 706 3100 ιι.
723 3043 770 3100 14.
785 3061 823 3102 ex
845 3041 946 3102 mortis
968 3040 1095 3119 irnperio,
1109 3059 1175 3116 quse
1198 3042 1332 3117 reparavit
1344 3041 1430 3100 111111
1443 3041 1473 3100 ia

260 3122 371 3198 eosqui
381 3143 439 3182 noa
446 3132 636 3198 peceaverunt
648 3124 690 3180 ad
707 3122 915 3182 similitudinem
935 3120 1159 3198 transgressionis
1179 3120 1264 3198 Adra,
1280 3121 1419 3182 uimimm
1433 3121 1476 3178 in·

260 3200 363 3277 fantes,
379 3203 430 3280 qui
443 3223 502 3261 non
515 3211 638 3279 possunt
652 3201 710 3262 diei
724 3202 876 3262 actualiter
888 3203 979 3262 instar
999 3200 1106 3264 Adami
1126 3219 1273 3278 poetasse.
1317 3202 1394 3277 Quia
1407 3221 1477 3260 vero

261 3281 414 3359 imputatio
429 3283 540 3360 peeeati
564 3283 602 3342 ad
614 3301 731 3360 poenam
743 3302 803 3342 non
811 3292 908 3361 potest
921 3281 984 3343 fieri
996 3301 1055 3342 non
1069 3280 1210 3341 1111111111
1224 3280 1315 3358 Lege,
1332 3281 1478 3360 siquidem

261 3369 412 3438 peecatum
427 3369 471 3420 est
485 3363 582 3436 111111,
596 3371 625 3420 11
638 3361 689 3420 ubi
703 3381 761 3420 non
776 3371 821 3422 est
833 3363 892 3439 lex,
914 3363 955 3421 ibi
968 3382 1021 3422 nee
1042 3359 1241 3438 transgressio,
1264 3360 1354 3420 Rom.
1369 3363 1411 3421 iv.
1429 3364 1476 3437 15,

265 3439 375 3498 Paulus
389 3440 456 3498 inde
470 3441 557 3514 eliait,
573 3441 668 3516 legem
682 3461 752 3518 ergo
767 3441 894 3520 aliquem
907 3442 1005 3502 datam
1018 3441 1107 3502 fiiisse
1127 3449 1192 3502 ante
1213 3440 1327 3518 Legem
1341 3443 1478 3520 scriptam

265 3517 367 3592 Mosis,
386 3517 474 3594 juxta
488 3537 575 3595 quam
588 3527 739 3594 peoeatum
750 3529 850 3598 potest
869 3521 927 3582 diei
940 3523 1130 3600 imputatum
1151 3541 1216 3599 qua
1230 3541 1289 3580 111
1302 3531 1401 3599 potest
1419 3522 1477 3580 alia

265 3617 338 3672 esse,
354 3617 441 3675 quam
457 3598 520 3656 Lex
544 3597 738 3675 primordialis
762 3601 823 3659 lata
836 3600 952 3662 Adamo
966 3611 997 3662 et
1011 3602 1040 3662 in
1054 3622 1089 3662 eo
1103 3603 1236 3662 omnibus
1256 3601 1378 3679 posteris
1399 3601 1473 3676 ejus.

265 3679 304 3738 V.
312 3679 426 3756 Multos,
436 3697 496 3738 non
504 3697 612 3754 omnes,
623 3677 680 3738 dici
690 3681 848 3740 maetitotoa
851 3691 1023 3757 peccatores,
1032 3683 1116 3742 Rom.
1123 3684 1206 3741 alil.
1228 3677 1477 3742 RSedillimulti

265 3759 401 3820 omnibus
415 3759 610 3838 aequipollent,
625 3768 659 3820 ut
672 3758 757 3820 dooet
770 3760 888 3822 oollatio
901 3781 931 3822 ν.
944 3764 982 3822 15
996 3771 1027 3826 11
1040 3766 1086 3839 ie,
1098 3782 1164 3822 aum
1171 3781 1200 3820 v.
1215 3765 1260 3838 12,
1276 3763 1323 3836 18,
1337 3763 1393 3819 111
1410 3759 1475 3818 Cor.

266 3859 316 3898 xv.
329 3843 383 3915 21,
405 3839 540 3900 dicuntur
553 3860 623 3900 vero
637 3841 724 3916 multi,
740 3859 799 3900 uon
812 3841 851 3903 ad
863 3841 1100 3922 restringendum
1113 3843 1284 3916 sub'eotum,
1296 3850 1325 3901 et
1338 3840 1399 3899 vim
1412 3859 1478 3918 peo-

267 3919 325 3978 eati
339 3921 582 3980 contrahendam:
603 3921 687 3999 quasi
701 3930 883 4000 opponantur
903 3923 977 4000 aliis,
992 3925 1044 4002 qui
1062 3923 1099 3982 ab
1120 3863 1220 3982 eodem
1233 3930 1355 3999 parente
1368 3921 1426 3980 orti
1438 3920 1480 3979 in·

267 4007 366 4060 sontes
379 4002 583 4062 remanserint:
598 4001 650 4060 sed
664 4000 781 4061 Adamo
794 4001 859 4081 ipsi,
871 4003 922 4081 qui
935 4023 1012 4064 unus
1026 4004 1119 4064 solum
1133 4009 1202 4077 eret,
1218 4011 1248 4061 et
1261 4001 1309 4062 oui
1323 4009 1385 4060 tam
1398 3999 1481 4060 multi

268 4099 356 4155 quam
371 4099 471 4140 omnes
485 4081 560 4142 bene
573 4089 765 4159 opponuntur,
781 4091 811 4144 et
824 4091 858 4142 ut
870 4084 1038 4146 antithesIm
1048 4083 1152 4144 metiris
1166 4082 1299 4143 instituat
1317 4081 1394 4140 inter
1407 4079 1480 4139 mul·

269 4158 424 4220 titudinem
437 4159 575 4237 fidelium,
591 4162 642 4238 qui
655 4179 707 4239 per
718 4161 825 4224 Christi
839 4163 1033 4226 obedientiam
1043 4164 1118 4243 justi
1131 4161 1356 4239 oomntuumur,
1365 4169 1397 4221 et
1409 4159 1480 4220 mul·

268 4237 422 4300 titudinem
436 4249 628 4317 pennatorum,
644 4241 695 4319 qui
708 4241 745 4302 ab
759 4241 876 4304 nouo
890 4253 1002 4306 reatum
1015 4245 1142 4305 trahunt

596 4320 722 4382 XVIII.
744 4326 773 4384 2.
797 4323 873 4400 Quia
893 4325 923 4386 ia
941 4326 1054 4386 Ammo
1072 4343 1166 4385 111111
1182 4321 1351 4397 morimur,
1376 4325 1392 4382 1
1417 4321 1479 4380 Cor.

280 4381 494 4485 2E11230sxv.
531 4403 640 4492 11112,
651 4400 691 4460 id.
702 4402 805 4464 mortis
818 4424 852 4464 aa
866 4403 1060 4466 111111111οηί1
1070 4413 1181 4466 reatum
1192 4402 1377 4462 1111111111
1401 4402 1478 4478 Ergo

534 4500 565 4538 in
579 4480 681 4540 eodem
695 4483 781 4542 stiam
795 4493 960 4562 peooanmt,
982 4493 1012 4546 ot
1030 4505 1097 4546 oum
1116 4503 1151 4544 eo
1172 4482 1319 4543 communi
1339 4481 1426 4558 eulpa
1438 4489 1477 4538 te

271 4557 393 4613 nense:
415 4555 508 4616 Nemo
522 4559 600 4618 anim
613 4569 710 4636 potest
722 4563 754 4620 in
768 4563 866 4640 aliquo
880 4583 996 4642 pinnam
1009 4567 1110 4624 mortis
1117 4564 1229 4640 merari,
1245 4563 1304 4622 nisi
1317 4582 1384 4622 oum
1394 4581 1436 4634 eo,
1448 4565 1476 4617 et

270 4626 301 4682 in
315 4645 350 4686 ee
363 4641 523 4710 peecatum,
538 4638 616 4712 quod
636 4659 724 4704 causa
742 4649 788 4704 est
805 4643 917 4720 mortis,
933 4663 1085 4705 eommuae
1103 4644 1246 4706 habuerit.
1289 4641 1353 4702 Neo
1372 4637 1474 4700 suffieit
1590 4691 1591 4700 .
