3158 5180
134 366 252 417 cuman.
267 346 326 427 rx.]
624 365 663 404 na
677 364 854 406 curamonta
1290 357 1349 414 413

134 526 221 580 num,
238 513 267 565 et
280 505 440 564 remedium
453 505 587 583 languori
601 513 630 565 et
650 506 751 565 morbo
771 513 891 582 namra,
907 506 957 583 qui
975 527 1015 566 ex
1039 507 1203 569 conditione
1222 513 1350 574 materia

136 587 304 662 oriebatur3
327 585 405 644 unde
414 594 546 644 naturam
559 605 669 663 puram,
682 595 711 645 et
723 587 844 664 lapsam,
856 604 915 644 non
925 585 1009 646 aliter
1019 585 1134 648 differre
1144 591 1351 669 voluntquam

134 669 250 726 madum
262 686 280 724 a
293 666 422 741 spolaeto,
437 674 470 724 ut
483 667 593 725 Bellar.
608 667 736 742 loquitur
749 665 786 724 de
801 665 903 726 Gratia
915 666 1001 743 primi
1014 667 1140 726 hominis
1154 689 1178 728 o.
1191 673 1218 746 5,
1231 673 1281 748 qui
1291 692 1350 734 non

137 747 228 804 aliter
241 747 318 804 inter
332 765 363 804 se
377 743 548 823 discrepant,
564 746 620 804 nisi
635 745 713 822 qnod
723 746 771 804 hic
782 745 917 820 amiserit,
927 745 1006 822 quod
1016 746 1090 806 alter
1099 749 1228 807 nondum
1238 751 1349 828 habuit,

135 835 176 884 ut
189 825 311 903 proinde
321 844 401 900 pura
414 834 520 884 natura
534 845 565 884 se
578 825 684 884 habeat
696 825 787 884 instar
795 845 832 883 ne
853 825 966 901 ationis,
979 828 1139 902 lapacvero
1150 828 1240 888 instar
1253 831 1349 907 priva·

136 905 242 980 tionis,
257 913 345 982 atque
359 903 400 962 ita
413 904 516 964 volunt
530 904 677 964 Adamum
691 913 819 964 creatum
832 845 921 963 inisse
935 903 965 962 in
977 905 1058 982 puris
1068 908 1258 967 naturalibus.
1289 910 1349 970 Ve-

135 1005 209 1043 mm
223 993 275 1058 est,
291 1004 350 1042 non
364 1003 463 1042 ornnes
477 985 508 1042 in
521 1004 556 1043 ea
569 1004 632 1044 esse
647 985 797 1059 sententia,
810 992 839 1043 et
852 984 1006 1043 nonnullos
1015 1005 1089 1061 esse,
1101 995 1175 1046 teste
1189 989 1308 1047 Medma
1319 990 1350 1049 in

137 1065 161 1123 i.
180 1069 209 1123 2.
224 1084 253 1141 q.
270 1065 316 1138 18,
333 1073 385 1122 art.
401 1068 428 1139 2,
444 1065 494 1141 qui
510 1066 590 1142 “per
602 1064 748 1122 hominem
762 1063 950 1123 constitutum
964 1064 995 1121 in
1008 1065 1088 1141 puris
1102 1067 1289 1144 naturalibus,
1305 1070 1349 1127 in·

138 1143 282 1220 telligrmt
295 1142 441 1200 hominem
456 1143 643 1202 constitutum
656 1145 687 1201 in
700 1151 804 1202 natura
823 1143 944 1220 integra,
961 1163 1026 1202 cum
1047 1144 1123 1203 dono
1146 1154 1175 1205 et
1188 1148 1290 1224 vigore
1304 1169 1349 1207 se-

137 1232 233 1281 nante
247 1230 388 1298 naturam,
404 1221 477 1282 adeo
499 1231 531 1282 ut
551 1223 582 1280 in
595 1222 672 1282 bono
694 1232 724 1282 et
742 1222 834 1281 officio
848 1222 988 1281 virtutum
1009 1233 1109 1302 posset
1122 1244 1298 1302 permanere,
1320 1237 1351 1289 et

139 1321 331 1380 perseverare
354 1302 378 1360 si
393 1302 489 1378 vellet,
508 1322 573 1379 quas
596 1303 738 1362 sententia
758 1303 820 1360 sine
841 1301 930 1361 dubio
943 1302 1059 1363 videtur
1079 1323 1142 1363 esse
1157 1307 1348 1384 Augustini”

138 1381 233 1456 Quod
245 1382 398 1440 Jcmeniau
411 1381 441 1438 in
456 1401 508 1440 suo
522 1383 677 1459 Aapaata'no
690 1381 753 1440 fuse
774 1381 900 1440 ostendit
913 1382 1007 1441 tribus
1026 1383 1109 1442 libris
1119 1383 1159 1444 'de
1179 1394 1256 1445 statu
1270 1407 1350 1465 pura

139 1471 276 1536 natura3
309 1460 368 1518 Sed
389 1461 518 1538 plerique
540 1461 582 1520 aie
603 1462 738 1537 sentiunt,
760 1468 794 1519 ut
813 1461 929 1536 Akesai,
945 1463 1158 1539 Bomoeaturo,
1181 1473 1210 1524 et
1223 1467 1348 1526 Jauiaae.

142 1539 198 1598 Ad
222 1560 296 1618 quos
319 1539 367 1599 hie
381 1541 521 1600 accedunt
547 1541 693 1600 Sociniani
715 1549 745 1600 et
765 1541 1012 1617 Remonetrantes,
1029 1542 1141 1620 Pelagii
1155 1545 1281 1624 vestigia
1305 1565 1349 1605 ae-

166 1629 279 1680 nentes

138 1641 283 1780 {omanus
291 1737 390 1780 ww„
451 1701 489 1794 V
512 1701 573 1760 Nea
587 1721 656 1760 vero
671 1701 990 1794 Hominemnunquem
1011 1702 1042 1760 in
1065 1703 1146 1781 puris
1169 1704 1350 1765 naturalibus

175 1793 391 1895 minim
410 1789 598 1936 altit?
611 1801 690 1919 tlt
704 1781 1349 1941 ttttttttlttaftttttttt

150 1945 181 2000 1.
204 1941 274 2016 Quia
287 1942 374 2000 home
389 1939 522 2000 conditus
536 1948 581 1999 est
593 1940 632 1998 ad
651 1940 814 2017 Imaginem
837 1939 901 2015 Dei,
925 1939 1032 2000 Genea.
1055 1941 1073 1999 i.
1097 1945 1147 2016 26,
1171 1951 1257 2019 atque
1277 1943 1350 2002 adeo

150 2022 243 2080 bonus
256 2029 285 2080 et
299 2030 395 2078 rectus
409 2021 563 2095 moraliter,
579 2020 692 2079 Eccles.
707 2020 757 2078 vii.
773 2021 822 2078 29.
865 2019 937 2077 Cum
948 2019 1025 2078 enim
1039 2020 1143 2097 Imago
1156 2021 1221 2096 ista,
1237 2031 1270 2080 ut
1283 2043 1350 2100 pos-

146 2111 196 2161 tea
210 2100 329 2176 dicetur,
345 2100 376 2157 in
390 2099 412 2159 J
412 2100 512 2159 ustitia
522 2099 660 2177 originali
672 2099 854 2176 potissimum
868 2099 923 2158 sita
938 2099 983 2175 sit,
999 2119 1057 2157 non
1070 2108 1167 2178 potest
1190 2101 1249 2159 dici
1270 2121 1349 2160 eree·

144 2189 196 2240 tua
210 2181 241 2238 in
254 2181 335 2258 puris
348 2178 536 2254 naturalibus,
553 2180 603 2257 qui
617 2199 651 2237 ea
665 2187 814 2238 ornatusa
835 2178 976 2256 principio
997 2178 1060 2238 fuit.
1102 2184 1130 2238 2.
1153 2179 1228 2255 eria
1250 2180 1349 2239 eondi-

147 2271 196 2321 tus
211 2270 256 2320 cst
269 2260 306 2318 ed
320 2259 442 2337 gloriam
457 2267 486 2318 et
500 2259 609 2318 cultum
624 2258 679 2317 Dei
699 2259 786 2317 Prov.
801 2258 863 2317 xvi.
878 2261 906 2333 4,
931 2257 1015 2317 Rom.
1038 2259 1079 2318 xi
1104 2262 1151 2334 36,
1174 2279 1233 2337 quo
1258 2260 1351 2321 officio

144 2361 207 2399 non
219 2341 363 2418 potuisset
376 2338 504 2416 defungi,
520 2339 576 2398 nisi
590 2339 707 2398 dotibus
720 2337 890 2397 necessariis
913 2337 1072 2398 instructus
1094 2338 1212 2416 fuisset3
1235 2342 1347 2419 sapien-

145 2421 190 2480 tia
204 2421 316 2479 seilicet
330 2428 360 2479 et
373 2418 534 2478 sanctitate.

197 2500 256 2560 VI.
288 2503 316 2560 3.
338 2499 413 2574 Quia
432 2499 484 2558 ubi
506 2497 564 2558 duo
578 2506 645 2558 sunt
668 2499 833 2558 immediate
855 2498 995 2577 opposita,
1019 2520 1084 2577 quae
1108 2499 1240 2578 subjecto
1264 2500 1352 2560 alicui

147 2588 326 2656 competunt,
348 2598 447 2638 eorum
461 2578 630 2638 alterutram
649 2599 767 2638 necesse
782 2587 825 2638 est
845 2579 889 2636 illi
909 2579 1012 2638 inesse.
1055 2579 1098 2638 Ae
1113 2579 1229 2656 justitia
1242 2588 1271 2639 et
1284 2599 1351 2658 peo-

147 2669 247 2719 catum
267 2659 303 2718 de
324 2659 439 2717 homine
460 2658 660 2736 praedicantur,
679 2667 819 2736 tanquam
840 2659 971 2735 subjecto
990 2679 1091 2719 eorum
1109 2657 1224 2737 διιτιιιᾷ,
1246 2667 1276 2718 et
1296 2660 1352 2719 sibi

147 2739 245 2816 ὅμως
260 2747 451 2818 opponentem.
494 2738 573 2815 Ergo
588 2757 706 2798 necesse
728 2747 773 2797 est
796 2738 965 2797 alterutrum
987 2739 1031 2796 illi
1052 2740 1156 2814 inesse,
1180 2759 1233 2798 nec
1256 2747 1353 2817 potest

145 2821 213 2879 dari
226 2821 323 2895 homo,
339 2819 409 2896 quin
424 2818 462 2877 sit
474 2818 523 2875 vel
533 2819 640 2895 justus,
655 2819 703 2876 vel
716 2825 860 2896 peccator.
903 2817 1024 2876 Frustra
1046 2818 1164 2877 affertur
1186 2819 1351 2896 exemplum

148 2900 311 2976 infantium,
348 2899 379 2958 ui
392 2919 445 2956 nec
456 2897 530 2976 justi
543 2906 665 2975 possunt
679 2897 745 2972 dici,
755 2897 824 2974 quia
833 2899 913 2974 juste
927 2917 985 2956 non
994 2906 1094 2974 agunt,
1109 2917 1163 2956 nec
1176 2909 1351 2974 peccatores,

148 2981 219 3058 quis
232 2999 351 3058 peecare
365 2999 423 3037 non
437 2986 567 3054 possunt.
610 2976 832 3053 Nam'quamvis
851 2975 946 3034 infans
969 2995 1028 3034 non
1052 2976 1144 3052 possit
1168 2975 1226 3034 diei
1243 2979 1351 3054 justus,

148 3069 202 3119 aut
214 3068 357 3138 peccator,
369 3058 492 3136 justitia,
507 3065 557 3116 aut
571 3065 690 3134 peccato
703 3055 826 3131 aetua1i3
848 3063 945 3132 potest
957 3064 1054 3114 tamen
1068 3055 1218 3131 habituali,
1233 3064 1263 3114 et
1284 3077 1352 3114 oon-

149 3141 259 3218 genito‚
275 3147 309 3198 ut
321 3148 399 3197 reete
414 3137 520 3196 dicitur
532 3135 689 3212 rationalis,
705 3135 774 3213 quia
787 3135 927 3193 rationem
940 3134 1029 3194 habet
1043 3135 1074 3192 in
1087 3142 1154 3193 actu
1168 3135 1271 3212 primo,
1284 3135 1354 3194 licet

147 3229 218 3280 actu
232 3219 361 3278 nondum
375 3217 568 3292 ratiocinetur,
584 3236 638 3275 nee
651 3214 815 3274 ratiocinari
828 3213 929 3291 possit.

190 3299 266 3359 VII.
292 3302 321 3358 4.
343 3298 418 3374 Quia
431 3306 523 3356 status
537 3296 592 3355 istc
605 3315 685 3374 purae
699 3303 818 3370 natura,
831 3313 944 3352 *merum
958 3301 1002 3352 est
1015 3293 1194 3371 figmentum,
1210 3294 1288 3372 quod
1302 3315 1355 3355 nee

149 3379 206 3439 tait
219 3399 357 3457 unquam,
372 3397 425 3436 nec
439 3396 503 3436 esse
516 3377 628 3454 potuit:
644 3376 710 3434 Non
719 3375 750 3433 in
759 3383 836 3434 statu
849 3375 972 3452 integro,
979 3373 1130 3452 quiaineo
1144 3374 1258 3452 integer
1272 3376 1353 3435 etin·

148 3479 259 3519 nocens
273 3479 337 3518 esse
351 3457 467 3533 debuit;
490 3457 557 3515 Non
570 3457 601 3514 in
615 3464 692 3515 statu
705 3455 825 3534 peceati,
841 3453 909 3532 quia
919 3455 1048 3514 nascitur
1060 3455 1138 3514 filius
1152 3455 1221 3532 irae3
1244 3456 1311 3516 Non
1324 3456 1355 3514 in

146 3548 228 3600 statu
251 3539 362 3617 gratiae,
376 3536 445 3614 qrsia
465 3537 625 3595 renascitur
637 3535 715 3595 filius
736 3535 810 3611 Dei;
840 3535 907 3594 Non
927 3535 958 3593 in
979 3543 1058 3595 statu
1078 3535 1187 3613 gloriae,
1203 3536 1272 3614 quia
1286 3545 1355 3597 tunc

149 3618 399 3679 consummabitur
413 3616 476 3695 ejus
491 3616 628 3675 sanctitas
642 3623 672 3674 et
684 3615 815 3675 felicitas.

454 3695 546 3754 VIII.
567 3696 664 3755 Statue
676 3705 787 3754 acturae
802 3715 896 3772 paroe,
910 3714 969 3754 non
983 3695 1089 3754 dicitm
1108 3696 1239 3772 opposite
1253 3695 1291 3753 ad
1305 3696 1355 3753 im-

164 3763 257 3811 ΜΝ
269 3763 373 3810 &¹¹5⁰
412 3795 529 3870 parum,
545 3776 587 3834 sic
607 3776 683 3834 cnIm
697 3795 756 3834 non
768 3782 912 3853 repugnat
933 3781 1039 3834 statum
1058 3774 1233 3850 integritatis
1248 3775 1355 3850 vocari,

241 3837 307 3869 mim.

417 3875 485 3932 qma
493 3874 566 3933 pura
575 3863 644 3914 tunc
659 3863 688 3913 et
697 3855 811 3931 integra
820 3854 875 3913 fuit
885 3861 996 3928 natura,
1009 3852 1061 3912 sed
1074 3854 1205 3930 opposite
1218 3853 1256 3910 ad
1270 3856 1355 3928 dorsa,

147 3945 179 3993 et
190 3931 300 3992 habitata
312 3934 474 4009 spirituales
484 3935 606 4012 justitia
620 3943 650 3993 et
664 3935 833 4007 sanctitatis,
854 3951 927 4010 quos
947 3931 1093 3990 Pontificii
1106 3932 1209 3990 volunt
1223 3951 1287 3991 esse
1308 3953 1355 3992 su·

150 4013 359 4091 pematurelcs,
373 4015 580 4090 patrocinaturi
593 4013 678 4072 liberi
691 4013 803 4072 arbitrii
816 4011 984 4088 integritati,
1005 4017 1034 4070 et
1047 4019 1081 4070 ut
1094 4011 1357 4089 concupiscentiam

152 4093 265 4153 iaciant
278 4093 441 4152 naturalem
455 4095 486 4152 in
499 4095 593 4172 primo
606 4093 732 4152 homine.

192 4173 254 4232 IX.
278 4173 359 4231 Deus
373 4181 486 4250 poterat
499 4174 616 4250 quidem
630 4173 777 4232 hominem
791 4189 850 4229 non
869 4189 974 4243 creare,
990 4169 1041 4227 sed
1054 4170 1149 4246 posito
1163 4170 1242 4247 quod
1255 4170 1355 4230 volue-

151 4252 191 4311 rit
203 4272 311 4328 ereare,
333 4272 392 4310 non
405 4262 518 4330 poterat
532 4253 614 4312 illum
628 4271 724 4311 creare
738 4251 880 4327 exlegem,
896 4257 925 4308 et
943 4249 1054 4308 homini
1067 4256 1164 4310 erecto
1177 4270 1236 4309 non
1250 4269 1356 4329 ponere

153 4331 273 4410 Iegem,
288 4332 358 4408 quia
371 4342 404 4392 ut
418 4332 610 4412 dependentia
623 4332 744 4411 physica
758 4329 921 4390 essentialis
932 4328 1077 4388 Orcaturac
1091 4350 1110 4388 a
1123 4329 1258 4390 Crantore
1272 4331 1357 4391 datur

153 4431 268 4489 semper
288 4413 318 4468 in
340 4432 445 4488 genere
466 4413 549 4488 entis,
572 4413 662 4472 itaet
683 4411 786 4471 ethica
798 4410 861 4468 dari
881 4409 968 4468 debet
988 4408 1018 4466 iu
1039 4429 1144 4486 genere
1164 4411 1269 4488 moris,
1298 4411 1357 4472 imo

150 4490 288 4568 quamvis
304 4491 384 4550 Deus
398 4493 508 4552 nullam
528 4493 624 4569 legem
637 4500 787 4551 externam
807 4491 850 4548 illi
870 4489 1024 4566 posuisset,
1040 4490 1215 4550 conscientia
1228 4500 1258 4551 ct
1271 4503 1358 4554 rectae

149 4570 278 4708 ιέἓίοιίι
289 4569 433 4710 dic5tsmen
447 4573 491 4631 illi
503 4582 582 4632 esset
599 4572 691 4631 instar
705 4571 802 4649 Legis,
815 4569 894 4648 quod
908 4569 1068 4647 Apostolus
1082 4579 1167 4632 vocat
1181 4593 1251 4649 opas
1264 4575 1356 4650 Legis,

202 4670 242 4708 m.
258 4669 289 4708 ιι.
345 4694 353 4709 .
