3160 5194
565 359 697 406 osnrro
715 359 900 406 susurrus.
1076 336 1079 344 ’
1235 339 1336 410 xxxiii

117 523 234 605 aliquid
249 521 411 604 inclytum
426 523 631 605 designavit.’'
673 522 739 586 Hos
755 521 869 603 ingenii
883 522 1043 604 igniculos,
1058 530 1091 588 et
1104 525 1170 588 haec
1182 525 1334 588 virtutum

118 621 375 708 seminaria-pro
401 642 460 686 sua
484 623 653 704 sagacitate
678 621 818 702 apprime
842 621 982 704 percepit
998 621 1200 686 Venerandus
1219 623 1332 686 Nostri

120 721 293 785 Fmacisci
315 740 451 802 parens;
474 720 554 794 ,Cum
571 720 652 784 enim
668 720 760 784 morti
784 720 943 799 proximus
958 727 1049 798 essct,
1066 728 1099 784 et
1113 723 1178 785 iere
1198 722 1265 801 jam
1281 740 1332 784 su-

123 839 229 900 premo
247 826 372 882 erraret
394 819 430 882 in
446 839 499 883 ore
519 819 657 900 spiritus,
674 839 710 882 ac
727 819 795 898 ejus
813 818 896 882 lecto
915 818 1053 883 delectus
1069 827 1175 884 noster
1190 821 1333 884 admotus
1385 824 1387 828 ’

124 919 246 994 tumeat,
274 918 315 980 de
338 937 377 982 ao
401 925 541 982 sanctum
566 917 652 980 illum
668 916 790 996 Virum,
818 916 957 981 dicamne
975 917 1099 994 Vestem,
1122 918 1231 982 seriori
1255 938 1332 1000 rogo

127 1017 264 1098 dignum,
286 1017 353 1079 haec
368 1018 466 1080 verba
484 1016 648 1096 protulisse
663 1015 753 1078 nobis
769 1013 921 1089 relatum
947 1017 1013 1079 Hic
1028 1016 1137 1099 sipillo
1153 1017 1216 1080 Dei
1230 1019 1332 1100 obsip-

128 1125 226 1178 aatue
237 1123 294 1178 eet.
329 1113 384 1177 Ita
396 1114 589 1179 Athanasius
601 1114 746 1178 ateneris
759 1111 974 1178 Alexandrino
989 1114 1144 1197 Episcopo
1157 1114 1333 1196 suspicandi

128 1213 217 1277 dedit
231 1213 333 1276 locum
349 1214 418 1276 fore
435 1213 598 1293 aliquando
610 1211 762 1294 insignem
778 1212 880 1294 gregis
892 1212 1046 1276 Dominici
1061 1213 1232 1290 Pastorem,
1250 1220 1283 1278 et
1299 1215 1332 1277 in

128 1310 242 1375 Basilii
257 1312 361 1392 magni
376 1317 471 1374 aetate
484 1311 594 1392 prima,
610 1312 748 1374 florentis
769 1310 884 1392 ingenii
903 1316 1078 1392 sanctaeque
1104 1312 1235 1392 pietatis·
1245 1312 1332 1394 ignes

126 1411 173 1474 ita
186 1409 349 1474 emicuisse
364 1410 505 1493 legimus,
520 1417 557 1473 ut
568 1410 766 1476 Sacerdotem
781 1409 863 1473 inter
875 1409 1066 1474 Christianos
1081 1410 1134 1473 diu
1146 1417 1219 1475 ante
1232 1431 1332 1476 sacer-

127 1509 249 1573 dotium
263 1509 359 1572 fuisse
374 1509 489 1572 dixerit
505 1529 567 1574 non
585 1530 682 1574 nemo.

175 1607 356 1671 Panacrrs
372 1607 491 1688 aliquot
506 1609 647 1688 pueritiae
663 1608 761 1684 annis,
778 1614 811 1672 et
826 1609 935 1690 primis
949 1609 1109 1672 literarum
1126 1609 1246 1690 spatiis,
1264 1629 1332 1690 quae

125 1705 292 1770 fastidiosa
308 1705 447 1770 oratione
462 1707 605 1788 prosequi
622 1727 682 1771 uon
700 1713 749 1770 est
766 1707 896 1790 animus,
922 1709 1105 1772 scholastico
1126 1709 1250 1788 pulvere
1265 1709 1334 1772 feli·

126 1805 207 1870 citer
215 1825 355 1880 excusso,
366 1804 556 1884 publicarum
566 1806 731 1870 lectionum
740 1804 873 1881 auditor,
884 1813 916 1870 et
925 1805 1208 1887 Philosophicarum
1218 1806 1333 1869 artium

126 1909 254 1975 denarie
269 1905 371 1966 iactus
387 1909 443 1968 est.
484 1902 636 1981 Quaerat
652 1902 766 1984 ingenii
790 1903 961 1986 faelicitate,
977 1923 1030 1968 eos
1047 1909 1122 1967 tune
1135 1903 1245 1967 iecisse
1261 1925 1332 1985 pro-

125 2022 264 2083 gressus,
277 2001 328 2081 qui
344 2001 495 2082 prolixam
510 2023 640 2068 messem
655 2000 857 2083 spondebant,
873 2002 912 2064 ab
926 2000 988 2064 illis
1000 2000 1182 2080 accepimus,
1196 2001 1249 2080 qui
1264 2022 1333 2065 cum

124 2120 165 2164 eo
175 2102 331 2165 vacabant
342 2100 463 2176 studiis,
478 2108 511 2164 et
526 2121 601 2181 quos
614 2100 715 2164 adhuc
726 2099 828 2163 vivere
842 2105 956 2162 nostrae
970 2097 1117 2162 Ecclesiae
1132 2099 1333 2180 gratulamur,

126 2198 214 2262 iuter
234 2217 311 2279 qnos
336 2198 452 2263 eminet
466 2198 671 2264 Vener-andus
687 2197 825 2263 Carolus
844 2218 868 2260 a
881 2197 1003 2274 Fumo,
1019 2196 1271 2278 vigilantissimus
1297 2219 1333 2264 ac

124 2297 345 2361 meritissimus
379 2297 592 2374 Ecclesiastes,
625 2317 770 2362 canorum
803 2295 987 2373 reverentia,
1021 2295 1156 2376 pectoris
1190 2299 1332 2374 candore,

122 2395 270 2460 laborum
295 2396 455 2475 patientia,
473 2417 529 2461 nec
543 2397 662 2480 vulgari
677 2395 860 2472 eruditione,
886 2395 1025 2476 insignis,
1041 2415 1132 2474 quem
1146 2395 1263 2460 diserto
1279 2417 1333 2462 ore

123 2515 185 2559 nec
201 2501 382 2559 senescente
400 2495 544 2560 facundia
568 2495 799 2560 concionantem
824 2513 860 2557 ac
884 2493 1007 2575 pulpita
1026 2501 1134 2557 nostra
1159 2495 1333 2576 pulsantem

123 2594 290 2656 miramur.
341 2591 468 2656 Nullam
493 2600 613 2676 partem
632 2594 793 2657 literarum
812 2599 919 2655 noster
933 2601 1090 2678 μακαρίτης
1113 2593 1263 2657 intactam
1278 2601 1334 2657 aut

123 2691 326 2772 inexpertam
342 2692 546 2772 relinquebat,
562 2692 615 2756 sed
636 2692 758 2756 curiosa
776 2689 973 2772 indagatione
987 2691 1090 2754 omnia
1103 2691 1284 2767 rimabatur,
1301 2700 1334 2756 et

124 2791 273 2854 manibus
297 2790 393 2854 libros
418 2791 593 2855 adolescens
618 2789 772 2854 veteranis
796 2789 975 2864 evolvebat;
1001 2789 1045 2854 sic
1071 2790 1189 2853 ambitu
1214 2789 1334 2854 fervido

125 2909 278 2971 suprema
290 2888 415 2951 laudum
432 2891 578 2971 ungebat
594 2889 634 2952 ad
649 2887 816 2976 cacumina,
842 2887 932 2969 longe
947 2907 1069 2950 suorum
1085 2895 1158 2950 vota
1173 2888 1203 2950 vi
1220 2889 1334 2953 mentis

127 3007 293 3068 superans,
319 2987 467 3051 attactis
492 2988 625 3068 probans
640 2987 807 3051 velociores
832 3004 899 3050 ease
924 2985 1037 3050 mentis
1061 2985 1137 3061 vias,
1164 3005 1255 3065 qnam
1281 2987 1332 3071 qui

127 3085 229 3148 citato
246 3085 380 3148 volvitur
397 3085 462 3149 dies
478 3087 587 3168 gradu.

181 3183 332 3246 Emenso
351 3183 494 3248 feliciter
508 3184 723 3267 Philosopbico
740 3183 850 3260 stadio,
867 3181 1039 3264 Theologiae
1055 3201 1089 3246 se
1102 3188 1203 3245 totum
1219 3185 1334 3248 manci-

127 3281 224 3362 pavit.
278 3281 419 3344 Summos
435 3283 526 3358 viros,
542 3290 575 3347 et
596 3291 665 3347 toto
687 3285 763 3347 orbe
784 3281 1040 3346 celebratissimos
1064 3281 1175 3345 habuit
1198 3301 1335 3365 praecep·

127 3387 231 3456 tores3
272 3378 457 3444 ,Iohannem
484 3381 666 3446 Deodatum
695 3402 841 3466 magnum
874 3379 960 3443 illum
992 3379 1188 3463 Theologum,
1220 3382 1273 3462 qui
1303 3383 1336 3446 in

129 3477 257 3560 Synodo
272 3476 519 3556 Dordrecbtana,
538 3501 599 3561 qua
613 3479 699 3543 nulla
710 3483 771 3544 fuit
789 3502 808 3543 a
823 3478 929 3542 multis
944 3484 1030 3542 retro
1047 3479 1157 3544 seculis
1174 3479 1335 3558 celebrior,

128 3583 178 3640 tot
193 3576 310 3640 babuit
324 3595 386 3640 suae
401 3578 584 3643 eruditionis
598 3599 634 3643 ac
652 3578 775 3642 subacti
785 3578 906 3659 judicii,
924 3583 957 3641 et
972 3578 1086 3641 excelsi
1107 3577 1223 3660 ingenii
1237 3586 1335 3646 testes

130 3682 161 3738 et
178 3677 283 3752 tubas,
302 3682 378 3755 quot
393 3676 560 3759 auditores,
576 3697 612 3741 ac
634 3677 666 3739 iu
683 3677 841 3741 Conventa
867 3675 1066 3740 Salmuriensi
1092 3677 1209 3741 animos
1224 3677 1336 3742 nimius

131 3775 366 3838 effervescentes
380 3773 428 3836 ita
444 3775 667 3855 tranquillavit,
684 3781 721 3838 ut
737 3775 860 3857 Regina
876 3773 1047 3837 Galliarum
1066 3773 1126 3856 ipsi
1143 3795 1199 3838 suo
1214 3776 1337 3839 nomine

132 3872 249 3951 gratias
269 3870 320 3952 agi
340 3891 403 3934 non
428 3873 522 3936 semel
536 3873 685 3947 voluerit3
714 3871 809 3954 Cujus
834 3873 1004 3938 amicitiam
1029 3871 1190 3952 Principes
1217 3871 1274 3935 viri
1300 3893 1338 3940 ac

132 3968 297 4049 purpurati
312 3988 367 4032 suo
382 3970 507 4034 verendi
522 3971 637 4035 murice
652 3976 852 4052 exoptarunt,
869 3977 993 4051 etopus
1009 3970 1041 4032 in
1059 3989 1179 4032 sacrum
1195 3969 1337 4036 codicem

134 4067 356 4130 monimentum
367 4074 417 4131 est
432 4088 493 4132 aere
507 4069 673 4150 perennius
686 4094 694 4132 ι
725 4071 922 4135 Theodoram
937 4067 1160 4140 Troncbincm,
1174 4065 1226 4146 qui
1243 4067 1337 4131 etiam

136 4163 217 4228 inter
231 4164 452 4229 Dordracenos
468 4165 578 4232 Patres
592 4174 714 4230 tantam
735 4169 774 4232 de
791 4187 824 4230 se
840 4163 1099 4229 existimationem
1120 4165 1279 4243 excitavit,
1300 4176 1338 4233 ut

137 4262 245 4324 summi
271 4261 420 4344 Theologi
436 4283 547 4329 nomen
561 4267 718 4342 meruerit,
736 4273 769 4330 et
785 4264 874 4343 cujus
888 4262 956 4324 laus
973 4280 1033 4323 non
1050 4261 1157 4326 infima
1171 4271 1220 4328 est
1233 4265 1338 4331 sortis-

138 4359 214 4422 simo
229 4361 371 4423 Rolano
386 4360 555 4440 placuisse;
582 4363 737 4428 Veritatis
752 4369 937 4426 assertorem
952 4359 1143 4439 acerrimum,
1162 4363 1214 4443 qui
1231 4363 1339 4428 adver-

139 4475 189 4519 aua
205 4455 361 4520 Catonum
377 4457 525 4523 calamum
542 4461 643 4525 vivide
658 4461 806 4535 strinxit;
832 4459 943 4522 Senem
965 4459 1099 4534 beatum,
1121 4461 1268 4540 quemad
1292 4461 1339 4524 ul·

140 4553 245 4618 limam
257 4553 406 4618 canitiem
419 4576 491 4621 rara
503 4561 663 4624 faelicitate
673 4561 779 4625 videre
791 4559 898 4621 laetata
908 4565 957 4622 est
972 4557 1099 4621 Genaua
1110 4558 1227 4621 ordinis
1240 4559 1339 4622 nostri

141 4649 231 4717 decus
244 4651 381 4727 illustre,
396 4659 427 4717 et
440 4675 534 4722 sacra
548 4658 679 4740 pharum
694 4659 841 4740 juventae,
856 4676 1006 4737 quemque
1021 4662 1233 4720 renascentem
1248 4673 1339 4720 veae·

1124 4765 1141 4808 c
