3158 5180
243 363 302 418 420
718 373 810 415 cocus
824 371 960 422 omarus.
1262 350 1391 432 [eomer.
1407 372 1450 412 ιι.

245 557 484 662 hiiffiiffllffi
504 583 750 672 supernaturalem
763 612 848 671 posse
869 591 926 652 dici
939 593 1050 651 ratione
1064 600 1156 651 status
1170 591 1305 669 corrupti,
1320 611 1375 650 nec
1389 611 1454 651 esse

276 675 350 720 runa
364 675 488 732 probatur.
508 674 668 734 naturalem
682 673 877 748 constitutive,
893 671 1153 748 autconsecutire;
1168 671 1277 730 Tamen
1291 671 1453 730 naturalem

247 751 393 813 benedici
408 762 526 813 censent
539 754 715 831 originaliter
727 761 757 812 et
773 754 933 830 perfectior,
956 751 1067 811 ratione
1082 759 1175 810 status
1188 751 1303 828 integri,
1326 750 1396 828 quia
1409 751 1454 809 illi

247 840 398 892 concreata
412 841 464 909 est,
480 833 564 895 etita
577 833 740 894 neccssaria
761 833 799 891 ad
816 831 942 891 hominis
965 831 1072 908 integri
1095 829 1308 908 perfectionem,
1334 839 1367 890 ιιι
1390 831 1453 890 sine

247 932 282 972 ea
294 912 362 972 talis
376 932 439 972 esse
453 932 512 971 non
524 913 675 991 potuisset.

287 992 361 1051 VII.
384 992 524 1052 Rationes
544 1001 619 1068 sunt,
644 994 671 1050 1.
686 991 760 1066 Quia
773 989 888 1049 bonitas
901 997 931 1048 et
944 989 1087 1048 rectitudo
1102 998 1170 1049 sunt
1182 990 1330 1049 naturales
1343 989 1455 1049 homini

247 1071 377 1149 integro;
401 1071 481 1150 Ergo
505 1081 535 1132 et
552 1072 667 1150 justitia
689 1069 837 1148 originalis
860 1089 926 1146 quae
949 1069 980 1126 in
993 1069 1052 1130 illis
1076 1070 1132 1128 sita
1145 1077 1208 1128 est:
1230 1069 1331 1144 Qualis
1345 1069 1454 1148 quippe

246 1149 303 1210 luit
315 1151 416 1212 relatio
430 1152 569 1212 bonitatis
581 1151 620 1210 ad
633 1151 759 1229 reliquas
772 1157 926 1224 creaturas,
941 1149 1009 1208 talis
1023 1150 1109 1208 etiam
1123 1149 1178 1209 fuit
1192 1150 1294 1208 relatio
1308 1148 1346 1208 ad
1359 1149 1454 1208 homi-

246 1251 323 1290 uem,
366 1231 409 1290 At
428 1232 548 1308 reliquis
572 1229 717 1290 Creaturis
741 1229 856 1288 bonitas
877 1227 932 1288 fuit
953 1228 1101 1304 naturalis,
1117 1229 1192 1289 (ion.
1207 1229 1226 1287 i.
1242 1232 1300 1304 313
1323 1229 1404 1307 Ergo
1424 1238 1456 1288 et

246 1311 365 1370 homini.
408 1312 455 1370 Ita
476 1311 573 1389 quoad
596 1309 806 1384 rectitudinem,
832 1327 899 1368 eum
922 1308 1032 1367 homini
1049 1308 1194 1368 tribuatur
1214 1309 1251 1368 ab
1275 1309 1355 1368 illius
1375 1329 1455 1369 crea·

247 1391 334 1464 tione,
349 1398 382 1450 ut
396 1399 556 1468 opponatur
569 1390 597 1449 ei
610 1389 689 1467 quod
702 1397 748 1449 est
759 1389 959 1464 ιιᾱιειιιὶιίιιιιι,
975 1389 1055 1448 Ecch
1069 1389 1120 1446 vii„
1135 1390 1183 1465 29,
1205 1408 1264 1448 non
1278 1396 1376 1467 potest
1395 1409 1455 1448 non

246 1489 310 1530 esse
324 1470 473 1529 naturalis.

287 1549 379 1609 VIII.
401 1554 429 1608 2.
445 1549 520 1625 Quia
533 1549 672 1628 quiequid
691 1547 901 1608 transhmditur
921 1547 958 1606 ad
972 1556 1111 1626 posteros,
1126 1547 1214 1608 debet
1226 1567 1290 1607 esse
1304 1549 1453 1626 naturale;

244 1629 369 1690 ¹lustitia
382 1629 569 1708 propaganda
582 1629 683 1689 fnisset
697 1628 735 1688 ad
748 1637 889 1707 posteros,
905 1627 931 1687 si
942 1629 1030 1687 homo
1043 1628 1218 1706 perstitisset
1230 1627 1261 1686 in
1274 1627 1452 1766 integritate,

248 1709 390 1786 siquidem
415 1709 472 1768 sibi
494 1709 587 1768 simile
608 1709 765 1786 genuisset.
806 1711 834 1768 3.
857 1707 932 1782 Quia
944 1715 1094 1786 peccatum
1108 1707 1256 1785 originale,
1272 1727 1311 1785 qu
1372 1729 1391 1766 a
1404 1727 1453 1785 pa-

247 1789 378 1849 rentibus
401 1788 550 1849 derivatim
572 1789 603 1848 in
626 1789 703 1847 filios
725 1796 771 1847 est
790 1788 930 1862 naturale,
954 1786 1030 1846 unde
1052 1786 1176 1846 dicimur
1198 1797 1305 1848 natura
1318 1789 1381 1880 fibi
1391 1789 1453 1863 iroe,

249 1869 324 1946 Eph.
339 1869 369 1929 ii.
384 1870 420 1946 33
443 1869 523 1947 Ergo
543 1869 668 1929 Iristitia
686 1868 843 1946 origiualis,
867 1887 931 1944 quac
952 1867 995 1925 illi
1019 1867 1181 1944 opponitur,
1204 1868 1345 1926 naturahs
1366 1867 1454 1928 etiam

248 1948 349 2009 debuit
362 1969 435 2009 esse.
477 1953 505 2008 4.
529 1949 671 2026 Reliquia
691 1948 826 2025 imaginis
846 1947 954 2005 dimna
968 1946 1103 2006 dicuntur
1116 1946 1281 2024 naturalcs3
1304 1947 1374 2024 quia
1388 1955 1456 2006 sunt

247 2026 1455 2186 ⁰Ptt⁰ttttttttttltttttttttittttttttttttt'z

245 2187 304 2248 ¹init
317 2190 441 2267 privatio
451 2189 582 2266 justitiae,
598 2197 628 2248 et
640 2188 692 2246 illa
705 2187 809 2262 omnia,
831 2206 896 2263 qua
909 2205 1027 2246 necesse
1041 2193 1086 2245 est
1099 2194 1131 2245 nt
1146 2185 1276 2263 subjecto
1290 2185 1391 2264 capaci
1405 2187 1455 2244 ad-

249 2269 316 2342 sint,
332 2288 420 2345 aquo
430 2269 546 2347 justitia
565 2268 656 2343 abest,
672 2267 836 2344 ignorantia
848 2274 926 2344 puta,
941 2265 1089 2324 inclinatio
1103 2265 1141 2324 ad
1154 2266 1234 2341 vitia,
1250 2267 1455 2343 concupiscen-

248 2347 290 2405 tia
313 2348 415 2423 earnis,
445 2347 564 2406 rebellio
585 2345 675 2423 partis
697 2345 840 2404 inferioris
864 2345 1004 2404 adversus
1026 2346 1210 2423 superiorem,
1235 2353 1266 2404 et
1286 2345 1345 2404 alia
1374 2345 1455 2422 idge-
1514 2391 1520 2408 .

248 2444 312 2500 nus,
328 2446 392 2503 qua
407 2426 514 2484 Bellar.
529 2433 615 2484 vocat
635 2427 787 2484 morderet
801 2427 951 2501 languores
964 2433 1084 2485 naturae
1126 2425 1170 2485 At
1182 2425 1238 2484 hoe
1252 2424 1310 2484 dici
1324 2445 1384 2484 non
1405 2445 1456 2503 po-

246 2513 313 2579 test,
329 2505 399 2582 quin
413 2504 506 2565 eidem
528 2503 736 2578 adscribantur,
762 2503 812 2580 qui
834 2512 878 2562 cst
899 2504 1004 2564 author
1017 2515 1136 2579 naturae,
1161 2505 1211 2581 qui
1225 2505 1292 2564 ideo
1305 2515 1458 2564 censeatur

546 514 602 573 VI.
617 513 780 574 Orthodoxi
792 533 871 588 vero,
882 513 951 572 licet
959 530 1018 570 nou
1026 509 1202 572 diffiteantur
1211 510 1359 589 justitiam
1365 511 1452 571 istam
1563 483 1564 500 l

248 2585 352 2644 author
373 2585 492 2662 peccati.
534 2583 609 2642 Nam
631 2583 710 2660 quod
731 2583 926 2642 Bellarminus
953 2585 1069 2662 regerit,
1098 2585 1457 2662 concupiscentiamque
1563 2619 1564 2676 ᾗ

248 2685 325 2724 nunc
338 2675 383 2724 est
396 2683 481 2742 poena
494 2664 614 2741 peccati,
629 2671 698 2722 tune
718 2670 831 2722 tantum
850 2663 940 2722 finisse
960 2664 1130 2742 languorem
1143 2672 1173 2723 et
1185 2664 1318 2724 morbum
1334 2673 1456 2740 naturae,

248 2745 299 2821 qui
312 2763 370 2803 uon
385 2745 423 2803 sit
436 2763 474 2802 ex
489 2743 560 2819 Deo,
577 2742 629 2801 sed
643 2763 681 2802 ex
695 2741 858 2802 conditione
872 2743 1008 2819 materiae,
1023 2752 1056 2803 ut
1070 2743 1151 2802 faber
1163 2743 1299 2802 terrarius
1313 2744 1456 2822 rubiginis
1563 2751 1564 2805 i

248 2825 352 2884 author
365 2843 423 2883 non
433 2831 486 2898 est,
502 2843 589 2900 quam
603 2820 696 2883 iactus
717 2822 754 2887 ab
774 2823 838 2900 ipso
853 2821 968 2900 gladius
982 2823 1134 2900 contrahit
1149 2843 1208 2882 nou
1222 2825 1312 2884 solvit
1325 2823 1453 2900 nodum;

249 2903 333 2980 Nam,
361 2907 388 2964 1.
403 2904 503 2964 Gratis
518 2923 571 2982 sup
592 2904 688 2963 onitur
701 2902 801 2962 datum
821 2903 910 2962 finisse
930 2903 1099 2980 languorem
1120 2910 1149 2962 et
1163 2904 1294 2963 morbum
1309 2904 1340 2962 in
1354 2913 1457 2968 natura
1563 2897 1564 2924 ³

248 3003 337 3061 sana3
360 2989 388 3043 2.
404 2984 540 3044 Morbum
563 2984 569 2998 '
595 3004 644 3043 um
658 3003 715 3042 non
729 2981 818 3042 finisse
832 2991 998 3059 peccatum
1020 3001 1086 3041 oum
1100 2991 1197 3042 tamen
1210 2992 1322 3043 certum
1336 2983 1376 3042 sit
1389 3002 1455 3042 con·
1563 3043 1564 3064 ἓ

249 3064 456 3142 cupiscentiam
469 3065 548 3124 illam
560 3073 589 3123 et
598 3063 776 3142 precipitem
784 3062 822 3121 ad
834 3063 907 3122 vitia
915 3062 1139 3138 inclinationem,
1151 3081 1281 3141 pugnare
1295 3083 1361 3122 cum
1378 3063 1456 3141 Lege
1563 3066 1564 3098 ι

246 3145 315 3220 Dei,
330 3153 361 3205 et
374 3163 490 3205 oausam
504 3164 568 3204 esse
581 3145 736 3203 milliorum
750 3151 940 3220 peccatorum,
956 3150 1043 3219 atque
1056 3142 1129 3201 adeo
1150 3160 1208 3200 uon
1221 3161 1306 3220 posse
1320 3163 1381 3202 non
1395 3161 1456 3202 esec
1563 3151 1564 3162 ³

244 3233 407 3302 peccatum.
450 3227 478 3284 3.
501 3225 682 3302 Comparatio
695 3222 771 3282 fabri
783 3221 893 3282 terrenti
906 3241 965 3281 non
978 3222 1035 3281 huc
1047 3223 1181 3299 pertinet,
1202 3223 1272 3360 pria
1284 3223 1392 3301 rubigo
1413 3242 1455 3282 se·

248 3304 347 3380 quitur
360 3305 509 3363 materiem
524 3303 600 3380 ferri,
616 3323 703 3380 quam
717 3299 798 3361 faber
811 3321 869 3361 non
883 3301 960 3376 fecit,
975 3301 1027 3361 sed
1040 3302 1161 3360 invenit.
1234 3310 1247 3360 t
1261 3303 1343 3362 Deus
1364 3303 1457 3381 ipsam

246 3383 680 3442 hominismateriamcondidit
701 3381 868 3458 etquidem
890 3382 986 3456 talem,
1011 3389 1045 3440 ut
1064 3382 1129 3442 vult
1143 3381 1347 3458 Bellarminus,
1369 3401 1456 3460 quam

248 3471 417 3538 sequeretur
423 3463 585 3520 necessario
597 3461 664 3520 talis
672 3461 766 3532 ἇτιξιι
774 3469 804 3519 et
813 3461 942 3536 rebellio,
949 3461 1064 3520 nudent
1072 3461 1309 3521 fuitauthortalis
1316 3463 1455 3536 materia,

246 3539 335 3598 debet
349 3540 453 3598 author
461 3539 517 3597 dici
529 3540 607 3598 illius
620 3537 758 3614 defectus,
769 3540 819 3616 qui
828 3541 991 3600 necessario
999 3559 1063 3599 eam
1072 3541 1215 3618 sequitur;
1231 3549 1318 3619 atque
1329 3542 1371 3601 ita
1382 3543 1456 3620 sapi-

244 3619 397 3678 entissimo
410 3615 551 3701 δημιωςγᾷ
565 3619 613 3678 vel
627 3619 771 3695 imperitis
783 3617 968 3696 Impingetur,
978 3621 1027 3678 vel
1040 3619 1217 3697 impotentia,
1228 3621 1307 3698 quod
1321 3621 1456 3698 concupi·

242 3699 366 3762 ‘scentia
386 3699 491 3772 labem,
515 3719 553 3758 ex
575 3697 738 3757 conditione
762 3699 889 3757 materiae
911 3699 1074 3759 necessario
1087 3709 1292 3778 emergentem,
1307 3709 1457 3778 totamque

247 3779 327 3839 illam
342 3780 436 3839 camis
450 3779 590 3856 adversus
604 3777 736 3856 spiritum
750 3780 863 3852 ἄπιξιν,
875 3779 923 3837 vel
937 3797 995 3838 non
1029 3779 1183 3855 reviderit,
1195 3780 1243 3838 vel
1254 3797 1391 3840 amovere
1399 3799 1457 3840 nou

247 3861 381 3938 potuerit,
392 3859 462 3937 quin
470 3858 681 3919 nobilissimum
692 3877 764 3936 opus
772 3857 931 3936 iuvaderet,
943 3799 1028 3937 quod

1031 3867 1185 3937 utrumque
1195 3879 1233 3918 ex
1244 3879 1327 3938 [equo
1336 3860 1457 3938 impium

247 3948 277 3999 et
290 3939 499 4017 blasphemum.

289 4019 331 4078 X.
354 4023 382 4080 6.
398 4019 480 4078 Finis
494 4013 634 4079 naturalis
646 4017 780 4092 hominis,
791 4037 951 4096 supponere
961 4017 1048 4077 debet
1060 4017 1157 4078 modia
1169 4018 1313 4078 naturalia
1325 4018 1364 4077 ad
1377 4017 1457 4077 illins
1563 4027 1564 4066 1

246 4099 497 4176 consecutionem
520 4099 572 4157 sed
593 4097 742 4158 beatitudo
765 4098 820 4158 tuit
840 4099 907 4158 finis
929 4097 1069 4156 naturalis
1088 4097 1223 4158 homiuis.
1266 4099 1347 4176 Ergo
1361 4098 1457 4157 medie

247 4177 349 4238 debuit
369 4177 476 4238 habere
489 4179 640 4253 naturalia,
662 4197 727 4254 qua
747 4197 805 4238 non
824 4177 881 4236 alia
893 4185 1049 4257 potueruut
1062 4195 1126 4236 esse
1140 4196 1228 4255 quam
1238 4177 1355 4255 justitia
1368 4177 1455 4256 origi-

247 4258 342 4318 nalis:
363 4257 425 4316 Neo
438 4257 539 4338 reponi
553 4257 647 4332 debet,
661 4275 747 4334 posse
760 4257 819 4316 dici
832 4255 919 4316 finem
933 4256 1029 4334 quoad
1041 4259 1205 4334 appetitum,
1221 4258 1346 4316 sednon
1359 4255 1456 4334 quoad

247 4337 481 4396 macedonem:
502 4337 577 4396 Nam
597 4355 664 4396 oum
678 4336 822 4415 appetitus
835 4337 920 4413 primi
933 4336 1059 4395 hominis
1072 4355 1130 4395 non
1144 4337 1271 4414 potuerit
1283 4356 1349 4396 esse
1363 4355 1455 4395 vanus

246 4416 277 4474 in
298 4425 400 4475 natura
421 4417 542 4493 integra,
558 4415 659 4476 debuit
680 4425 747 4494 post
770 4435 802 4475 se
825 4417 938 4474 trahere
962 4415 1204 4492 consecutionem,
1231 4417 1256 4475 si
1278 4435 1337 4475 non
1359 4415 1455 4494 quoad

245 4503 391 4570 eventum,
408 4494 510 4554 saltem
524 4495 620 4572 quoad
632 4495 862 4572 possibilitatem,
884 4503 976 4555 utres
989 4515 1049 4554 non
1063 4505 1174 4554 tantum
1189 4504 1265 4555 esset
1278 4495 1453 4573 appetibilis,

246 4572 299 4628 sed
311 4573 466 4647 possibilis,
490 4573 562 4633 alias
574 4574 730 4632 dicendum
745 4575 807 4650 erit,
824 4575 927 4648 Dauni,
942 4574 1021 4651 quod
1036 4574 1158 4652 singulis
1172 4575 1258 4634 rebus
1271 4594 1290 4633 a
1304 4595 1335 4634 sa
1350 4575 1454 4634 creatis

191 4721 193 4728 γ
245 4667 296 4724 per
309 4655 440 4707 naturam
454 4653 584 4724 contulit,
610 4653 744 4712 nimirum
770 4662 801 4712 ut
822 4653 934 4712 viribus
954 4653 1066 4713 idoneis
1079 4653 1117 4712 ad
1131 4653 1257 4715 edendas
1271 4655 1454 4731 operationes
