3044 5180
269 345 328 403 246
756 359 848 402 accus
862 361 997 402 scaurus.
1248 339 1373 422 [auser.
1388 361 1462 402 nn.

269 503 349 562 bium
363 521 421 562 non
435 510 487 579 est,
502 501 571 561 licet
585 501 777 580 apodicticam
791 521 875 562 exeo
888 503 953 563 loeo
968 502 1087 561 seorsim
1098 509 1216 580 sumpto
1230 501 1301 562 duci
1315 521 1372 562 non
1384 505 1466 581 possit

270 592 480 660 argumentum.
523 583 570 641 Ita
585 583 682 642 Psalm
697 603 744 642 cx.
762 587 787 658 l,
802 584 888 642 Dian
899 585 1010 644 Jetoua
1024 583 1146 642 Dorrsico
1161 603 1234 658 mec,
1258 592 1289 642 et
1313 583 1389 642 Psal.
1412 585 1464 642 xlv.

270 667 298 740 8,
317 665 406 722 Unxr't
419 673 444 722 te
457 684 475 722 o
488 665 576 739 Dae,
591 665 671 722 Deus
685 671 748 722 ncne
761 667 821 722 oleo
835 665 946 741 aetitia,
960 663 1012 723 ubi
1028 663 1135 722 mentio
1155 663 1192 723 fit
1207 664 1267 722 Dei
1280 663 1421 740 ungentis,
1441 675 1465 722 et

268 745 357 822 uncti,
372 743 507 803 nimbum
521 743 702 822 hypostatice
716 764 774 802 non
788 745 987 804 essentialiter.
1029 743 1074 803 Eo
1088 743 1237 821 pertinent
1250 745 1317 804 loca
1331 745 1465 822 inquibus

270 825 386 884 Messias
400 823 517 883 nomina
528 834 556 884 et
571 824 722 884 Attributa
737 824 846 882 Divina
865 825 1039 899 tribuuntur,
1055 843 1143 902 quum
1158 833 1287 884 vocatur
1299 826 1407 884 Jeloua
1412 828 1464 900 jus-

269 906 331 964 titia
344 915 450 980 nostra,
466 906 649 980 Dacsorrt,
664 906 788 982 Angelus
799 905 898 981 faciei,
914 901 968 964 &a
993 925 1058 986 quas
1078 904 1234 963 manifeste
1256 905 1394 964 evincunt
1412 925 1464 963 csse

270 986 426 1045 Personam
442 985 588 1062 Divinam,
604 985 768 1044 distinctam
783 1005 800 1044 a
815 986 879 1045 Deo
894 986 999 1062 Patre;
1015 985 1076 1044 Nee
1090 985 1254 1064 quidquam
1268 986 1318 1044 hic
1331 993 1466 1063 opponunt

269 1065 396 1125 haretici
410 1065 489 1145 quod
503 1067 563 1125 vim
577 1067 738 1144 argumenti
752 1067 843 1127 nocui
856 1066 959 1143 elevet,
982 1075 1014 1126 ut
1028 1085 1081 1127 suo
1099 1067 1164 1126 loco
1185 1066 1367 1145 probabitur,
1389 1084 1463 1143 quun

270 1145 307 1206 de
322 1147 438 1207 Deitate
453 1147 522 1206 Filii
536 1155 646 1225 agetur.

334 1285 340 1298 ,
572 1227 663 1285 VIII.
686 1226 729 1286 Ut
742 1245 813 1286 vero
826 1226 908 1286 varia
921 1235 989 1286 sunt
1002 1227 1145 1304 locaque
1158 1226 1361 1304 pluralitatem
1376 1225 1462 1284 Perse

270 1283 511 1391 urmerpanoppopatur
530 1327 631 1367 narum
646 1315 820 1382 connotant;
844 1307 891 1367 Ita
904 1327 1068 1387 nonpauca
1082 1308 1195 1367 suntin
1221 1307 1331 1384 quibus
1356 1305 1462 1364 Plursli-

531 1397 576 1447 tss
596 1387 705 1446 illaad
725 1387 895 1447 Trinitatem
915 1387 1107 1464 restringitur.
1150 1386 1263 1462 Primo,
1279 1405 1338 1445 non
1358 1385 1463 1445 obscure

269 1469 417 1548 colligitur
430 1490 467 1529 ex
481 1468 602 1528 historia
616 1467 784 1543 Orestionis,
799 1467 850 1527 ubi
865 1467 999 1527 distincte
1015 1469 1114 1526 Moses
1137 1469 1276 1526 meminit
1289 1467 1399 1525 Elateia
1411 1483 1460 1522 ere·

269 1552 353 1627 antis,
368 1551 491 1627 Spirina
506 1548 622 1608 Elohim
636 1547 719 1625 aquis
732 1547 905 1623 incubantis,
920 1555 950 1608 et
969 1549 1053 1607 Verri
1064 1548 1161 1606 omnia
1175 1547 1373 1626 producentis.
1405 1545 1461 1603 Ele

269 1629 329 1687 hIm
344 1649 407 1689 esse
422 1631 517 1689 Deum
531 1649 590 1688 non
603 1636 712 1705 negant
726 1628 906 1704 Adversarii,
925 1628 1063 1705 Spiritum
1078 1627 1134 1687 Dei
1149 1647 1217 1688 esse
1240 1629 1394 1687 Personam
1412 1623 1458 1682 dis·

268 1709 388 1769 tinctam
402 1711 439 1770 ab
453 1710 517 1788 ipso
531 1729 617 1787 supra
630 1708 783 1786 probatum
802 1717 855 1784 est,
871 1709 1002 1784 Verbum
1015 1727 1084 1767 vero
1105 1728 1166 1766 non
1187 1727 1254 1768 esse
1276 1707 1394 1784 simplex
1414 1703 1459 1761 Dei

265 1789 381 1868 jussum
395 1799 424 1850 et
437 1790 614 1866 mandatum,
638 1789 690 1848 sed
702 1788 833 1848 Verbum
853 1789 1004 1866 personale
1024 1789 1133 1848 evincit
1155 1787 1277 1848 collatio
1299 1787 1388 1846 Mosis
1405 1803 1457 1842 curn

269 1870 290 1929 J
293 1871 414 1947 ohanne,
424 1871 476 1949 qui
490 1870 527 1929 sd
538 1871 652 1930 Mosam
666 1868 807 1944 alludens,
825 1869 1000 1944 Sermonem,
1016 1868 1052 1928 de
1063 1888 1121 1946 quo
1134 1869 1255 1928 locutus
1266 1867 1357 1928 fuerat
1365 1866 1454 1934 Moses

270 1951 408 2012 describit
421 1961 560 2030 tauquam
575 1950 732 2010 Personam
746 1948 950 2009 subsistentem
964 1949 1041 2028 apud
1057 1949 1152 2009 Deum
1169 1949 1298 2022 Patrem,
1319 1965 1369 2024 per
1386 1961 1456 2021 quam

270 2033 367 2091 omnia
380 2041 478 2092 creata
491 2033 549 2092 sint
562 2051 587 2091 c.
602 2030 621 2090 i.
638 2033 665 2106 l,
681 2035 708 2106 2,
725 2033 753 2090 3.
796 2029 857 2088 Neo
871 2037 966 2107 potest
985 2029 1119 2107 intelligi,
1142 2030 1194 2088 vel
1215 2031 1316 2088 Ser-ruo
1335 2035 1453 2112 monus

270 2131 327 2190 quo
343 2114 423 2172 Deus
437 2111 563 2190 Angelis
576 2119 610 2170 ut
622 2109 761 2169 ministris
775 2111 835 2170 suis
849 2110 1039 2188 Imperaverit,
1057 2109 1126 2187 quis
1139 2109 1275 2169 nondum
1285 2115 1364 2167 erant
1375 2111 1454 2172 oresti,

268 2193 650 2330 ttttrtuttttttm’
663 2189 924 2329 tttttttltt
938 2181 1456 2347 tttttff‘ttfittuttttt

268 2358 317 2410 tur
329 2318 451 2427 luqueius
464 2350 495 2407 in
509 2350 594 2409 tertia
606 2291 730 2426 poiseus
743 2290 880 2426 tandum
895 2291 977 2409 alieri
991 2290 1294 2428 personaeqimperans,
1316 2365 1370 2405 non
1391 2341 1436 2401 sibi
1447 2361 1453 2414 ;

267 2429 355 2506 idque
369 2437 527 2506 perpetuo:
542 2428 621 2505 quod
633 2449 687 2487 nec
701 2439 809 2488 temere
823 2429 939 2505 factum,
955 2449 1009 2488 nec
1023 2429 1244 2490 accommodate
1259 2428 1297 2487 sd
1317 2439 1451 2512 sermonen

269 2509 413 2568 internum
427 2508 656 2586 exprimendum.
700 2509 838 2585 Superest
852 2509 932 2586 Ergo
946 2519 979 2568 ut
993 2509 1172 2588 iutelligatur
1188 2511 1291 2571 &aaa
1306 2503 1450 2585 permit
1501 2521 1502 2571 l

268 2589 299 2647 id
313 2599 358 2649 est
372 2588 465 2648 Filius
481 2589 544 2664 Dei,
560 2588 610 2664 qui
633 2607 708 2665 aaepe
731 2588 809 2666 apud
823 2588 924 2648 Chald.
940 2589 1161 2668 Paraphrsstem
1183 2611 1241 2670 per
1254 2609 1321 2664 msa,
1335 2605 1381 2644 seu
1398 2583 1450 2640 Ver·
1500 2621 1501 2661 ,

268 2669 331 2728 bum
345 2669 507 2746 exponitur.
550 2667 611 2727 Nec
626 2668 722 2727 obstet
735 2668 814 2745 quod
827 2669 949 2728 verbum
962 2671 1037 2728 dubit
1044 2671 1159 2748 jussum
1175 2671 1237 2730 Dei
1255 2668 1352 2729 efficax
1365 2677 1449 2722 ronne
1499 2741 1500 2750 ἵ

268 2757 327 2824 tet;
349 2749 417 2807 licet
431 2749 508 2808 enim
522 2749 667 2826 objective
681 2755 711 2807 et
730 2749 913 2808 terminatius
928 2749 966 2808 ad
980 2759 1125 2810 creaturas
1146 2748 1348 2828 producendas
1370 2745 1449 2832 innuli

268 2827 371 2888 efficax
386 2829 441 2888 Dei
455 2829 631 2904 mandatum,
647 2829 694 2887 eui
709 2848 790 2887 suam
805 2829 911 2889 debent
927 2831 1076 2908 origiuern,
1099 2833 1239 2909 supponit
1260 2840 1350 2888 nmen
1368 2821 1399 2881 sd
1416 2837 1448 2875 11¹·
1498 2818 1499 2841 ¹

268 2917 314 2969 tra
327 2917 356 2968 et
370 2909 549 2988 originaliter
562 2909 693 2968 Verbum
709 2909 765 2968 Dei
785 2911 935 2988 personale
956 2919 1093 2988 tanquam
1109 2912 1287 2990 priampmm
1306 2907 1376 2986 quod
1391 2893 1447 2988 fflttd
1497 2893 1498 2929 ¹

268 2989 436 3050 mandatum
451 2989 551 3050 debuit
565 2991 679 3067 exequI‚
694 2998 728 3050 ut
741 3009 792 3067 per
804 2990 879 3048 illud
893 2991 989 3049 omnia
1003 3000 1144 3068 operatur,
1160 3001 1191 3052 et
1208 2989 1304 3052 seorsis
1317 2989 1373 3064 ipsa
1385 2981 1442 3068 secui
1496 2979 1497 3019 ¹

270 3071 347 3130 Heb.
367 3071 386 3130 i.
413 3075 441 3131 2.
484 3071 548 3146 Quo
561 3071 718 3148 respiciens
734 3069 839 3147 David,
856 3071 905 3130 Ps.
928 3071 1032 3129 xxxid.
1055 3073 1083 3148 6,
1111 3073 1204 3131 Verbo
1224 3073 1342 3142 Ιεὴουω,
1363 3064 1442 3154 'filimi
1495 3059 1496 3109 i

271 3151 424 3227 Oelisaca·
434 3161 506 3226 sant,
522 3160 549 3209 et
561 3151 671 3226 spirita
685 3151 743 3209 ora
763 3153 821 3226 eja
835 3152 923 3210 omna
936 3153 1074 3210 aroana
1088 3170 1195 3211 arum.
1241 3151 1299 3212 Ubi
1312 3153 1406 3232 menno
1419 3133 1444 3191 fit
1494 3147 1495 3197 ι

268 3231 405 3290 distincta
418 3232 505 3291 trium
519 3231 558 3290 ad
572 3231 752 3291 Orestionem
774 3231 1011 3306 concurrentium,
1035 3233 1159 3308 Jebovoe,
1180 3231 1269 3294 Vera·
1286 3237 1315 3288 et
1335 3223 1441 3306 θριπη-
1492 3221 1494 3306 i

268 3309 398 3368 Verbum
414 3311 491 3369 enim
505 3310 661 3370 aliudesse
675 3331 734 3370 non
748 3319 844 3388 potest
857 3311 894 3369 ab
907 3311 958 3370 illo
971 3331 1023 3390 per
1036 3311 1115 3388 quod
1124 3312 1277 3372 Johannes
1291 3307 1442 3366 diciturne
1492 3309 1493 3375 l

267 3387 454 3482 iaetatuissa,
470 3391 529 3484 ei.
546 3393 574 3449 3.
616 3391 678 3449 Nec
693 3391 767 3450 alius
784 3391 907 3469 Spiritus
920 3391 957 3450 ab
977 3410 1012 3450 eo
1033 3393 1083 3469 qui
1104 3392 1252 3453 ferebatur
1273 3405 1354 3484 snper
1371 3391 1440 3452 “iffi
1491 3387 1492 3467 i

266 3470 597 3626 creatutura
620 3471 964 3548 'u
976 3457 1439 3617 uernacula

267 3627 304 3686 de
318 3649 353 3688 eo
367 3638 426 3689 tam
440 3649 577 3707 expressa
587 3633 695 3690 mentio
710 3631 739 3688 in
753 3631 846 3708 pritna
859 3639 940 3708 parte
953 3650 1055 3690 versus
1069 3633 1145 3692 facts
1158 3632 1254 3692 fuerit.
1406 3693 1411 3704 ,

267 3742 289 3788 2¹
310 3741 349 3788 E,
363 3745 507 3792 liberatione
570 3709 630 3804 III,
662 3709 803 3804 Secundo,
819 3711 895 3770 idem
919 3711 1056 3805 probatur
1076 3733 1113 3771 ex
1134 3711 1311 3772 Lucretiam
1323 3695 1438 3792 PORV'V

528 3793 851 3927 ss
867 3790 1311 3870 Μ

265 3950 733 4102 tererestereres
746 3950 1105 4106 u,
1120 3941 1436 4110 autemst

266 4107 361 4166 Deum
375 4115 487 4168 tautum
509 4129 582 4187 opus
603 4110 698 4187 potuit
718 4110 832 4186 exequi,
847 4118 880 4169 ut
900 4109 963 4187 ipse
983 4110 1014 4168 in
1033 4112 1201 4188 praefatione
1223 4106 1306 4186 Legis
1318 4099 1433 4171 asans}

264 4188 330 4264 Epo
344 4190 484 4247 Donu'ana
497 4191 577 4248 Dens
591 4199 653 4248 aava
666 4190 717 4266 qui
728 4190 816 4247 edaci
834 4200 859 4248 te
873 4209 910 4248 ex
930 4199 1009 4248 terra
1022 4193 1093 4266 AEpr
1122 4193 1150 4268 a‘,
1159 4201 1196 4250 et
1216 4187 1313 4264 saepius
1325 4179 1372 4236 hoc
1390 4163 1431 4252 sim

264 4267 319 4325 soli
333 4268 470 4344 vindieat,
487 4269 582 4328 Exod.
597 4270 637 4328 iii.
653 4271 680 4343 8,
698 4267 785 4328 Deut.
799 4269 903 4328 xxxiii.
920 4272 968 4328 29.
1000 4269 1043 4329 At
1053 4271 1104 4329 'Iri
1145 4264 1312 4330 s'l'rinitstis
1322 4257 1431 4340 parens

264 4345 353 4422 Pate,
370 4347 454 4424 mro,
470 4357 499 4406 a
524 4349 643 4426 spiritui
667 4349 696 4406 a
711 4349 767 4408 hoe
790 4369 864 4426 opus
887 4349 1032 4408 menan.
1084 4351 1128 4408 ne
1151 4352 1234 4410 Patre
1257 4325 1431 4432 ,maruan

263 4423 453 4498 Adversarii3
475 4427 511 4486 de
527 4429 602 4487 Filio
616 4428 739 4506 probant
752 4429 816 4487 ioca
833 4430 991 4506 sequentia,
1008 4429 1103 4489 Exod.
1125 4431 1165 4489 iii.
1180 4435 1208 4507 2,
1223 4437 1250 4488 et
1263 4420 1336 4482 xxii!-
1349 4410 1388 4478 202
1405 4405 1427 4454 π

263 4503 357 4561 xxxii.
373 4507 420 4580 34,
436 4507 467 4564 in
486 4509 593 4584 quibus
606 4511 714 4585 Angelc
727 4509 844 4567 Jetovoe
858 4507 1031 4569 adscribitur
1050 4511 1105 4569 boc
1126 4531 1207 4588 opus,
1222 4521 1300 4588 quem
1313 4509 1362 4554 ¹¹⁰¹¹
1378 4493 1427 4541 Μ

263 4579 411 4655 Angelum
434 4595 570 4663 creatum,
593 4587 645 4647 sed
667 4589 830 4648 Increstum
852 4589 946 4666 ipsum
968 4590 1024 4648 Dei
1047 4591 1162 4665 Filium,
1178 4591 1226 4667 qui
1240 4607 1256 4646 a
1269 4567 1367 4641 D0⁰⁸d
1383 4562 1424 4616 ¹¹⁰⁶

263 4675 335 4736 opus
348 4661 524 4741 mittebatur,
537 4676 568 4725 et
581 4687 611 4725 se
622 4667 727 4744 saepius
737 4667 791 4728 sub
805 4669 860 4727 hoe
875 4669 1007 4746 symbolo
1023 4669 1158 4729 Patribus
1171 4661 1337 4748 patefecerat,
1350 4649 1424 4705 ΟΜ·
