3250 5176
252 382 312 440 588
775 397 867 440 nocua
881 396 986 440 uorsus.
1255 373 1381 457 [aussi.
1398 395 1471 438 m.

247 560 341 620 spem,
357 559 423 620 quae
436 540 467 600 iu
477 539 610 600 sacrificii
623 541 769 600 oblatione
783 541 899 602 demum
910 539 1065 600 fundatur:
1088 537 1130 598 Ut
1143 536 1313 616 desperatus
1323 546 1369 598 est
1383 539 1471 598 illius

251 623 378 699 morbus,
402 623 453 700 qui
467 622 564 680 omnia
577 621 704 681 remedia
724 622 830 699 quibus
853 621 948 681 sanari
961 627 1057 698 potest
1077 618 1180 696 rejicit,
1206 626 1236 678 at
1255 619 1287 676 in
1309 613 1468 678 Medicum

250 701 347 780 ipsum
368 703 503 780 insurgit.
545 702 614 762 Huc
634 701 768 780 pertinet,
783 702 864 780 quod
884 700 1045 781 Apostolus
1065 699 1183 776 ibidem,
1199 719 1224 758 e.
1239 699 1279 758 vi.
1295 702 1323 775 6,
1348 701 1367 732 ‘⁴
1384 699 1469 759 Fieri
1593 743 1594 762 r

251 803 310 840 non
325 784 439 860 posse,”
455 784 504 857 ait,
526 784 546 814 “
561 783 633 842 tales
647 781 782 840 renovari
795 783 834 842 ad
846 781 1055 860 poenitentiam,
1068 780 1162 857 utqui
1175 799 1275 838 rursus
1289 779 1470 858 crucifigant

253 862 309 921 sibi
324 864 432 922 Filium
448 863 512 938 Dei,
529 871 558 921 et
579 862 746 939 ignominiae
760 863 946 942 exponant;’'
967 861 1037 938 quia
1055 860 1132 920 enirn
1153 861 1202 919 isti
1215 879 1381 919 emansores
1395 881 1468 938 pro·

252 951 334 1002 terve
348 942 520 1002 sacrificium
535 943 642 1002 Christi
655 943 805 1020 abjiciunt,
821 943 940 1021 aliquod
953 941 1034 1000 aliud
1054 940 1226 1000 sacrificium
1238 942 1369 999 imula
1389 941 1468 1019 ipsis

252 1023 438 1101 quaerendum
453 1031 601 1099 essetque
616 1031 807 1100 servarentur,
822 1023 902 1102 quod
916 1041 982 1082 cum
996 1031 1079 1080 extre
1089 1021 1235 1081 Christum
1250 1021 1313 1079 dari
1322 1041 1382 1080 non
1396 1041 1469 1100 pos-

253 1103 299 1179 sit,
316 1123 389 1181 opus
411 1104 485 1162 foret
498 1112 531 1162 ut
545 1103 691 1162 Christum
706 1102 801 1163 denno
822 1103 1033 1180 crucifigerent,
1056 1110 1086 1160 et
1100 1101 1182 1160 illum
1196 1101 1350 1178 opprobrio
1371 1122 1466 1180 expo-

253 1193 370 1260 nerent,
393 1183 553 1261 quodcum
567 1183 606 1242 sit
618 1183 805 1261 impossibile,
823 1183 1003 1261 impossibile
1017 1189 1062 1241 est
1074 1181 1182 1260 pariter
1195 1201 1246 1240 eos
1266 1181 1304 1240 ad
1316 1182 1466 1260 poeuitcn-

255 1263 325 1322 tiam
339 1264 482 1323 renovari.

295 1343 386 1404 XVI.
408 1344 476 1403 Hoc
497 1363 567 1404 varo
581 1343 687 1403 elarius
701 1343 795 1403 adhue
819 1349 899 1420 patet
919 1361 958 1401 ex
971 1341 1142 1402 diversitate
1163 1341 1372 1421 operationum,
1394 1359 1466 1420 quae

254 1423 378 1502 singulis
400 1424 537 1484 Personis
557 1433 724 1502 competunt
737 1425 767 1481 in
781 1423 943 1482 oeoonomia
956 1423 1068 1482 salutis.
1111 1423 1186 1482 Nam
1201 1431 1234 1483 ut
1256 1422 1342 1482 Peter
1356 1423 1465 1502 mejes-

253 1513 343 1564 tatem
358 1505 492 1564 Numinis
505 1505 568 1564 laesi
582 1505 676 1580 refert,
692 1513 722 1564 et
736 1504 849 1582 Legum
863 1503 1036 1562 sancitamm
1051 1509 1149 1563 custos
1162 1511 1207 1564 est
1220 1510 1250 1562 et
1260 1502 1389 1580 vindex;
1412 1503 1465 1562 Fi-

253 1584 312 1644 IIus
325 1585 421 1645 locum
435 1586 524 1645 habet
544 1584 715 1646 Mediatoris
728 1593 758 1644 et
772 1584 873 1660 Vadis,
889 1584 940 1661 qui
960 1603 1012 1660 pro
1033 1584 1160 1661 peccatis
1179 1583 1287 1642 nostris
1300 1582 1445 1644 satisfecit
1453 1606 1464 1661 ς

255 1665 295 1724 Et
317 1665 442 1758 Spiritus
468 1666 593 1726 Sanctus
614 1665 694 1724 vices
716 1665 839 1758 stistinet
861 1663 1095 1758 Sanctifieatoris,
1117 1663 1169 1741 qui
1192 1664 1323 1722 ultimam
1341 1683 1465 1722 manum

254 1745 614 1902 ttttltttflttt
626 1743 1463 1903 tgt‘tttttttttfttttttdtttttt:

252 1906 331 1964 tlone
347 1905 432 1982 Filii;
456 1905 513 1980 Qui
527 1906 596 1964 Filii
616 1925 768 1982 personam
789 1915 818 1964 et
839 1904 1042 1964 satisfactionis
1063 1905 1127 1982 ejus
1147 1904 1318 1981 dignitatem
1339 1923 1392 1982 per
1416 1904 1463 1962 in·

252 1986 452 2046 credulitatem
467 1993 497 2045 et
509 1985 702 2064 ignorantiam
715 1986 798 2062 laesit,
814 1985 858 2044 illi
872 2005 937 2063 spes
951 1985 1049 2062 eliqua
1063 1993 1194 2062 superest
1207 1985 1238 2042 iu
1252 1983 1345 2062 gratia
1368 1983 1462 2062 Spiri-

253 2076 303 2126 tus
317 2068 368 2144 qui
383 2075 479 2145 potest
493 2068 557 2144 ejus
572 2067 766 2144 ignorantiam
782 2085 892 2142 sanare,
915 2077 945 2125 et
959 2065 1189 2125 incredulitatem
1210 2065 1374 2142 corrigam
1399 2065 1462 2124 Sed

252 2147 304 2223 qui
320 2148 459 2226 Spiritum
475 2147 614 2206 Sanctum
628 2147 803 2206 contumelia
816 2145 913 2220 afficit,
922 2147 1042 2224 ejusque
1056 2145 1251 2224 operationem
1265 2144 1368 2222 rejicit,
1384 2145 1462 2204 nihil

252 2227 280 2285 ei
294 2237 425 2305 superest
439 2227 562 2305 amplius
576 2227 653 2287 uude
668 2247 734 2304 spos
748 2227 845 2304 aliqua
858 2227 976 2302 oriatur,
990 2226 1059 2303 quia
1068 2226 1149 2285 nulla
1162 2224 1247 2284 denir
1260 2225 1317 2284 alia
1328 2225 1461 2286 Persona

252 2307 361 2385 divina,
378 2328 443 2386 ques
456 2308 500 2366 illi
514 2327 680 2367 succurrere
694 2309 794 2385 possit,
817 2315 847 2366 et
862 2307 987 2385 Spiritus
1001 2307 1128 2385 operatio
1142 2306 1245 2366 ultime
1264 2305 1353 2364 estin
1368 2325 1459 2384 nego·

252 2388 293 2446 tio
307 2389 418 2465 salutis,
434 2397 500 2466 post
513 2408 599 2464 quam
614 2387 727 2446 nullum
741 2387 862 2446 ulterius
876 2395 972 2465 potest
985 2387 1132 2464 expectari
1145 2384 1247 2464 gratiae
1259 2385 1431 2446 remedium.

293 2467 401 2528 XVII.
424 2466 485 2529 Ubi
499 2467 627 2527 abundat
640 2476 790 2544 peccatum
804 2467 845 2526 ibi
860 2467 1074 2544 superabundet
1087 2467 1189 2545 gratia,
1205 2467 1230 2526 si
1243 2467 1330 2525 bomo
1344 2467 1383 2526 ed
1392 2487 1457 2526 eam

251 2557 380 2607 recurrat
400 2569 452 2626 per
465 2547 551 2606 fidem
566 2557 595 2606 et
608 2547 824 2625 poenitentiam
847 2546 899 2606 sed
913 2547 938 2606 si
951 2556 1086 2625 peccator
1099 2547 1221 2626 gratiam
1231 2546 1317 2606 istam
1330 2547 1458 2625 pertina-

250 2627 321 2685 citer
340 2628 441 2705 rejicit,
457 2647 515 2686 non
536 2635 632 2704 potest
650 2627 710 2684 vim
731 2646 813 2686 suam
827 2626 857 2684 in
878 2647 913 2686 eo
927 2647 1054 2686 exerere.
1097 2627 1229 2687 Christus
1243 2637 1326 2686 sanet
1340 2647 1457 2687 omnem

249 2706 382 2766 morbum
396 2707 426 2766 in
448 2707 564 2784 populo,
580 2706 633 2766 sed
653 2707 756 2785 positis
776 2707 926 2784 ponendis,
949 2707 981 2766 in
1001 2708 1037 2767 iis
1057 2707 1168 2768 seilicet
1188 2707 1239 2786 qui
1263 2708 1457 2768 Pharmacum

248 2796 382 2865 proterve
396 2807 455 2846 non
467 2787 613 2865 rejiciunt.

290 2867 416 2928 XVIII.
432 2869 587 2929 Peccatum
600 2870 656 2928 hoe
670 2868 701 2927 in
713 2867 826 2928 nullum
840 2867 919 2928 cadit
932 2889 970 2928 ex
983 2869 1084 2928 electis
1100 2868 1165 2945 Dei,
1179 2888 1302 2962 quorum
1316 2869 1396 2928 salus
1410 2879 1456 2930 est

248 2947 279 3006 in
293 2957 365 3023 tuto,
381 2958 443 3009 tum
456 2958 574 3028 propter
587 2949 736 3010 electionis
758 2949 1029 3025 immutabilitatem,
1053 2959 1083 3010 et
1104 2969 1211 3008 amoris
1232 2949 1288 3009 Dei
1309 2950 1454 3010 aeternite-

167 3091 170 3098 ,
249 3037 316 3106 terri,
335 3031 420 3090 Matt.
435 3029 518 3090 xxiv.
534 3035 582 3106 24,
598 3035 616 3090 2
631 3030 737 3090 Timot.
752 3030 782 3089 ii.
799 3032 846 3106 19,
861 3038 923 3089 tum
938 3030 1006 3108 quia
1020 3049 1071 3107 per
1085 3030 1193 3090 Christi
1206 3029 1452 3108 intercessionem,

248 3109 318 3168 Joh.
335 3110 407 3169 xvii.
423 3113 471 3184 20,
487 3120 517 3170 et
531 3111 691 3171 custodiam
707 3111 764 3170 Dei
777 3119 954 3188 perpetuam,
972 3114 987 3169 l
1005 3110 1083 3170 Petr.
1097 3111 1116 3169 i.
1132 3113 1159 3186 5,
1175 3117 1205 3170 et
1224 3109 1454 3188 regenerationis

249 3189 374 3266 Spiritus
384 3190 564 3268 beneficium,
573 3199 746 3269 prestantur
759 3191 901 3250 immunes
915 3211 933 3250 a
946 3189 1076 3269 quolibet
1088 3197 1207 3268 peccato
1217 3198 1366 3268 regnante,
1378 3191 1454 3251 adeo

246 3279 279 3328 ut
292 3288 346 3329 nee
361 3279 488 3348 peccent,
504 3291 557 3330 neo
571 3291 690 3350 peccare
709 3272 830 3350 possint,
858 3274 872 3329 1
896 3271 967 3332 Joh.
986 3271 1027 3330 iii.
1050 3275 1079 3347 9,
1101 3279 1219 3348 peccato
1241 3271 1320 3348 quod
1344 3281 1390 3330 est
1413 3271 1453 3332 ad

245 3359 377 3408 mortem.
420 3351 481 3410 Nee
496 3352 521 3409 si
535 3351 687 3428 Apostatar
701 3351 744 3410 issi
758 3351 795 3410 de
810 3351 915 3428 quibus
939 3352 1001 3430 agit
1022 3351 1131 3410 Paulus
1153 3351 1231 3410 Heb.
1252 3351 1293 3412 vi.
1315 3352 1453 3412 dicuntur

244 3430 418 3507 aaaca'fioatr',
434 3439 463 3488 et
474 3440 601 3506 picturae
614 3433 723 3490 bonum'
733 3433 793 3490 Dei
810 3431 937 3507 Verbum,
954 3441 983 3490 ot
995 3432 1110 3490 virtutes
1123 3431 1223 3506 futuri
1240 3433 1332 3508 scau,
1354 3433 1451 3510 sequi·

245 3515 293 3566 tur
306 3527 356 3567 eos
371 3527 455 3567 varos
468 3508 570 3567 fideles
583 3509 690 3586 fuisse,
713 3511 786 3570 Oum
799 3512 966 3606 sanctificati
978 3511 1111 3571 dieantm
1126 3511 1223 3590 potius
1236 3515 1450 3572 ruerammtali-

243 3595 287 3646 ter
301 3595 330 3646 et
344 3595 466 3664 eamme,
481 3607 568 3665 quam
583 3590 690 3648 interne
703 3597 732 3649 et
745 3591 938 3667 spiritualim,
954 3592 1023 3668 quia
1035 3593 1146 3669 recepti
1158 3593 1188 3650 in
1211 3592 1373 3652 Ecclesiam
1397 3613 1451 3672 per

245 3667 463 3762 Sacramentum
487 3669 632 3746 baptismi,
658 3669 709 3746 qui
733 3679 854 3729 vocatur
876 3671 1069 3748 metonymice
1092 3673 1207 3749 sanguia
1225 3673 1357 3749 foderas,
1379 3675 1450 3751 quie

242 3749 1451 3912 tt.1tttttt,tffittttttttptttttttttttstt.

239 3919 366 3984 quaterve
380 3909 515 3970 dicuntur
528 3913 629 3972 bonam
642 3911 703 3970 Dei
720 3911 847 3988 Verbum,
862 3919 950 3990 gustu
970 3911 1070 3971 labiali
1083 3921 1113 3972 et
1133 3912 1315 3991 superficiali,
1331 3933 1390 3973 uon
1404 3915 1450 3974 in-

241 3988 312 4048 timo
326 3997 356 4049 et
380 3989 508 4066 radieali,
524 4000 553 4050 et
573 3992 689 4052 uirtutes
704 3993 805 4066 futuri
823 3993 916 4068 seculi,
939 3991 980 4051 id.
1003 4013 1063 4052 non
1086 3992 1206 4053 delicias
1229 3993 1364 4070 paradisi,
1389 3996 1449 4072 pri·

240 4069 338 4129 mitiss
359 4070 427 4129 vita
447 4079 570 4146 aeternae,
595 4071 647 4131 sed
671 4071 787 4132 virtutes
808 4073 1019 4148 miraculorum,
1040 4082 1070 4132 et
1086 4073 1228 4132 donorum
1248 4074 1449 4136 extraordina-

239 4149 437 4290 {isimiq'iae
452 4151 591 4212 Ecclesiae
607 4159 677 4211 tuno
690 4151 918 4230 conferebantur,
933 4173 999 4231 quaa
1017 4162 1139 4212 vocatur
1161 4156 1282 4213 reculam
1297 4157 1338 4229 fir
1350 4176 1424 4233 rum,

273 4251 289 4288 e
311 4249 333 4289 r.
348 4251 377 4289 u.
414 4275 422 4290 .

280 4310 376 4370 XIX.
399 4309 540 4384 Quamvis
555 4331 624 4371 vero
638 4321 789 4390 peceatum
802 4315 858 4373 boo
873 4312 904 4372 in
922 4313 1001 4374 solos
1014 4313 1153 4392 reprobos
1166 4313 1261 4391 cadat,
1276 4333 1335 4374 non
1349 4323 1449 4376 temen

237 4399 282 4448 est
296 4391 444 4452 omnium:
466 4392 519 4451 sed
535 4411 635 4452 eorum
656 4401 777 4468 tentum,
800 4395 851 4470 qui
871 4394 1024 4454 veritatem
1046 4393 1103 4453 Dei
1123 4393 1180 4454 sibi
1201 4394 1337 4472 oblatam,
1359 4396 1449 4456 etde

236 4488 294 4544 qua
308 4469 483 4532 sufficienter
496 4471 623 4531 convicti
637 4481 705 4533 sunt
719 4472 797 4550 apud
818 4493 857 4550 se,
874 4473 923 4533 vel
943 4473 1094 4551 tyrannice
1113 4483 1147 4534 ut
1167 4474 1313 4550 Julianus,
1328 4476 1378 4535 vel
1398 4495 1446 4536 so-

235 4547 358 4622 phistice
372 4559 405 4610 ut
414 4551 601 4628 Porphyrius,
617 4571 655 4611 ex
670 4552 737 4611 odio
751 4563 781 4612 et
795 4553 939 4614 destinata
953 4554 1064 4614 malitia
1073 4554 1209 4631 rejiciunt
1223 4564 1253 4614 et
1267 4575 1445 4634 persequun-

234 4632 290 4682 tur.
333 4626 416 4686 Lioet
429 4639 526 4688 autem
540 4639 650 4690 certum
665 4633 703 4690 sit
721 4632 753 4690 id
773 4633 917 4710 prreripue
939 4634 1083 4694 committi
1104 4635 1159 4694 sub
1181 4634 1353 4712 Evangelio,
1375 4636 1447 4712 quia

232 4701 320 4777 louge
334 4705 479 4780 copiosius
493 4709 591 4769 lumen
605 4710 726 4788 affulget
739 4713 915 4790 hominibus,
929 4715 1025 4792 potuit
1046 4723 1144 4774 tamen
1164 4713 1261 4774 locum
1281 4715 1368 4774 etiarn
1389 4715 1445 4776 ha·
