3250 5176
166 391 275 440 QUAEST·
291 369 347 452 lh]
660 397 698 437 us
713 399 853 440 sauciare.
1307 383 1365 438 503

166 541 210 592 ter
220 540 370 610 peccatum
386 536 521 611 parentia,
542 537 620 614 quod
636 539 774 598 Calvinus
788 541 894 617 optime
905 541 1038 619 explicat,
1052 541 1135 599 lusti.
1151 539 1201 599 lib,
1219 540 1258 597 iii.
1277 560 1301 597 c.
1317 543 1365 613 23,

169 631 192 672 a.
208 617 235 688 7,
252 615 271 646 “
287 613 347 672 Nec
361 613 438 672 enim
453 615 558 674 factum
574 627 618 676 est
631 619 807 694 naturaliter,
819 629 852 678 ut
867 641 966 680 omnes
980 641 997 678 a
1012 622 1103 678 salute
1114 620 1289 693 exciderent,
1302 621 1365 677 nui-

167 711 202 750 as
215 694 343 770 parentis
357 695 470 771 culpa.’'
504 697 542 754 Et
556 706 675 773 postca:
699 701 716 730 “
732 699 858 757 Cunctos
871 702 1007 759 mortales
1021 701 1050 756 in
1065 699 1150 758 unius
1164 699 1288 757 hominis
1302 719 1366 775 per-

167 789 238 831 sona
251 775 337 832 morti
351 783 465 834 aterne
479 769 657 853 mancipatos
671 775 759 836 fuisse
777 779 924 856 Scriptura
937 781 1051 838 clamat.
1075 779 1139 836 llcc
1154 799 1242 855 quum
1257 787 1365 837 naturae

166 852 293 913 adscribi
307 863 438 932 nequeat,
454 855 491 912 ab
505 855 668 915 admirabili
684 858 738 915 Dei
753 859 874 917 consilio
887 859 1046 937 proiectum
1062 877 1125 916 esse
1139 859 1246 915 nemini
1260 859 1364 918 obscu-

165 949 228 990 rum
243 935 315 992 est.''
339 934 471 992 Ibidem:
495 937 512 966 ‘⁴
528 935 636 994 Itanum
651 952 757 1013 quaero,
780 938 856 996 uude
873 939 980 998 facturn
1001 947 1054 1014 est,
1069 947 1102 996 ut
1122 945 1166 996 tot
1186 945 1287 1013 gentes
1307 957 1366 996 una

163 1031 229 1070 cum
242 1013 342 1072 liberis
356 1031 455 1072 eorum
469 1013 626 1074 infantibus
640 1025 754 1075 asemas
767 1019 853 1076 morti
867 1019 1031 1077 involveret
1051 1019 1151 1095 lapsus
1165 1017 1241 1074 Adae
1254 1018 1364 1094 absque

163 1093 299 1167 remedio,
315 1093 372 1151 nisi
385 1093 454 1170 quia
469 1091 531 1151 Deo
545 1095 586 1152 ita
600 1095 694 1154 visum
708 1101 777 1155 est?
801 1098 859 1156 Hic
874 1099 1071 1157 obmutescere
1086 1105 1199 1174 oportet
1213 1105 1270 1154 tam
1286 1097 1364 1154 dica·

164 1191 212 1228 ces
233 1171 342 1248 alioqui
363 1173 487 1248 linguas.
526 1173 679 1234 Decretum
699 1177 816 1253 quidem
837 1178 976 1236 horribile
1000 1178 1099 1252 fateor,
1125 1175 1246 1234 inficiari
1266 1185 1364 1234 tamen

162 1269 247 1308 nemo
270 1259 375 1328 potest,
390 1251 460 1330 quin
481 1254 657 1329 praesciverit
679 1256 759 1314 Deus
773 1275 859 1333 quern
880 1259 990 1317 exitum
1011 1257 1163 1316 habiturus
1184 1264 1261 1315 esset
1276 1256 1363 1314 homo

161 1337 317 1436 anteqpam
330 1332 425 1408 ipsum
442 1331 585 1408 conderet,
602 1343 631 1393 et
650 1335 715 1394 ideo
735 1337 921 1414 praesciverit,
941 1337 1010 1413 quia
1028 1337 1144 1396 decreto
1163 1355 1216 1394 suo
1230 1336 1272 1394 sic
1286 1335 1362 1393 ordi-

163 1412 274 1468 narat’
873 1433 876 1440 ·

202 1489 316 1547 XXII.
327 1489 411 1564 Quod
424 1500 519 1550 autem
534 1494 657 1570 privatio
668 1495 789 1571 justitiae
801 1495 958 1572 originalis,
971 1504 1000 1554 et
1014 1496 1095 1554 labes
1108 1494 1290 1552 haereditaria
1303 1513 1361 1552 nou

161 1575 273 1628 tantum
298 1579 448 1646 peccatum
477 1572 522 1647 sit,
549 1574 602 1631 sed
623 1573 709 1632 etiam
734 1593 827 1652 pocuae
851 1575 991 1634 rationem
1012 1576 1126 1648 habeat,
1150 1573 1256 1632 exinde
1276 1573 1361 1631 facile

163 1647 318 1726 colligitur.
362 1653 388 1708 1.
404 1649 478 1725 Quia
493 1651 612 1711 inflictio
626 1654 695 1711 mali
709 1653 828 1712 maximi
843 1662 904 1712 tum
918 1654 1015 1712 damni
1030 1663 1091 1712 tum
1115 1671 1216 1712 sensus
1238 1671 1296 1710 non
1310 1673 1360 1728 po·

163 1736 221 1786 test
234 1747 292 1787 nou
307 1747 369 1788 esse
378 1749 471 1807 poene
480 1731 626 1809 irrogatio.
662 1733 705 1791 At
715 1753 767 1811 per
776 1734 861 1792 istam
872 1735 1109 1812 propagationem
1120 1731 1261 1810 infligitur
1268 1733 1360 1790 maxi-

163 1825 243 1866 mum
257 1812 362 1866 malton
376 1818 521 1886 creatrrae,
537 1822 599 1870 tum
614 1814 713 1871 wenni
723 1833 775 1892 per
788 1812 979 1889 privationem
997 1814 1119 1890 justitia
1134 1821 1163 1872 et
1183 1813 1252 1870 boni
1266 1812 1360 1871 inesse

163 1885 263 1961 debiti,
273 1896 304 1946 et
317 1891 525 1966 separationem
535 1911 552 1950 a
562 1893 633 1968 Deo,
644 1899 706 1952 tum
719 1911 814 1950 aerata
827 1911 879 1968 per
889 1891 1123 1970 depravationem
1137 1892 1227 1951 totius
1241 1899 1360 1967 saure,

162 1973 193 2023 et
219 1965 390 2026 horrendam
418 1970 585 2029 facultatum
613 1973 738 2030 homiuis
764 1975 877 2044 draptes.
919 1977 947 2030 2.
974 1973 1048 2048 Quia
1075 1971 1196 2030 eandam
1219 1969 1361 2029 rationem

160 2053 315 2124 utrumqne
334 2047 390 2106 hoc
411 2049 518 2108 malum
539 2051 569 2108 in
590 2051 674 2110 nobis
695 2051 821 2128 sortitur,
837 2071 923 2135 quam
943 2051 1045 2110 habuit
1068 2051 1098 2109 in
1124 2051 1248 2126 Adamo,
1272 2049 1361 2126 siqui-

161 2123 228 2183 dem
256 2127 293 2184 ab
320 2147 355 2186 eo
389 2128 419 2185 in
442 2149 496 2188 nos
520 2129 675 2206 derivatur,
696 2139 833 2208 tanquam
860 2133 923 2209 ejus
947 2131 1086 2190 haeredes.
1128 2131 1171 2189 At
1193 2129 1296 2188 habuit
1315 2149 1359 2186 ra·

161 2204 270 2264 tionem
293 2225 386 2284 poenae
410 2209 440 2265 in
456 2207 579 2284 Adamo,
602 2209 744 2288 siquidem
761 2211 815 2270 fuit
831 2229 908 2270 mors
928 2211 1092 2289 spiritualis,
1119 2229 1183 2288 quse
1204 2229 1222 2266 a
1241 2217 1360 2285 peccato

159 2283 225 2359 ejus
238 2287 344 2344 actuali
357 2286 443 2346 fluxit
456 2308 494 2346 ex
508 2290 739 2349 interminatione
754 2292 819 2350 Dei.
862 2291 923 2349 Nec
944 2291 1040 2349 obstat
1061 2289 1140 2367 quod
1158 2289 1284 2366 privatio
1304 2288 1361 2346 ista

158 2362 281 2440 justitio
294 2376 427 2445 respectu
440 2368 566 2427 hominis
578 2369 720 2428 rationem
732 2371 821 2429 habat
836 2372 955 2447 peccati,
971 2369 1039 2447 quia
1052 2369 1149 2448 privat
1162 2389 1228 2428 eum
1242 2368 1359 2427 rectitu-

160 2441 227 2502 dine
242 2443 340 2504 debita
352 2447 464 2522 ineese3
486 2449 555 2526 quia
574 2467 632 2508 non
648 2449 754 2508 desinit
774 2451 880 2508 habere
900 2451 1041 2509 rationem
1055 2467 1148 2527 prenae
1169 2467 1187 2506 a
1206 2456 1288 2526 parte
1302 2447 1359 2506 Dei

161 2521 241 2580 illam
255 2525 415 2585 ordinantis
435 2527 473 2586 ad
486 2527 624 2588 damnum
639 2537 776 2589 creaturae
790 2539 907 2608 propter
927 2539 1084 2608 peccatum,
1102 2529 1126 2588 si
1140 2548 1199 2586 non
1212 2527 1359 2605 proprium

159 2608 189 2660 et
202 2606 361 2680 personale,
377 2614 407 2664 at
420 2605 567 2682 publicum
581 2617 611 2668 et
625 2627 790 2670 commune:
806 2611 849 2669 Ut
862 2610 1015 2686 induratio,
1030 2629 1095 2686 que
1109 2629 1126 2666 a
1140 2615 1221 2686 parte
1234 2606 1360 2666 hominis

159 2680 285 2757 seipsum
299 2684 461 2744 indurantis
474 2697 624 2762 peceatum
638 2698 690 2766 est,
713 2709 730 2748 a
750 2699 831 2768 parte
847 2690 903 2749 Dei
922 2690 1067 2748 hominem
1088 2687 1259 2762 indurantis,
1274 2706 1360 2764 poena

159 2768 203 2818 est
218 2762 402 2837 gravissima3
426 2773 579 2842 utrumque
594 2776 690 2827 autem
705 2770 791 2828 simul
805 2769 961 2828 subsistere
974 2787 1059 2847 posse
1073 2767 1148 2826 infra
1160 2766 1337 2844 probabitur.

199 2837 330 2897 XXIII.
346 2843 374 2898 5.
389 2841 464 2916 Quia
478 2843 574 2902 Adam
590 2845 644 2905 fuit
658 2848 752 2924 stirps,
765 2847 857 2920 radix,
870 2857 899 2906 et
913 2849 1006 2925 Caput
1022 2847 1144 2907 Generis
1158 2845 1285 2919 humaui,
1300 2865 1359 2904 nou

157 2925 270 2976 tantum
284 2919 315 2975 in
335 2939 416 2978 reue
432 2923 557 3000 physico,
573 2933 602 2982 et
621 2927 731 2984 ratione
744 2926 879 3000 scrutanti,
896 2927 946 2984 sed
961 2928 1115 2998 moraliter,
1131 2935 1160 2982 et
1174 2927 1204 2982 in
1218 2943 1299 2981 aenas
1312 2944 1357 2981 re·

154 2998 361 3075 praesentaneo,
377 3001 426 3077 qui
440 3021 493 3077 pro
510 3021 541 3061 ee
562 3009 591 3061 et
604 3004 727 3079 posteris
742 3005 802 3062 suis
818 3004 912 3063 faedus
932 3005 1090 3082 pepigerat,
1106 3013 1239 3080 utsupra
1251 3003 1356 3076 visum,

159 3077 209 3152 qui
223 3078 343 3154 proinde
357 3089 390 3138 ut
403 3097 456 3158 pro
471 3101 501 3140 se
515 3089 545 3140 et
559 3083 619 3142 suis
633 3083 709 3140 dona
723 3103 787 3160 quae
801 3084 926 3142 habebat
940 3093 1097 3160 acceperat,
1113 3079 1154 3140 ita
1170 3081 1226 3140 sibi
1241 3081 1358 3156 suisque

156 3173 191 3214 ea
204 3158 314 3232 amisit;
336 3159 512 3238 Principiata
526 3162 602 3219 cuim
616 3162 646 3219 in
667 3161 816 3238 principiis
836 3164 983 3236 contineri,
999 3171 1029 3220 et
1049 3179 1149 3220 eorum
1163 3158 1357 3218 conditionem

157 3235 261 3296 referre
276 3247 397 3299 constat.
440 3241 479 3298 Et
493 3241 567 3299 sieut
582 3241 714 3300 Adamas
728 3241 796 3299 vitae
815 3241 1008 3300 conditionem
1022 3249 1051 3300 et
1064 3240 1283 3319 promissionem
1298 3257 1357 3296 uon

155 3314 212 3373 sibi
225 3325 346 3395 mutum,
362 3319 414 3378 scd
428 3320 514 3379 etiam
529 3321 589 3379 suis
603 3321 725 3398 posteris
739 3329 895 3397 acceperat,
912 3321 937 3378 si
953 3329 1058 3379 starett
1082 3321 1128 3379 Ita
1141 3318 1242 3378 debuit
1254 3317 1356 3378 mortis

156 3403 266 3454 reatum
282 3417 333 3456 suo
352 3399 444 3477 lapsu,
460 3420 519 3458 non
540 3400 595 3458 sibi
609 3409 729 3475 tantmn,
746 3401 798 3458 sed
817 3400 904 3458 etiarn
926 3401 986 3459 suis
1006 3400 1140 3459 omnibus
1158 3397 1355 3457 contraxisse:

157 3472 230 3531 Nam
245 3476 283 3534 ad
302 3497 388 3554 quem
402 3479 546 3556 pertinent
560 3479 718 3555 commoda,
741 3479 777 3537 ad
800 3479 880 3537 illnm
895 3499 1010 3556 quoque
1024 3497 1111 3539 onera
1131 3488 1161 3538 et
1173 3477 1356 3537 incommoda

156 3553 298 3628 pertinere
312 3559 507 3635 equissimum
521 3567 574 3618 est.

198 3631 323 3695 XXIV.
346 3641 373 3697 6.
390 3639 503 3715 Negata
517 3639 705 3716 imputatione
719 3639 831 3716 peccati
842 3633 958 3714 Adami,
979 3657 1037 3696 non
1050 3657 1151 3716 parum
1164 3638 1355 3696 labefactatur

154 3711 305 3790 imputatio
315 3717 438 3793 justitiae
453 3717 569 3792 Christi,
584 3738 649 3797 quae
664 3739 701 3777 ex
715 3719 838 3777 adverso
853 3719 908 3792 sibi
929 3718 1111 3795 respondent,
1123 3727 1153 3776 et
1166 3717 1273 3793 quibus
1285 3716 1353 3773 niti-

152 3797 200 3849 tur
213 3796 299 3869 praeci
319 3815 357 3854 ua
370 3815 437 3874 pars
451 3797 611 3873 antithesis,
621 3817 708 3875 quam
723 3799 832 3857 Paulus
845 3799 970 3857 instituit
982 3799 1058 3856 inter
1068 3797 1215 3854 Adamum
1229 3795 1354 3872 primurn

154 3879 184 3928 et
198 3889 286 3931 moun
308 3893 375 3950 um;
397 3893 462 3934 cum
476 3877 631 3936 facillimus
645 3878 683 3937 sit
696 3879 795 3954 lapsus
809 3896 826 3935 a
840 3877 943 3954 prioris
957 3877 1118 3954 negatione,
1134 3875 1171 3934 ad
1185 3875 1353 3951 posterioris

153 3949 367 4012 inficiationem.
403 3953 489 4015 Unde
503 3973 587 4014 nemo
602 3963 646 4016 est
659 3977 697 4015 ex
711 3957 862 4031 haereticis,
877 3957 927 4034 qui
946 3956 1163 4034 imputationem
1177 3953 1289 4032 peccati
1302 3973 1352 4011 ne·

152 4039 266 4107 gerunt,
283 4033 332 4110 qui
354 4051 413 4091 non
427 4035 527 4094 eadem
551 4038 661 4096 ratione
675 4037 893 4114 imputationem
910 4036 1032 4114 justitiae
1048 4035 1154 4094 Christi
1168 4034 1351 4112 oppugnarit,

151 4119 184 4168 ut
198 4111 292 4171 visum
306 4114 336 4171 in
353 4113 526 4192 Pelagianis,
544 4116 713 4191 Socinianis,
730 4116 917 4175 Arminianis.
954 4115 1032 4174 Hinc
1045 4115 1079 4174 fit
1092 4123 1125 4173 ut
1137 4115 1271 4188 rationes,
1288 4113 1352 4189 qui·

151 4189 206 4248 hus
219 4191 372 4269 imputatio
385 4196 496 4270 peccati
519 4193 594 4254 Adae
608 4205 799 4274 oppugnatur,
821 4215 880 4254 non
894 4195 989 4254 minus
1003 4195 1162 4272 retorqueri
1175 4194 1288 4271 possint
1301 4193 1352 4251 ad·

151 4284 254 4328 versus
267 4273 484 4349 imputationem
503 4275 624 4351 justitie
640 4275 755 4349 Christi,
771 4283 800 4333 et
820 4275 878 4333 ille
899 4275 1004 4352 quibua
1024 4274 1183 4334 adstnritur
1200 4271 1353 4350 imputatio

154 4345 268 4422 Christi,
284 4351 390 4410 faciant
410 4355 496 4411 etiam
518 4355 555 4414 ad
569 4354 752 4413 asserendam
773 4354 991 4432 imputationem
1005 4355 1115 4431 pcccati
1131 4351 1247 4411 Adami.
1289 4351 1351 4409 Nec

153 4425 333 4503 obstatquod
342 4430 492 4507 imputatio
500 4433 622 4508 justitiae
628 4431 735 4492 Christi
744 4434 782 4492 sit
792 4453 830 4491 ex
839 4433 940 4511 gratia,
953 4433 1103 4512 imputatio
1113 4449 1184 4490 vero
1193 4430 1304 4507 peccati
1313 4448 1351 4487 ex

146 4505 270 4581 justitia,
281 4509 374 4584 possit
392 4517 486 4567 autern
502 4512 596 4588 gratia
608 4513 734 4572 tribuere
743 4513 826 4572 alteri
840 4513 871 4572 id
884 4512 962 4592 quod
977 4513 1004 4572 ei
1017 4531 1074 4571 non
1083 4511 1212 4584 debetur,
1228 4509 1351 4570 iustitia

151 4603 210 4644 non
224 4587 400 4664 possitquia
413 4589 506 4664 gratia
516 4590 567 4648 dat
576 4591 745 4651 beneficium
760 4591 931 4670 immerenti,
943 4593 1065 4654 Iustitia
1078 4607 1192 4668 poenam
1206 4607 1264 4646 non
1279 4589 1349 4648 irro-

151 4675 202 4744 gat
222 4666 278 4726 nisi
292 4667 422 4727 merenti.
446 4667 519 4728 Nam
534 4670 567 4736 ln¹
579 4668 765 4748 imputatione
778 4672 891 4749 peceati
905 4669 988 4748 sida,
1000 4671 1122 4733 Justitia
1137 4669 1193 4728 Dei
1206 4685 1264 4729 uon
1278 4668 1349 4726 irro-
