3250 5176
166 383 280 434 cussa.
295 364 364 448 mn]
674 382 714 424 na
728 382 870 426 recurro.
1318 373 1354 430 57
1358 349 1377 431 c‘

168 527 210 587 Ut
223 547 293 606 crgo
307 534 374 586 anta
388 527 502 605 lapsum
516 525 610 586 voluit
628 524 709 586 Deus
729 525 883 604 propagari
904 535 1037 587 naturam
1058 527 1219 608 integram
1243 530 1291 589 Ita
1309 539 1378 609 post

166 608 280 686 lapsum
293 615 427 668 naturam
442 615 614 684 corruptam,
629 607 659 666 in
673 625 788 684 posnam
803 607 924 684 peccati.

216 688 277 748 111.
310 689 358 748 Sic
384 689 539 748 Peccatum
563 686 677 766 proprie
704 706 759 746 nec
786 686 818 744 in
845 687 970 746 animam
995 707 1051 747 nec
1074 689 1105 747 in
1128 709 1233 768 corpus
1257 691 1378 750 seorsim

167 777 289 848 sumpta,
307 768 359 828 scd
373 769 402 827 in
416 769 562 828 hominem
577 775 762 846 propagatur,
777 767 846 844 quia
859 787 913 826 nac
933 768 1029 826 anima
1041 787 1096 827 nec
1117 789 1224 848 corpus
1246 772 1375 850 seorsim,

167 849 220 908 sed
232 849 320 908 bomo
334 849 364 908 in
379 848 495 908 Adamo
508 849 641 926 peccavit
659 855 745 925 prout
766 847 874 925 inipso
893 848 1024 925 potentia
1044 847 1108 926 luit,
1130 869 1250 928 corpore
1266 852 1378 912 ratione

168 929 346 1006 substantiae,
362 931 459 988 animo
471 929 582 988 ratione
597 927 801 988 subsistentia,

166 1053 171 1062 .
208 1010 264 1068 IV.
287 1010 349 1068 Ncc
363 1010 459 1069 obstat
473 1008 552 1086 quod
571 1008 719 1086 generatio
741 1007 882 1068 naturalis
902 1027 961 1066 non
974 1007 1091 1068 videtur
1111 1029 1197 1087 posse
1217 1031 1379 1090 propagare

168 1089 243 1148 illud
256 1089 336 1167 quod
356 1099 400 1148 est
413 1089 530 1148 morale.
573 1089 647 1148 Nam
662 1088 743 1148 labes
762 1089 819 1148 ista
836 1088 1020 1148 hereditaria
1034 1089 1076 1150 ita
1088 1098 1134 1149 est
1148 1093 1266 1151 moralis
1280 1093 1377 1170 objec-

168 1170 238 1244 tiva,
253 1179 286 1229 ut
299 1189 358 1228 non
372 1169 485 1230 desinat
505 1188 568 1228 esse
589 1169 729 1230 naturalis
743 1169 929 1246 originaliter,
951 1169 1019 1247 quia
1040 1179 1084 1228 cst
1107 1170 1260 1231 individua
1282 1191 1379 1232 comes

169 1257 279 1308 natura
304 1257 462 1327 corruptae3
493 1249 534 1309 Ut
554 1249 669 1326 justitia
693 1250 841 1327 originalis
863 1268 929 1326 qum
952 1250 1070 1309 moralis
1094 1261 1164 1326 crat,
1190 1253 1378 1330 propaganda

169 1338 266 1388 tamen
280 1329 336 1390 fuit
353 1350 404 1407 per
417 1330 631 1406 generationem
645 1329 814 1405 naturalem,
830 1330 855 1388 si
868 1330 955 1388 bomo
969 1330 1143 1408 perstitisset
1157 1331 1187 1388 in
1202 1333 1377 1410 integritate.

209 1411 247 1469 V.
271 1410 354 1468 Licet
368 1429 436 1470 vero
450 1409 553 1468 modus
571 1411 626 1470 iste
647 1410 865 1487 propagationis
879 1411 1023 1488 genemis
1037 1410 1158 1469 evidens
1173 1412 1219 1485 sit,
1235 1421 1264 1470 et
1285 1413 1378 1490 possit

168 1489 298 1549 sufficere
316 1490 354 1548 ad
368 1490 518 1549 veritatem
535 1489 724 1550 traductionis
738 1490 848 1568 peccati
860 1489 1078 1566 adstruendam
1096 1487 1197 1569 (Unde
1206 1511 1272 1550 cum
1281 1491 1302 1552 J
1304 1492 1377 1550 ulia-

168 1589 223 1629 nus
238 1577 348 1647 petcret
362 1589 414 1647 per
427 1591 499 1648 quas
514 1570 600 1629 umas
614 1579 764 1647 peccatum
776 1577 853 1629 esset
865 1569 1038 1646 ingressum,
1051 1570 1193 1647 siquidem
1204 1591 1262 1629 non
1276 1576 1378 1649 peccat

168 1650 218 1710 ille
232 1651 283 1728 qui
296 1651 432 1727 nascitur,
447 1671 505 1710 non
520 1659 621 1728 peccat
634 1651 683 1709 ille
697 1650 748 1727 qui
762 1651 871 1728 genuit,
893 1669 953 1709 non
972 1659 1073 1728 peccat
1087 1651 1138 1728 qui
1158 1651 1296 1726 condidit,
1313 1653 1377 1711 An-

169 1731 303 1808 gustinus
316 1729 479 1808 respondet,
491 1731 542 1789 lib.
554 1730 583 1789 ii.
596 1729 632 1789 dc
646 1751 714 1807 nup.
727 1738 756 1790 et
769 1749 851 1790 conc.
863 1749 925 1808 cap.
937 1731 985 1806 28,
1003 1731 1108 1806 “Quid
1121 1732 1225 1808 quaerit
1239 1732 1377 1792 latentem

168 1811 279 1886 rimam,
295 1831 361 1870 cnm
384 1811 490 1870 habeat
510 1819 656 1889 patentem
674 1812 818 1888 januam?
859 1811 916 1869 Par
929 1829 1019 1870 unum
1032 1811 1187 1886 hominem,
1204 1807 1258 1870 dno.
1301 1811 1378 1887 Quid

168 1892 272 1968 querit
283 1891 414 1969 amplius,
421 1891 492 1969 quid
500 1891 604 1969 quaerit
614 1892 748 1968 apertius,
756 1891 828 1970 quid
836 1891 940 1968 quaerit
949 1890 1121 1950 inculcatius
1127 1890 1174 2028 Pp
1198 1892 1378 1968 Quiatamen

169 1971 411 2031 Adversariorum
422 1971 624 2050 importunitas
635 1971 752 2030 modum
763 1972 851 2030 istum
861 1979 998 2048 tanquam
1010 1971 1159 2048 impossibi
1172 1991 1218 2030 cm
1229 1972 1378 2050 exagitare

168 2051 251 2127 solet,
267 2052 335 2129 quia
352 2071 407 2111 nec
427 2073 479 2130 per
503 2052 627 2112 animam
642 2053 764 2112 transire
784 2059 881 2130 potest
900 2059 1059 2128 peccatum,
1075 2069 1140 2128 quae
1154 2069 1172 2108 a
1186 2052 1250 2112 Deo
1264 2061 1379 2112 creatur

167 2141 198 2192 et
212 2151 229 2190 a
243 2152 361 2210 corpore
375 2151 433 2191 non
447 2132 578 2208 trahitur,
594 2153 648 2192 nec
662 2151 714 2210 per
734 2152 838 2210 corpus
852 2131 932 2209 quod
945 2141 990 2190 est
999 2131 1117 2190 brutum
1131 2139 1161 2190 ct
1172 2131 1298 2208 incapax
1311 2151 1377 2209 pec*

167 2213 245 2286 cati3
267 2213 427 2272 Videamus
442 2212 512 2290 quid
526 2213 574 2271 bic
588 2211 743 2291 specialius
753 2211 812 2272 dici
825 2213 918 2290 possit
928 2212 966 2270 ad
979 2211 1088 2271 nodum
1103 2211 1191 2271 istum
1202 2231 1288 2290 quem
1299 2209 1378 2272 inso-

167 2290 288 2352 lubilem
301 2301 405 2370 putant
414 2292 600 2370 solvendum.

210 2371 265 2430 VI.
283 2373 407 2448 Quidam
421 2393 479 2432 non
493 2373 597 2432 melius
610 2392 695 2451 posse
706 2372 836 2450 expediri
848 2371 1046 2432 difficultatem
1057 2371 1188 2432 arbitrati
1202 2379 1277 2448 sunt,
1290 2391 1377 2450 quam

168 2471 220 2529 per
233 2453 335 2512 animae
350 2453 506 2530 traducem,
523 2473 609 2531 quam
630 2473 690 2512 non
710 2453 796 2531 pauci
817 2473 856 2512 ex
870 2452 1026 2513 Veteribus
1048 2451 1240 2530 crediderunt,
1263 2459 1294 2512 et
1315 2452 1377 2530 ipse

169 2531 353 2610 Augustinus
367 2554 425 2593 non
440 2534 529 2594 semel
550 2553 585 2594 eo
605 2533 783 2612 propendere
796 2533 921 2594 ridetur.
964 2533 1025 2592 Nec
1040 2533 1160 2592 dubium
1175 2543 1219 2592 ost
1233 2534 1304 2612 quin
1322 2535 1378 2592 bac

168 2613 279 2672 ratione
293 2614 387 2673 omnis
401 2615 515 2676 sublata
525 2614 672 2676 videretur
682 2613 836 2674 difficultas
845 2635 853 2691 ς
875 2613 927 2674 sad
940 2614 1017 2691 quia,
1029 2621 1063 2672 ut
1074 2631 1161 2691 snpra
1172 2612 1308 2689 diximus,
1323 2633 1378 2674 nec

170 2692 334 2770 Scripturas,
350 2714 403 2752 nec
415 2713 491 2753 sana
502 2695 607 2753 rationi
620 2695 763 2754 sententia
776 2695 828 2753 illa
838 2695 982 2771 convenit,
994 2702 1024 2753 ct
1033 2693 1148 2772 magnis
1158 2693 1377 2754 difficultatibus

169 2781 217 2830 est
230 2772 365 2847 obnoxia,
380 2791 439 2830 nou
453 2783 588 2850 putamus
601 2793 636 2834 eo
649 2774 862 2834 deveniendum
876 2794 949 2834 esse.
1376 2809 1380 2842 ;

209 2851 284 2910 VII.
296 2850 367 2927 Alii,
379 2861 412 2910 ut
423 2853 604 2914 Lambardus
615 2863 645 2913 et
657 2855 788 2931 plerique
804 2852 984 2930 Scholastici,
1000 2861 1131 2913 statuunt
1144 2854 1269 2913 animam
1284 2876 1301 2913 a
1315 2874 1376 2913 cor-

168 2951 239 3010 pore
253 2931 359 3006 vitiari,
374 2932 425 2990 lib.
439 2932 469 2992 ii.
486 2932 553 2992 dist.
564 2935 611 3008 31,
627 2953 729 3010 puram
743 2934 861 3009 quidem
875 2935 966 2992 creari
980 2953 998 2991 a
1012 2933 1084 3009 Dec,
1101 2933 1152 2992 sed
1166 2953 1184 2991 a
1198 2953 1316 3010 corpore
1330 2935 1378 2993 cni

168 3011 330 3072 infunditur
343 3020 462 3090 peccato
476 3011 630 3088 inquinari,
641 3020 674 3072 ut
684 3032 773 3089 quum
786 3013 883 3090 liquor
895 3033 985 3091 purus
999 3013 1029 3069 in
1040 3031 1093 3070 vas
1107 3013 1250 3089 impurum
1265 3005 1378 3074 infusus'

170 3092 346 3170 inquinatur.
390 3093 448 3152 Sed
463 3091 609 3169 Bellarm,
624 3092 676 3152 lib.
690 3093 730 3151 iv.
746 3091 782 3152 dc
795 3113 893 3170 pecca.
908 3111 971 3170 cap.
988 3095 1034 3166 la,
1050 3093 1126 3150 banc
1140 3093 1312 3152 sententiam
1323 3093 1378 3156 ima

169 3182 288 3250 pugnat,
311 3173 366 3232 hac
386 3173 568 3250 potissimum
581 3173 701 3248 ratione,
716 3172 795 3250 qnod
809 3172 933 3250 intelligi
947 3191 1006 3231 non
1023 3171 1124 3249 possit,
1140 3172 1285 3248 quomodo
1299 3193 1378 3249 caro,

169 3273 235 3330 quaa
249 3273 353 3330 corpus
367 3264 419 3326 est,
435 3253 561 3312 animam
581 3252 700 3327 inficiat,
715 3273 780 3330 quse
800 3252 918 3330 spiritus
932 3261 984 3311 ost.
1027 3253 1067 3310 Et
1087 3251 1235 3314 latendum
1249 3261 1302 3330 est,
1318 3273 1377 3316 non

169 3351 377 3411 usquequaque
391 3334 473 3394 illum
488 3332 662 3409 satisfacere,
677 3332 790 3392 sinihil
802 3333 924 3392 ulterius
938 3331 1062 3400 additur.
1237 3327 1241 3334 '

185 3455 260 3503 we,
310 3459 404 3504 ermen
473 3413 564 3473 VIII.
598 3413 640 3474 Ut
663 3433 733 3490 ergo
757 3413 875 3474 modum
902 3413 990 3472 istum
1017 3420 1164 3489 utcunque
1189 3413 1376 3491 explicemus,

215 3473 335 3574 malem
358 3492 412 3576 grai
432 3494 504 3554 Tres
524 3493 633 3572 gradus
647 3493 800 3553 statuimus
818 3493 903 3552 istius
920 3491 1146 3570 propagationis.
1170 3495 1195 3551 1.
1212 3493 1249 3551 ln
1263 3514 1376 3571 concep·

215 3575 415 3646 dmpmpagacic
435 3575 508 3636 aaa
521 3575 649 3651 corporcis
662 3593 700 3632 ex
714 3574 823 3634 semine
839 3573 997 3633 immundo.
1019 3577 1047 3632 2.
1071 3573 1106 3630 In
1121 3573 1261 3632 mentione
1274 3575 1378 3632 animos

187 3639 415 3749 Lffissffi'm
434 3655 585 3714 rationalis
599 3673 664 3714 cum
679 3654 806 3713 carentia
821 3655 944 3732 justitia
958 3653 1117 3732 originalis.
1139 3655 1167 3712 3.
1190 3654 1226 3711 In
1247 3655 1376 3712 mustita-

215 3763 247 3795 ex
263 3750 354 3796 amine
370 3750 416 3796 im·
436 3735 508 3794 tione
531 3736 612 3794 totius
635 3735 786 3811 compositi,
809 3754 860 3812 per
880 3735 1016 3793 unionem
1036 3733 1140 3792 animae
1161 3752 1227 3791 cum
1248 3753 1376 3811 corpore.

216 3808 313 3854 ΝΜΟ·
434 3815 550 3874 Primus
563 3823 608 3876 ast
621 3815 652 3872 in
663 3815 838 3890 conceptione
848 3814 976 3890 cmpom's
986 3833 1023 3872 cr
1031 3813 1134 3872 semine
1144 3813 1294 3889 immundo,
1310 3831 1377 3872 nam

171 3892 268 3970 qualis
281 3901 326 3951 cst
339 3894 467 3970 materia,
482 3895 550 3954 talis
571 3894 659 3953 debet
676 3914 740 3953 csse
760 3894 950 3970 materiatum,
969 3893 1040 3960 Qum
1053 3895 1116 3952 edet
1127 3895 1262 3952 mundum
1275 3913 1312 3952 aa
1325 3895 1376 3954 im-

171 3975 299 4032 mundo!
323 3973 392 4033 Job.
407 3974 468 4032 xiv.
484 3977 512 4033 4.
560 3975 647 4042 Quod
662 3975 788 4051 percitos
806 3983 847 4034 cst
864 3995 902 4034 cx
920 3994 1006 4034 ccrnc
1020 3993 1088 4032 carc
1102 3976 1164 4032 cat?
1188 3971 1276 4033 Joan.
1291 3973 1332 4032 iii.
1348 3977 1376 4034 6.

172 4055 255 4114 Licet
268 4063 365 4114 autem
379 4073 484 4132 corpus
503 4074 555 4132 per
574 4075 604 4114 se
625 4055 741 4114 nonsit
761 4055 923 4132 subjectum
944 4051 1051 4114 haud·
1070 4053 1190 4131 peccati,
1210 4061 1244 4112 ut
1265 4053 1379 4114 dicatur

169 4155 235 4196 essa
249 4135 280 4194 in
294 4155 329 4194 eo
342 4145 537 4209 mmmmm,
544 4136 710 4210 formaliter
720 4143 749 4195 ct
757 4138 883 4211 persancte
891 4161 903 4208 ;
923 4135 996 4193 nihil
1010 4135 1107 4194 obstat
1116 4141 1213 4194 tamen
1223 4133 1378 4212 quominus

171 4215 202 4273 in
216 4235 251 4274 co
265 4215 377 4277 dicatur
391 4235 455 4276 csse
469 4216 630 4290 inchoativa,
646 4215 811 4291 ιίἰῳοιὶιὶυο,
827 4224 857 4275 et
869 4216 1043 4291 mdcccb'tcr,
1058 4223 1197 4292 tanquam
1211 4215 1241 4272 in
1262 4215 1379 4292 propriu

171 4295 275 4352 anima
289 4295 444 4370 domicilio,
460 4315 529 4355 mox
543 4295 709 4355 incendam
729 4295 910 4372 hypostasim
924 4316 989 4354 cum
1003 4295 1099 4354 aniusa
1112 4295 1261 4354 coalituro.
1304 4295 1380 4370 Quia

172 4372 264 4432 lomes
285 4375 373 4451 hujus
395 4375 507 4452 peccati
527 4375 658 4434 hauritur
678 4375 709 4433 iu
728 4375 792 4452 ipsa
812 4376 1008 4452 conceptione,
1031 4383 1061 4435 et
1080 4373 1163 4434 foetni
1183 4373 1378 4434 mediantibus

172 4451 321 4528 spiritibus
335 4453 473 4524 vitalibus
492 4461 521 4512 et
534 4453 708 4516 animalibus
727 4453 909 4533 Imprimitur,
923 4463 957 4514 ut
969 4455 1053 4514 libari
1067 4474 1105 4514 ex
1123 4452 1291 4532 parentibus
1306 4454 1378 4512 bau-

172 4531 230 4592 rire
249 4531 351 4607 solent,
366 4551 426 4592 nou
439 4532 557 4610 quidem
570 4533 649 4610 ipsos
662 4535 778 4596 morbos
792 4543 867 4612 actu,
882 4542 916 4594 ut
933 4535 1092 4612 podagram
1105 4541 1136 4592 et
1154 4533 1306 4607 calculum,
1327 4533 1379 4592 scd

171 4631 271 4752 goram
286 4611 404 4689 semiue,
419 4621 449 4676 at
469 4611 673 4692 impressiones
686 4615 836 4696 quasdam,
851 4635 916 4696 qua
928 4623 997 4675 sunt
1016 4614 1159 4696 principia
1173 4611 1289 4676 illorum
1302 4631 1382 4678 mor*

193 4711 284 4754 orum.
1376 4713 1382 4744 ὲ
