3158 5180
678 379 769 424 nouus
784 377 928 430 cusanus.
1210 355 1341 464 [cursen.
1358 377 1409 418 xv.

661 601 856 678 Qumsrro
879 600 951 659 xv.

200 769 247 828 An
255 765 410 846 infidelitas,
421 766 466 824 ecl
473 762 662 840 semotas,
674 765 810 822 αᾱυενιιιι
820 760 1016 838 deomedum,
1026 766 1270 836 prmeppeoaoar
1280 767 1312 816 ut
1322 777 1411 818 ceusu

470 843 500 904 ic
513 843 747 920 Reprodatione!
767 842 842 920 Neg.
857 849 958 902 contra
972 839 1137 900 Rcmonstr.

241 1007 266 1067 1.
288 1003 416 1082 Quinctio
424 1005 488 1064 heac
497 1001 605 1082 pendet
619 1021 637 1062 a
649 1001 833 1082 praecedenti,
848 1010 879 1061 et
891 1000 960 1060 licet
973 1019 1012 1060 ex
1024 998 1062 1058 iis
1075 1018 1141 1076 quse
1154 996 1233 1057 dicta
1242 1005 1313 1058 sunt
1324 995 1410 1056 facile

200 1086 275 1148 solvi
288 1085 389 1164 possit,
404 1083 537 1163 quaedam
551 1091 648 1143 tamen
661 1081 781 1161 majoris
793 1080 995 1140 illustrationis
1008 1098 1078 1156 ergo
1092 1077 1226 1137 addenda
1240 1085 1319 1138 sumt.

202 1192 362 1238 lucraturus
400 1190 443 1236 du·
505 1164 548 1222 11.
568 1163 734 1244 Infidelitus,
748 1162 798 1222 vel
820 1159 1010 1235 incredulitas,
1033 1157 1091 1217 alia
1111 1165 1157 1217 est
1176 1156 1330 1234 maie,
1352 1157 1412 1216 alia

229 1252 294 1307 prex,
322 1249 443 1322 memus
464 1244 610 1322 madito.
653 1243 710 1302 Illa
723 1249 769 1302 est
788 1240 929 1302 naturalis
942 1239 1101 1300 oscitaret
1121 1237 1267 1315 corruptio
1281 1236 1411 1298 hominis

229 1312 255 1356 θ*
265 1311 392 1367 ⁸⁶q¹¹¹⁸¹²⁸·
461 1321 630 1403 peccatoris,
645 1343 703 1401 qua
723 1341 781 1381 non
802 1321 957 1400 capitose
977 1337 1079 1412 cepere
1095 1325 1192 1396 potest
1204 1337 1240 1378 es
1252 1337 1321 1394 quae
1341 1327 1411 1377 sunt

201 1405 266 1482 Dei,
284 1408 299 1463 l
316 1405 381 1464 Gor.
404 1403 434 1463 ii.
458 1408 504 1478 14,
520 1407 538 1462 2
554 1404 619 1464 Gor.
634 1403 675 1462 iii.
690 1405 718 1480 5,
733 1403 791 1462 ista
811 1409 857 1462 est
878 1399 1043 1460 voluntaria
1064 1397 1245 1458 contumacia
1266 1397 1412 1457 sdvmsus

201 1485 404 1562 Evangelium,
419 1503 485 1562 quae
498 1483 580 1559 illud,
596 1483 645 1542 vel
658 1503 717 1543 non
731 1480 860 1559 suscipit,
875 1480 924 1540 vel
938 1485 1104 1556 susceptum
1114 1477 1228 1555 rejicit:
1250 1477 1409 1537 Priorrur·

201 1587 251 1626 sus
265 1565 389 1642 spectari
402 1572 507 1641 potest,
522 1563 571 1622 vel
585 1563 682 1641 quoad
695 1563 832 1640 originem
845 1568 875 1620 et
894 1560 1035 1634 habitum,
1049 1565 1193 1636 quatenus
1212 1565 1258 1616 est
1280 1577 1410 1632 commu-

201 1647 247 1706 nis
261 1644 395 1706 omnibus
408 1643 583 1724 hominibus,
598 1643 649 1720 qui
662 1651 765 1702 nauus
783 1650 852 1701 sunt
864 1640 918 1699 filii
930 1639 991 1715 irre,
1008 1637 1083 1716 Eph.
1105 1637 1135 1696 ii.
1150 1640 1178 1712 3,
1193 1644 1224 1696 et
1238 1636 1280 1696 sic
1294 1647 1409 1696 antece·

200 1725 244 1786 dit
258 1723 552 1798 Praedestinationem,
567 1722 637 1800 quia
656 1743 710 1800 sup
748 1721 827 1782 uitur
846 1729 879 1781 ut
900 1718 1027 1779 conditio
1044 1719 1075 1776 in
1088 1716 1340 1796 praedestinand03
1361 1717 1411 1776 vel

201 1803 298 1884 quoad
311 1813 405 1864 mmm
418 1813 445 1864 ct
458 1803 629 1879 exercitium,
641 1823 681 1881 qu
732 1803 821 1862 estin
834 1800 966 1878 reprobis
975 1818 1035 1858 non
1044 1797 1163 1873 vocatis,
1175 1797 1226 1874 qui
1236 1797 1411 1857 deseruntur

201 1887 231 1944 in
245 1885 297 1944 illu
310 1885 506 1978 corruptione,
514 1892 544 1943 et
557 1883 599 1944 ita
612 1901 791 1960 consequens
805 1890 849 1941 ast
862 1878 1081 1972 reprobationis.
1124 1877 1271 1936 Posterior
1285 1885 1331 1970 est
1343 1897 1409 1954 pro-

463 1964 1411 2122 ttlffibtltptt‘l‘ttrluffiltffilt

464 2123 573 2184 hebent
586 2144 625 2183 ex
638 2143 678 2200 se,
693 2143 747 2183 nec
760 2122 866 2181 hebere
879 2126 1010 2198 possunt,
1026 2117 1078 2177 sed
1091 2117 1179 2176 etiam
1187 2117 1317 2194 penites,
1338 2137 1410 2194 quae

201 2213 287 2266 tenus
300 2204 426 2283 positive
439 2203 640 2264 incredulitate
655 2203 802 2264 Christum
814 2199 958 2279 rejiciunt,
974 2198 1023 2258 vel
1037 2197 1074 2258 ab
1087 2197 1152 2276 ejus
1165 2196 1222 2256 lida
1237 2195 1386 2257 deficiunt.

508 2283 568 2342 ΙΙΙ.
591 2283 658 2342 Non
672 2283 811 2360 quaeritur
824 2281 861 2340 de
880 2278 1051 2340 infidelitate
1071 2277 1205 2353 saturni,
1221 2285 1252 2337 et
1271 2277 1413 2356 negativa

232 2348 317 2396 Μ’
325 2347 408 2398 ΟΜ·
465 2360 562 2440 quoad
573 2362 723 2440 originem,
734 2362 785 2420 An
813 2367 1032 2439 rsesupponatur
1040 2357 1257 2436 Reprobstioni,
1267 2357 1326 2418 hoc
1333 2356 1412 2418 euim

283 2407 365 2451 ‘'⁰¹¹¹''
464 2441 542 2500 utro
563 2440 706 2502 frume:
740 2381 812 2500 eui
819 2438 856 2500 ue
877 2438 1047 2500 neeesse
1063 2437 1213 2516 sunum
1229 2447 1260 2498 e
1272 2437 1411 2531 pesve,

202 2017 331 2082 Negativs,
344 2023 369 2066 ot
381 2021 443 2080 posi·

297 2079 356 2127 tiva.

203 2543 268 2600 quse
281 2521 315 2580 fit
328 2540 380 2597 per
393 2521 536 2580 actualem
556 2519 787 2580 incredulitatem
808 2527 910 2579 contre
924 2518 1126 2597 Evangelium,
1141 2536 1229 2595 quam
1243 2516 1412 2577 Autumnus

202 2601 306 2660 volunt
320 2619 432 2678 semper
444 2598 492 2660 hic
506 2600 677 2678 precedere,
699 2607 733 2660 ut
746 2619 832 2660 nemo
852 2599 1030 2678 reprobetur,
1045 2597 1102 2658 nisi
1121 2597 1173 2675 qui
1195 2596 1376 2676 praevidetur
1395 2617 1414 2656 s

205 2681 267 2742 Deo
282 2689 314 2739 ut
327 2678 502 2756 incredulus,
516 2688 546 2739 et
554 2678 671 2758 quidem
678 2687 898 2757 perseveranter
907 2687 936 2740 et
946 2678 1089 2755 finaliter;
1112 2677 1161 2737 Sic
1170 2677 1413 2738 Remonstrsntcs

203 2761 361 2838 loquuntur
373 2759 405 2818 iu
418 2758 613 2820 declaratione
627 2759 778 2820 sententies
793 2779 853 2819 suc
866 2761 945 2819 circe
966 2761 993 2818 1.
1008 2758 1086 2818 Arti.
1099 2757 1141 2817 th.
1155 2759 1184 2834 8,
1201 2759 1220 2790 “
1232 2757 1413 2835 Reprobatio

204 2840 297 2900 avita
310 2848 417 2899 aeterna
430 2839 507 2899 facta
519 2849 572 2917 est,
589 2839 748 2900 secundum
762 2837 1021 2899 considerationem
1040 2836 1241 2898 antaccdsneae
1255 2837 1412 2897 infidelita·

203 2921 251 2996 tis,
267 2928 296 2980 et
309 2918 531 2998 perseverantie
546 2920 576 2979 in
590 2921 654 2980 ea.''

246 3001 302 3059 IV.
324 2999 390 3058 Non
404 3000 551 3078 quaeritur,
566 2999 617 3059 An
632 2999 669 3061 ab
683 2999 762 3060 omni
776 2999 935 3061 aeternitate
951 2999 1032 3060 Deus
1052 2995 1230 3077 praesciverit
1250 2996 1413 3075 praeteritos

205 3080 359 3140 morituros
372 3079 403 3138 in
417 3101 470 3140 sua
483 3079 662 3157 infidelitate,
676 3081 732 3140 hoc
751 3080 828 3140 cuim
850 3081 946 3139 Deum
970 3077 1142 3138 omniscium
1165 3077 1255 3137 latare
1278 3096 1340 3137 non
1361 3097 1412 3155 po

206 3171 280 3237 test3
305 3159 364 3222 Sed
377 3160 427 3220 An
440 3161 565 3239 praevisa
578 3161 629 3222 illa
642 3159 798 3220 infidelitas
811 3159 897 3220 fucrit
911 3178 998 3219 causa
1011 3178 1070 3218 nou
1083 3157 1241 3234 electionis,
1264 3177 1317 3217 sen
1338 3177 1412 3236 prse-

206 3240 367 3317 teritionis3
389 3241 468 3318 quod
481 3261 631 3319 negamus,
645 3240 714 3319 quis
725 3259 812 3301 nemo
825 3238 1000 3318 providetur
1013 3239 1044 3298 iu
1062 3236 1232 3299 infidelitate
1246 3247 1328 3298 certo
1350 3257 1412 3295 mo·

206 3321 322 3396 riturus,
332 3319 390 3378 nisi
399 3339 486 3398 quem
501 3321 582 3381 Deus
590 3321 620 3380 in
631 3319 822 3380 destinatione
835 3319 936 3397 gratiss
950 3317 1074 3378 efficacis
1087 3317 1204 3378 decreto
1217 3315 1413 3378 antecednneo

206 3397 373 3478 praeterivit
416 3399 544 3472 Quaestio
557 3419 627 3478 ergo
641 3409 696 3476 est,
710 3399 761 3458 An
774 3398 908 3477 praevisio
918 3397 1137 3473 incredulitatis,
1152 3416 1211 3456 non
1226 3396 1368 3458 naturalis
1382 3405 1413 3454 et

207 3476 365 3554 originalis,
381 3477 433 3535 sed
447 3478 577 3554 actualis,
593 3487 623 3538 et
635 3478 793 3557 aequisita,
808 3498 867 3537 nou
880 3476 1033 3556 negativa,
1059 3475 1111 3537 sed
1133 3477 1276 3555 positive,
1299 3477 1410 3552 Repro-

207 3555 353 3616 irationem
366 3555 519 3633 precedat,
534 3565 564 3617 et
578 3555 616 3616 sit
634 3557 698 3640 ejus
721 3577 817 3634 causa
832 3557 882 3616 An
895 3577 966 3617 vero
987 3563 1133 3636 sequatur.
1175 3555 1414 3616 Remoustrantes

208 3635 311 3696 volunt
323 3633 505 3713 precedere:
527 3636 589 3696 Nos
603 3657 672 3698 vero
687 3638 778 3716 sequi.
1402 3643 1405 3648 '

209 3750 370 3796 mmm,
400 3763 449 3796 non
508 3715 548 3776 V.
571 3717 710 3811 listiones
724 3727 801 3793 suut,
817 3720 844 3778 1.
859 3715 934 3792 Quin
947 3714 1199 3776 incredulitasista
1210 3713 1343 3793 sequitur
1356 3714 1415 3775 Re·

238 3808 448 3858 ⁸*
468 3796 972 3951 pessumsedere
991 3814 1055 3935 ι
1073 3794 1265 3949 ιιι
1282 3803 1415 3934 ιι

211 3952 295 4012 Matt
311 3953 351 4012 xi.
366 3955 414 4028 25,
430 3962 460 4014 et
473 3955 536 4015 xiii
553 3959 598 4032 ll,
616 3959 632 4014 1
648 3957 711 4016 Pet
726 3955 756 4016 ii.
772 3958 800 4016 8.
842 3954 917 4014 Nam
931 3954 957 4014 si
970 3975 1008 4014 ex
1020 3953 1215 4032 praeteritione
1238 3953 1296 4013 Dei
1317 3919 1414 4031 sequi3

209 4042 257 4091 tur
270 4031 419 4125 hominum
433 4033 577 4095 induratio
591 4045 621 4095 et
634 4035 815 4095 coutumacia
826 4033 968 4094 adversm
982 4033 1186 4111 Evangelium,
1206 4052 1358 4112 perperam
1372 4031 1416 4106 di-

208 4120 367 4250 milvii
379 4132 645 4286 &dissuebam
658 4201 790 4254 versatm
803 4193 880 4252 ciros
889 4191 1022 4252 homines
1034 4211 1127 4270 pares,
1143 4200 1173 4252 et
1186 4191 1338 4269 aequaliter
1352 4211 1416 4252 cor·

210 4277 310 4347 ruptos
324 4289 390 4329 cum
404 4270 512 4348 electus,
524 4293 612 4350 quum
628 4294 666 4332 ex
680 4273 780 4332 eadem
794 4292 890 4332 masse
908 4271 1028 4350 peccati,
1042 4271 1092 4330 ulii
1113 4272 1188 4332 fiunt
1208 4291 1281 4331 vasa
1304 4269 1344 4330 ad
1365 4271 1417 4330 dc·

209 4368 270 4423 cus,
285 4347 335 4406 ulii
349 4347 387 4407 ad
400 4349 535 4427 dedecus,
551 4353 599 4412 vel
612 4352 794 4412 destinentur
816 4351 855 4410 ad
877 4351 976 4428 vitum,
1000 4352 1048 4410 vel
1072 4351 1254 4412 destinantur
1276 4351 1315 4409 ad
1340 4369 1418 4410 mor·

207 4435 277 4561 ttem,
292 4427 371 4564 puod
385 4427 442 4521 dici
456 4449 513 4490 non
529 4439 635 4509 posset,
651 4431 676 4490 si
690 4431 772 4491 fieret
785 4450 823 4491 cx
837 4431 962 4509 praevisa
975 4429 1185 4506 incredulitate,
1200 4449 1267 4508 quc
1287 4429 1417 4508 prateri-

221 4523 246 4561 ιι
260 4523 292 4562 es
338 4526 369 4564 ro
389 4527 441 4567 na.

250 4526 337 4639 VII.p
345 4526 389 4642 3.Ρ
396 4585 471 4659 Quia
484 4587 526 4647 sic
541 4599 709 4666 sequeretur
722 4591 818 4650 nullos
831 4589 986 4668 reproberi,
1002 4589 1057 4649 uisi
1071 4589 1203 4648 infideles
1217 4597 1247 4646 et
1266 4595 1417 4648 contuma-

209 4677 257 4714 ces
271 4658 410 4721 adversus
425 4665 627 4744 Evangelium,
644 4669 675 4728 id
693 4679 737 4729 est
759 4669 856 4730 nullos
877 4690 962 4747 posse
985 4669 1115 4729 damnari
1139 4669 1195 4727 uisi
1220 4677 1341 4727 vocatos
1365 4677 1420 4745 pes·
