3152 5178
79 392 179 444 unser.
194 369 281 452 xm]
588 385 627 425 ou
642 385 814 428 susurrum.
1229 378 1287 435 137.

80 533 292 611 corruptionem
316 537 345 589 ct
364 528 395 586 in
416 525 538 603 Davide,
562 526 614 586 sed
633 527 800 605 imperfecte
820 527 917 588 locum
936 529 1047 608 habuit,
1070 531 1150 591 etin
1173 533 1291 594 Christo·

78 615 203 692 perfecte,
220 613 296 671 Act
313 611 342 669 ii.
358 611 406 686 29,
422 611 470 667 30.
511 607 595 666 Talia
608 616 676 668 sunt
689 609 839 668 innumera
855 609 1010 688 Scriptura
1024 613 1097 689 loca,
1113 633 1178 692 quae
1193 616 1290 676 varias

78 696 163 772 φίας
176 693 345 766 continent,
360 710 425 768 quse
439 707 539 748 omnes
553 689 691 766 coujunffi'
706 688 820 766 debent,
830 698 863 749 ut
870 691 987 767 plenum
998 692 1157 752 habeamus
1168 695 1286 755 Oraculi

78 769 598 928 tttmhtttltttlt
599 768 786 926 13:¹32
787 771 1017 928 stroth
1030 773 1150 913 ,tlt
1152 773 1287 915 illst

79 935 202 995 Ecclesia
216 933 362 1007 Judaica
386 931 424 990 ad
446 938 554 989 statum
577 930 739 1010 Grutise'iu
764 931 936 1008 Christiane,
952 932 990 991 ad
1004 942 1111 993 statum
1127 875 1235 995 Glorlls
1257 938 1287 996 in

76 1016 165 1074 colis:
188 1015 239 1073 Ita
260 1012 432 1086 Oreculum,
455 1010 496 1070 Is.
511 1009 552 1070 ix.
569 1012 595 1085 1,
617 1009 654 1070 de
675 1011 782 1089 populo
796 1013 962 1072 ambulante
975 1014 1006 1071 iu
1020 1015 1156 1091 tenebris,
1176 1025 1205 1076 et
1219 1037 1286 1076 cou-

78 1095 208 1172 spicieute
222 1112 368 1171 magorum
381 1093 477 1151 lucem
490 1090 583 1150 tribus
604 1091 743 1168 gradibus
763 1091 864 1151 debuit
884 1093 1006 1170 impleri,
1031 1096 1057 1154 Ι.
1072 1096 1103 1152 iu
1116 1096 1287 1157 liberatione

78 1175 267 1253 Babylonioa;
284 1178 316 1232 ⁴2.
332 1170 575 1251 inpraedieatioue
582 1171 769 1250 Euangeliou,
780 1173 886 1232 Matth.
896 1173 941 1249 iv;
957 1182 986 1233 et
1000 1177 1029 1234 3.
1039 1175 1287 1238 inresurrectione

77 1255 178 1330 ultima,
195 1275 257 1332 qua
271 1254 319 1312 illi
333 1254 385 1331 qui
399 1251 542 1312 sedebunt
555 1251 585 1309 in
599 1251 676 1311 valle
690 1252 799 1312 umbrae
813 1253 914 1312 mortis
928 1274 1063 1332 magnum
1077 1256 1172 1316 lucem
1186 1259 1287 1335 gloriae

79 1336 128 1394 Dei
140 1344 207 1396 sunt
221 1335 329 1394 visuri.
373 1333 456 1391 Idem
470 1332 502 1390 in
516 1331 648 1408 Oraculo,
661 1333 768 1392 Erech
782 1334 896 1393 xxxvii.
911 1332 948 1393 de
962 1336 1076 1394 ossibus
1090 1337 1175 1396 siccis
1189 1338 1286 1398 obser-

77 1417 133 1474 uari
144 1424 250 1493 potest,
267 1413 352 1493 quod
363 1415 425 1492 jam
439 1412 590 1490 impletum
604 1420 649 1472 est
663 1433 752 1490 quum
772 1414 896 1492 populus
910 1435 928 1472 a
941 1416 1109 1492 captivitate
1124 1417 1288 1479 tristissima

80 1495 231 1572 Babylonis
246 1495 336 1554 velut
350 1513 388 1552 ex
401 1493 514 1554 tumulo
528 1492 609 1566 exiit,
625 1513 653 1551 r.
672 1496 717 1569 12,
733 1494 869 1572 impletur
878 1495 1007 1572 quotidie
1028 1496 1058 1554 in
1078 1500 1287 1560 resurrectione

80 1577 218 1652 spirituali,
245 1575 328 1655 Eph.
353 1595 382 1632 v.
410 1577 456 1649 14,
486 1581 516 1632 et
542 1572 709 1650 implebitur
735 1574 860 1652 perfecte
887 1577 919 1634 in
945 1579 1154 1637 resurrectione
1174 1580 1285 1658 ultima,

81 1655 141 1715 doh.
154 1677 182 1715 v.
198 1658 247 1715 25.
769 1709 773 1714 .
1228 1689 1231 1694 ·
1285 1699 1288 1706 ,

116 1737 200 1795 XIV.
223 1735 309 1795 Loca
334 1733 417 1792 varia
437 1754 502 1812 quas
522 1731 681 1794 afferuntur
694 1753 712 1792 a
726 1735 887 1794 Pontifioiis
900 1735 938 1794 ad
951 1736 1129 1814 probandam
1150 1758 1287 1800 sensuum

81 1817 329 1893 multiplicitatem,
349 1815 439 1874 Hoset
455 1815 496 1873 xi.
514 1817 540 1890 l,
556 1831 622 1874 cum
644 1815 729 1876 Muto.
744 1815 774 1874 ii.
792 1817 846 1892 15,
862 1816 961 1874 Psulm
976 1818 1005 1876 ii.
1016 1822 1043 1893 7,
1060 1839 1125 1878 cum
1140 1819 1209 1879 Act.
1224 1823 1286 1881 xiii.

84 1898 162 1970 3332
178 1897 256 1956 Sam.
272 1895 328 1956 vii.
348 1897 394 1971 14,
411 1915 476 1956 oum
491 1894 569 1954 Heb.
583 1895 603 1954 i.
618 1905 647 1954 et
660 1915 689 1952 v.
700 1893 857 1954 ostendunt
870 1895 987 1972 quidem
1002 1897 1065 1955 dari
1079 1917 1194 1958 sensum
1209 1921 1286 1960 com·

82 1976 195 2052 positum
208 1997 248 2036 ex
261 1986 342 2054 typo
356 1984 387 2035 et
399 1975 539 2052 antitypo,
563 1975 670 2054 quique
691 1974 845 2051 impleatur
865 1975 954 2034 variis
975 1976 1121 2054 gradibus,
1143 1979 1236 2056 primo
1256 1982 1287 2038 iu

82 2066 151 2133 typo,
165 2057 294 2117 morundo
309 2057 345 2114 in
359 2056 490 2134 antitypo
498 2061 507 2132 ';
530 2055 582 2114 sed
595 2075 654 2114 non
668 2055 806 2115 evincunt
816 2055 879 2114 duri
892 2056 1082 2134 multiplicem
1096 2077 1212 2117 sensum
1226 2068 1288 2120 toto

84 2155 175 2275 301}ss
176 2138 467 2294 ‘mmmm
481 2217 530 2275 vel
543 2224 588 2276 est
601 2215 698 2291 Sacer,
721 2235 808 2293 quem
824 2183 950 2296 Spiritus
966 2217 996 2276 S.
1011 2235 1063 2296 per
1079 2217 1239 2297 Scriptores
1256 2205 1290 2280 S.'

85 2299 238 2431 {ml’lfflih
242 2308 274 2394 et
279 2319 342 2440 ppo
345 2298 546 2437 dproptereatein
554 2297 618 2375 ipsa
628 2297 776 2453 {cffimp
778 2297 930 2438 gundattur,
940 2317 998 2437 pop
1007 2299 1162 2439 p3ert4inpntb
1160 2301 1224 2440 locta
1232 2302 1255 2362 J
1256 2323 1286 2360 o-

86 2395 716 2536 1111111,’,1111111111
727 2399 931 2535 amithi,
942 2425 971 2518 et
980 2423 1047 2520 co?
1058 2426 1098 2518 ι’.
1110 2400 1205 2537 {sil
1214 2402 1286 2522 hl?

87 2537 156 2611 gorio
168 2538 289 2598 duarum
303 2559 434 2599 uxorum
448 2537 618 2597 Abrahami.
636 2542 651 2596 l
663 2537 742 2598 Petri
751 2538 791 2598 iii.
807 2543 854 2615 21,
865 2539 902 2600 dc
917 2539 1034 2600 Aroaet
1048 2541 1212 2618 Baptismo;
1228 2543 1286 2602 Vel

87 2625 124 2673 est
135 2619 357 2694 Ecclesobcticroe,
380 2619 462 2696 quis
478 2618 672 2696 Scriptoribus
694 2619 906 2680 Ecclesiastiois
920 2619 1081 2697 adhibetur,
1096 2622 1145 2680 uel
1158 2621 1285 2682 illustra·

88 2695 169 2772 tionis,
183 2701 231 2759 u‘ol
242 2698 452 2760 delectationis
462 2698 564 2776 gratia,
576 2698 655 2776 quod
665 2700 748 2758 Philo
755 2702 874 2760 Judmo
882 2700 992 2778 primus
1001 2703 1125 2762 tentavit
1133 2703 1163 2761 in
1172 2701 1286 2762 duobus

87 2773 157 2835 libris
169 2779 400 2858 Allcgoriarum,
416 2798 502 2857 quem
516 2779 608 2838 secuti
622 2788 690 2838 sunt
703 2781 825 2840 Veteres
839 2780 979 2856 nonnulli,
1003 2789 1032 2840 et
1049 2783 1183 2858 Oripence
1196 2783 1285 2861 inpri-

88 2855 141 2930 nis,
155 2859 203 2936 qui
214 2861 270 2920 hoc
285 2879 385 2940 genus
398 2859 641 2936 interpretationis
661 2879 721 2936 prce
742 2861 853 2920 ceteris
868 2869 984 2920 secutus
997 2871 1050 2936 est,
1066 2863 1116 2920 ubi
1131 2881 1206 2940 saepe
1227 2883 1286 2922 non

89 2937 169 2997 uouit
181 2941 318 3018 modum3
341 2939 419 2998 unde
434 2959 492 3019 non
505 2939 648 2998 immerito
668 2949 820 3018 propterea
840 2940 877 2999 ab
892 2941 993 2999 Hiero.
1008 2941 1226 3017 reprehenditur
1239 2963 1285 3020 ep.

89 3014 120 3072 ad
133 3015 247 3079 Avitum
261 3031 292 3082 et
318 3020 496 3094 Amabilem,
514 3019 648 3096 Origenes
668 3021 774 3096 inperii
785 3021 831 3078 aui
842 3021 975 3078 acumina
982 3029 1070 3097 putat
1082 3041 1139 3078 ease
1152 3024 1287 3080 Ecclesia

89 3094 268 3161 Surroermta.
316 3101 465 3160 Posterior
478 3100 533 3158 iste
555 3119 665 3173 seusus,
687 3101 756 3159 licet
775 3101 869 3176 possit
888 3099 983 3157 facere
1003 3099 1041 3157 ad
1055 3099 1284 3175 illustrationem,

88 3176 184 3236 nullum
196 3189 293 3242 tamen
308 3181 373 3239 vim
386 3180 475 3240 habet
487 3179 525 3238 ed
538 3180 753 3257 probationem
775 3179 845 3255 quia
864 3189 909 3238 est
928 3179 1213 3257 interpretamentum
1233 3181 1286 3240 hu·

91 3271 201 3334 monum,
216 3281 275 3320 uon
284 3261 429 3336 divinum,
442 3259 521 3338 quod
534 3259 723 3337 probabiliter
731 3259 860 3334 suadem,
871 3259 924 3318 sed
932 3259 991 3316 non
998 3258 1171 3336 persuadere
1181 3269 1285 3337 potest.

92 3332 142 3393 Sed
153 3339 226 3414 prior
238 3343 300 3401 viru
316 3340 406 3400 hsbet
419 3339 560 3418 probandi
573 3339 642 3400 fidei
655 3339 801 3418 dogmata,
825 3340 894 3418 quia
916 3339 1066 3399 authorem
1084 3339 1172 3400 habet
1196 3341 1285 3419 Spiri-

90 3419 143 3472 tum
165 3419 193 3478 S.
214 3429 301 3499 atque
324 3420 397 3480 adeo
419 3421 455 3479 de
476 3420 569 3498 ipsius
590 3428 635 3479 est
659 3419 827 3480 intentione.
870 3419 954 3496 Quod
976 3440 1046 3498 ergo
1068 3421 1158 3498 vulgo
1181 3421 1286 3482 dicitnr

92 3491 264 3582 'theologiam
279 3501 472 3581 symbolicam
486 3520 545 3559 uon
558 3520 622 3559 esse
636 3501 905 3578 argumentatiuam,
917 3502 995 3560 valet
1009 3509 1120 3560 tautum
1131 3502 1162 3560 in
1176 3503 1284 3582 allego-

93 3572 136 3631 nls
147 3586 173 3635 et
184 3582 331 3658 parabolis
345 3580 478 3642 humenis
491 3600 551 3640 uon
565 3580 681 3640 divinis.

129 3653 208 3716 XVI.
232 3661 344 3721 Senem
358 3661 498 3741 mysticus
512 3681 572 3720 nou
585 3661 732 3720 invenitur
744 3660 775 3720 in
790 3662 868 3721 omui
884 3661 1039 3740 Scripturas
1052 3661 1134 3738 loco,
1157 3662 1209 3722 sed
1222 3671 1284 3722 tum

95 3737 191 3795 ltnturu
203 3739 335 3819 legitime
354 3741 524 3817 admittitur,
545 3741 597 3802 ubi
619 3741 743 3819 Spiritus
765 3741 795 3801 S.
817 3743 995 3802 occasionem
1017 3751 1046 3802 et
1066 3741 1284 3801 fundamentum

97 3809 150 3948 (ἐξ
148 3819 264 3958 eprpphet
261 3821 386 3962 lelttdlm
399 3830 553 3960 accuralttpa
546 3821 767 3917 observandum,
782 3842 819 3882 ne
831 3831 937 3962 gudhltr
955 3822 1145 3882 intentionem
1161 3821 1285 3899 Spiritus

251 3921 261 3958 r
388 3921 496 3961 neven
567 3921 616 3960 sco
636 3920 764 3961 umens
797 3922 830 3962 ro
860 3923 879 3960 n
930 3923 974 3962 ur.

132 3970 230 4038 XVIL
252 3981 295 4041 Ut
317 3981 350 4040 in
365 3947 449 4040 ’omni
473 3922 636 4060 Scriptura?
657 3923 726 4042 locoJ
742 3922 797 4042 estP
816 4002 917 4042 sensus
941 3980 1045 4058 aliquis
1068 3979 1198 4053 literaliS,
1223 3979 1285 4038 aive

99 4053 214 4129 Pfflpfius
234 4061 297 4121 sire
318 4061 476 4139 figuratus:
507 4061 555 4121 lta
577 4063 718 4139 cujusque
737 4062 795 4121 loci
815 4062 906 4121 litera
927 4079 1029 4120 sensus
1050 4067 1162 4117 tantum
1182 4059 1285 4117 unicus

99 4137 143 4204 δή,
157 4133 213 4225 sive
227 4139 349 4221 simplex
362 4150 397 4201 ut
410 4141 439 4199 in
452 4141 589 4218 historiis,
602 4142 664 4201 sive
679 4141 855 4219 compositus
865 4142 936 4200 utin
950 4139 1037 4216 typis,
1048 4139 1118 4196 licet
1131 4138 1285 4216 applicatio

102 4221 179 4281 P⁰⁸⁸¹l
190 4235 249 4278 esse
263 4221 378 4281 diverse
387 4221 475 4299 juxta
487 4221 584 4280 varios
598 4241 668 4281 usus
682 4221 856 4282 theoreticus
869 4219 918 4278 vel
931 4217 1082 4296 practicus.

136 4288 249 4358 XVIII.
270 4300 320 4360 Ad
332 4321 433 4361 rerum
449 4302 603 4378 Scripturae
624 4321 741 4362 sensum
760 4298 967 4376 indagandum,
989 4316 1061 4376 opus
1082 4299 1284 4384 estloterpre-

105 4369 200 4449 uum,
219 4397 276 4438 uon
295 4389 406 4441 tantum
426 4383 582 4456 amborum,
603 4402 668 4462 qua
688 4383 720 4440 in
740 4377 932 4440 versionibus
952 4377 1092 4453 consistit,
1124 4377 1175 4436 scd
1198 4379 1284 4438 etiam

106 4463 194 4526 lm,
214 4473 275 4534 qure
294 4462 448 4538 Prophetis
470 4481 489 4521 a
510 4461 610 4538 Paulo,
637 4461 722 4521 Rom.
736 4459 788 4519 xii.
804 4462 832 4536 6,
854 4467 883 4518 et
897 4459 1008 4524 laeluoca
1023 4477 1041 4516 a
1056 4459 1142 4518 Petro
1156 4463 1184 4518 2.
1200 4460 1218 4519 i.
1234 4463 1282 4536 20,

107 4538 217 4593 mtur-
256 4539 298 4598 Ea
311 4561 380 4600 vero
393 4560 451 4598 nou
472 4561 510 4600 ex
529 4542 643 4619 privato
664 4543 804 4619 cujusque
822 4539 934 4618 judicio
947 4538 1072 4618 peteuda
1085 4547 1138 4615 est,
1154 4559 1218 4616 quae
1239 4561 1282 4600 re·

110 4619 168 4665 1⁰¹⁸
179 4624 246 4676 essct
258 4616 307 4678 dat
314 4621 424 4686 ἔπίλνσις
437 4641 524 4698 quam
537 4623 633 4699 rejicit
647 4621 758 4695 Petrus,
771 4619 822 4679 sed
831 4621 941 4699 exipsa
950 4620 1098 4698 Scriptura
1108 4619 1286 4678 instituenda

111 4693 154 4758 ⁰⁸¹»
172 4707 229 4766 que
247 4701 350 4776 optima
371 4709 416 4760 est
434 4709 464 4760 et
483 4701 644 4761 certusima
663 4700 708 4760 sui
729 4701 877 4780 interpres,
900 4701 1020 4760 Nehem.
1042 4699 1103 4758 viii.
1118 4701 1160 4772 83
1183 4697 1284 4758 Actor.
