3152 5178
6 4306 8 4337 ι
125 4277 266 4356 elabatur;

100 369 210 418 cosm.
224 348 294 430 xm]
581 369 620 410 os
634 369 807 412 sommuau.
1252 358 1308 416 143

100 519 209 586 turam3
236 510 310 587 quia
336 509 485 589 Scriptrun
507 510 630 589 seipsam
653 511 876 590 interpretatio:
905 519 935 571 et
955 513 1090 590 quamvis
1110 513 1199 574 homo
1220 513 1308 576 talem

101 590 368 730 ipterpretetionem
380 591 871 732 pidemffifflifflndmssmi
882 600 927 652 est
934 594 1005 732 pjus
1015 594 1138 672 author;
1154 595 1224 734 qSuia
1235 597 1309 655 nihil

102 691 222 811 aduldis
230 681 482 830 ffiffiindlssidmrir
500 771 536 812 aa
554 681 796 830 lambolnlrtaequi
805 681 1174 833 nclrlri'clddiorieadrulliqirdm.
1185 687 1312 836 Sygaros}

102 830 198 890 missis
210 831 342 909 legitime
357 831 483 909 deducit,
497 852 557 892 non
573 833 653 892 illam
667 853 720 912 pro
734 833 853 893 arbitrio
867 833 1015 913 confingit,
1031 834 1083 894 sed
1096 856 1134 895 ex
1154 837 1312 916 praemissis

101 911 245 970 concessis
259 920 289 972 et
301 911 334 970 in
347 912 407 970 illis
420 912 558 972 latentem
572 913 660 972 elicit

143 991 273 1050 XXIII.
307 993 405 1067 Qumu
428 993 593 1071 disputatur
615 993 653 1052 de
675 992 782 1054 Iudice
807 993 1083 1073 Controversiam,
1111 993 1226 1075 proprie
1253 1013 1312 1056 non

101 1071 200 1148 agius
211 1071 249 1131 ds
262 1073 426 1149 campa,
447 1073 488 1133 id.
507 1073 544 1134 de
558 1073 767 1152 questionibus
781 1093 846 1153 quac
860 1084 1013 1134 rerssntm
1026 1076 1102 1134 circa
1124 1075 1311 1155 Scripturam,

100 1171 169 1228 qum
187 1160 220 1212 nt
237 1152 413 1230 principium
428 1155 598 1232 supponitur
617 1153 677 1231 hie,
690 1173 749 1213 non
769 1154 924 1233 probatur;
947 1155 999 1215 sed
1013 1155 1049 1214 de
1063 1156 1257 1234 Hmdpiutir,
1271 1157 1311 1216 id.

99 1231 138 1290 de
154 1231 294 1292 doctrinis
314 1233 345 1291 in
369 1233 516 1311 Scriptura
533 1235 685 1310 contentis,
707 1254 780 1311 quas
800 1235 895 1314 posita
917 1235 1072 1313 Scripturas
1086 1237 1260 1297 authoritate
1274 1257 1313 1296 ex

96 1311 167 1388 ipss
189 1311 340 1390 Scriptura
361 1313 536 1374 sufficienter
555 1313 652 1373 dirimi
671 1333 758 1392 posse
780 1315 942 1375 credimus:
965 1315 1048 1375 Idcet
1067 1335 1126 1375 non
1140 1315 1313 1377 diffiteamur

96 1392 284 1469 Scriptus-am
307 1393 397 1452 etiam
418 1393 542 1472 seipsam
563 1393 694 1472 probare,
719 1403 753 1455 ut
775 1404 862 1456 antea
883 1395 1119 1473 demonstratum,
1144 1415 1203 1456 non
1225 1397 1312 1457 modo

94 1473 312 1532 authoritatire
324 1482 355 1532 et
373 1491 427 1552 per
439 1473 557 1534 modum
571 1475 737 1552 testimonii,
754 1475 805 1536 sed
824 1485 854 1536 et
867 1475 1066 1536 ratiocinativa
1079 1486 1109 1536 et
1128 1477 1313 1555 posmodum

93 1572 131 1612 ar
206 1554 278 1612 euti.

131 1573 275 1692 gIXDXIV.
294 1634 449 1710 Scriptwa
461 1653 521 1693 non
538 1633 634 1712 magis
653 1641 749 1712 potest
768 1633 826 1694 dici
846 1645 925 1696 muta
938 1644 968 1696 et
981 1635 1107 1715 elinguis
1121 1633 1159 1696 ad
1176 1635 1312 1715 judican-

93 1711 182 1788 dum,
197 1731 287 1790 quam
302 1713 436 1774 Ecclesia
454 1714 486 1772 in
499 1714 646 1790 Conciliis,
662 1724 692 1774 et
706 1715 807 1775 Patres
828 1716 859 1774 in
873 1716 929 1776 scri
949 1716 988 1774 tis
1002 1717 1071 1792 suis,
1086 1736 1160 1794 quoe
1174 1726 1271 1776 tamen
1285 1725 1317 1777 et

93 1792 185 1870 loqui
199 1800 231 1852 et
240 1791 373 1870 judicare
388 1793 560 1854 Adversarii
572 1794 755 1872 pertendunt.
792 1794 824 1856 Si
837 1803 920 1874 pater
929 1737 1061 1874 loquitur
1073 1797 1105 1854 in
1119 1795 1314 1874 Testamento,

93 1881 130 1932 et
154 1873 226 1931 Rex
247 1873 280 1931 in
301 1873 416 1933 Edietis
437 1882 467 1934 et
488 1874 671 1952 Diplomatis,
693 1874 796 1952 quidni
816 1875 947 1934 dicamus
970 1875 1086 1935 Patrem
1109 1875 1262 1936 Coelestem
1285 1877 1317 1935 in

95 1961 230 2030 utroque
243 1952 439 2030 Testamento,
454 1963 485 2014 et
498 1954 611 2032 Regem
625 1955 742 2031 Regum
761 1954 793 2012 in
812 1953 920 2013 divinis
939 1953 1071 2014 Oraculis
1091 1973 1144 2014 nos
1159 1956 1319 2016 clarissima

96 2033 1320 2192 real

126 2159 136 2172 .
630 2159 637 2189 ,
984 2157 992 2172 .

98 2201 301 2334 littei
312 2193 981 2352 sterilescatttte‘tue
992 2203 1022 2334 ἕξ
1034 2195 1320 2349 aestuat

100 2362 206 2414 mutos
227 2361 258 2413 at
279 2353 420 2432 elingues,
445 2354 503 2414 imo
530 2353 682 2432 loquentes
705 2361 736 2414 et
757 2353 971 2414 auscultandos.
1015 2353 1064 2414 Sic
1093 2355 1186 2414 Isaiae
1214 2353 1321 2414 dicitur

102 2437 245 2509 summe,
263 2433 349 2493 Rom.
362 2435 404 2494 ix.
419 2438 468 2493 2⁷.
510 2434 610 2493 Moses
623 2442 742 2494 moueat
754 2433 884 2510 Judaeos,
900 2434 970 2494 Joh.
985 2453 1014 2494 v.
1030 2437 1080 2495 45.
1122 2435 1186 2494 Lex
1205 2435 1320 2512 judicat

102 2513 179 2576 Joh.
191 2514 244 2574 vll.
259 2517 308 2588 51,
323 2522 353 2574 et
365 2534 392 2574 c.
405 2513 457 2573 xil.
468 2515 519 2573 48.
555 2515 720 2590 meunquc
732 2535 789 2574 non
802 2515 902 2592 rcct'pt'l
914 2516 1001 2575 coto
1013 2535 1076 2576 mea
1086 2512 1136 2591 ἰ’χιι
1149 2541 1190 2574 scs
1199 2517 1318 2596 aprima,

103 2596 211 2655 Sermo
232 2613 316 2671 ortem
335 2597 465 2672 loprnctrs
484 2613 555 2670 mn
577 2595 625 2653 elle
638 2595 781 2671 judicabit
801 2615 864 2654 eum
883 2595 981 2654 aldrao
1002 2597 1056 2656 dte.
1098 2597 1211 2655 Eodem
1232 2615 1321 2656 sensu

105 2675 212 2734 &nno
225 2674 287 2734 Dei
296 2683 415 2734 uocato
427 2679 543 2757 ιςιταὶς,
556 2676 658 2734 Judeo
670 2675 876 2752 cogitationum,
893 2675 971 2735 Heb.
985 2676 1026 2734 iv.
1043 2679 1090 2734 12.

150 2754 263 2814 XXV.
284 2754 387 2815 Judex
399 2764 530 2814 terrenus
543 2754 574 2814 in
588 2753 650 2815 foro
664 2763 784 2816 externo
798 2755 886 2815 debet
898 2756 1029 2816 coactiva
1042 2763 1185 2834 potestate
1199 2775 1263 2816 esse
1277 2755 1321 2814 in-

106 2843 251 2896 structus.
292 2833 353 2894 Sed
364 2853 425 2894 uon
438 2834 539 2895 eadem
553 2843 598 2894 eat
609 2834 684 2895 ratio
698 2835 815 2895 Jndicis
828 2835 987 2914 spiritualis
1006 2836 1037 2894 in
1050 2836 1113 2896 foro
1127 2837 1320 2910 conscientia,

107 2917 182 2994 quia
195 2915 333 2993 Regnum
348 2913 407 2974 Dei
424 2934 484 2976 nou
499 2915 642 2993 corporali
662 2915 818 2992 coactione,
841 2915 894 2974 sed
914 2915 1058 2993 spirituali
1077 2915 1322 2975 demonstratione

110 2995 247 3055 veritatis
268 3003 462 3073 promovetur,
480 2998 496 3054 l
512 2995 577 3054 Cor.
597 2995 628 3054 fi„
643 2997 673 3054 4.
715 2995 829 3054 Deinde
848 2995 918 3054 licet
938 3013 1075 3072 corporea
1095 2994 1206 3054 coactio
1225 2995 1323 3054 locum

109 3076 160 3135 iric
173 3095 234 3135 uon
248 3074 362 3150 habat,
378 3075 534 3154 spiritualis
547 3083 644 3134 umen
663 3082 693 3134 et
713 3075 827 3134 interne
839 3093 898 3133 non
912 3072 1098 3148 desideretur,
1114 3083 1177 3132 tum
1190 3082 1323 3150 respectu
1339 3085 1340 3088 ’

111 3156 238 3234 piorum,
251 3173 326 3232 quos
340 3156 422 3215 Deus
438 3156 559 3234 loquens
579 3156 611 3214 in
633 3154 798 3232 scripturis,
815 3153 847 3212 vi
861 3153 1017 3218 flexanimo
1030 3161 1059 3212 at
1072 3153 1180 3212 blanda
1192 3153 1281 3212 trahit
1294 3162 1325 3212 ct
1391 3223 1397 3232 ι

1294 3241 1325 3292 r

154 3396 283 3455 XXVI
305 3361 481 3474 Eiremplum
495 3394 632 3455 Mosis'et
647 3394 781 3472 Aaronis,
803 3415 862 3454 uon
882 3402 978 3472 potest
991 3393 1066 3454 trahi
1079 3393 1118 3453 ed
1139 3391 1324 3454 statuendum

115 3475 252 3536 Jndieem
266 3495 432 3554 supremum
453 3484 484 3537 et
502 3475 685 3535 irrlsllibilem
705 3484 789 3536 extra
810 3475 997 3553 Scripturam.
1039 3474 1114 3550 Quia
1133 3484 1254 3554 uterque
1268 3475 1325 3534 suit

117 3555 217 3616 Iudex
230 3556 435 3632 ministerialis,
449 3576 510 3616 non
522 3558 740 3637 ιῦτοιςηοςικὶη
761 3557 812 3616 ille
822 3556 1075 3631 extraordinarius,
1091 3555 1137 3614 hic
1152 3555 1323 3630 ordinarius,

120 3636 170 3713 qui
181 3635 393 3696 controversias
406 3657 465 3696 non
479 3636 653 3696 decidebant
666 3637 839 3696 authoritate
853 3656 913 3712 sua,
929 3637 981 3695 sed
995 3657 1034 3696 ex*
1047 3637 1104 3696 Dei
1118 3637 1198 3714 Lege
1209 3645 1239 3696 et
1252 3655 1324 3713 prm·

121 3715 242 3794 scripto:
273 3716 373 3776 Moses
396 3724 429 3777 ut
452 3717 650 3776 internuncius
673 3717 824 3776 referendo
846 3717 885 3776 ad
913 3717 1017 3790 Deum,
1043 3717 1139 3775 Exod.
1164 3716 1246 3774 xviii.
1277 3717 1325 3772 19.

121 3795 219 3856 Aaron
232 3815 304 3856 reso
317 3815 356 3856 cx
371 3796 459 3875 Lege,
475 3805 505 3857 et
518 3797 677 3856 secundum
691 3815 754 3856 eam
766 3796 976 3874 respondendo,
993 3797 1081 3856 Dect.
1092 3795 1164 3854 xvii.
1181 3797 1226 3869 ll,
1234 3797 1326 3870 juxta

121 3879 222 3955 Leqern
242 3897 328 3954 quern
348 3877 495 3936 ἅοσιιινίπι
512 3886 538 3936 te
551 3877 653 3952 flacito.
694 3877 779 3936 Aliae
799 3876 825 3936 si
846 3885 946 3936 contra
966 3877 1076 3954 Legem
1096 3873 1327 3953 pronunciabant

121 3977 175 4016 non
196 3967 280 4017 erant
293 3956 439 4017 audiendi
462 3961 490 4016 2.
506 3957 574 4016 Non
586 3956 684 4034 egitur
703 3956 751 4016 hic
770 3957 885 4035 proprie
899 3955 935 4015 de
950 3955 1161 4016 Controversiis
1180 3953 1257 4028 fidei,
1273 3951 1326 4012 sed

123 4037 156 4096 de
168 4037 331 4112 ritualibus,
347 4037 385 4096 de
402 4036 562 4116 judicando
582 4037 657 4097 inter
672 4037 842 4114 sangninem
856 4045 885 4096 et
904 4035 1083 4113 sanguinem,
1105 4035 1214 4110 lepram
1235 4040 1265 4091 et
1284 4031 1326 4090 le-

123 4137 210 4196 pram·
232 4121 261 4178 3.
277 4117 345 4177 Non
358 4117 457 4196 agitur
468 4125 582 4178 mrum
592 4117 629 4176 de
645 4117 764 4177 Summo
780 4115 944 4190 Sacerdote,
960 4113 1012 4174 sed
1026 4113 1062 4172 de
1081 4121 1143 4172 toto
1159 4111 1327 4172 Sacerdotio

6 4224 7 4257 ²
124 4197 259 4274 “Q
274 4197 744 4338 “tuttttttttdt
757 4194 1003 4351 ttffffl
1017 4193 1186 4351 lssilli
1199 4211 1326 4332 titt·

1072 4317 1079 4332 .
1178 4315 1185 4330 .
1246 4317 1255 4347 ‚
1319 4313 1327 4332 .

5 4432 7 4455 ,
126 4357 259 4435 Chim&
271 4358 344 4419 Joh·
358 4358 417 4434 ix.;
434 4355 571 4435 Apostoli
580 4356 649 4418 Act
663 4357 705 4416 iii.
719 4364 749 4416 et
762 4355 834 4430 xiii,
850 4354 958 4413 crimen
972 4353 1093 4431 capitale
1108 4351 1328 4430 commisissent,

125 4437 170 4516 qui
189 4437 226 4498 ab
245 4459 282 4498 ea
303 4445 493 4497 recesserunt.
515 4441 543 4497 4.
564 4457 583 4496 a
604 4438 724 4498 Summo
746 4434 902 4496 Sacerdote
922 4433 961 4492 ad
980 4433 1150 4493 Pontificem
1170 4452 1229 4492 uon
1249 4435 1330 4493 valet

6 4492 8 4555 i
127 4518 335 4598 mneeqnentia,
351 4517 421 4594 quia
433 4517 464 4575 in
478 4517 515 4577 N.
529 4517 564 4578 Τ.
577 4517 677 4578 nullus
690 4523 737 4577 est
751 4516 888 4577 Summus
903 4513 1044 4575 Sacerdos
1056 4523 1161 4594 prater
1172 4513 1328 4590 Christum,

126 4599 201 4678 cujus
215 4599 320 4658 Aaron
334 4607 425 4674 typus
438 4597 501 4657 fuit.

161 4679 308 4742 XXVII.
327 4679 436 4737 Pastor
448 4697 519 4738 uma
531 4677 568 4740 de
582 4699 640 4758 qno
655 4677 767 4740 liedes.
782 4677 834 4737 xii.
850 4679 896 4754 ll,
912 4695 971 4738 non
984 4675 1129 4756 siguificat
1145 4671 1330 4736 Sacerdotes
