3158 5180
296 332 357 390 414
647 361 654 368 ·
730 347 821 390 cocus
835 349 972 398 ausurus.
1156 331 1160 338 ’
1326 326 1441 408 [cunas.
1454 353 1478 390 r.

339 488 385 547 X.
405 488 477 548 Oum
491 488 555 568 ipse
575 487 703 550 carentia
716 489 838 566 justitia
852 489 1003 568 originalis
1023 488 1061 548 sit
1078 493 1241 566 peccatum,
1255 507 1314 546 non
1326 495 1414 566 potest
1425 507 1481 548 con·

299 568 356 647 eipi
376 569 462 628 homo
477 567 633 628 destitutus
651 568 766 644 justitia
786 569 930 646 originali,
945 570 1015 647 quin
1036 589 1070 627 eo
1084 570 1150 646 ipso
1164 567 1341 644 concipiatur
1359 579 1483 644 peccator,

298 649 424 787 ἔιιὶκὶωο
446 667 510 707 cum
531 648 581 706 ille
595 647 725 708 defectus
739 668 798 708 non
819 650 857 708 sit
878 669 956 708 mera
976 651 1101 726 negatio,
1117 647 1172 708 sed
1185 648 1311 725 privatio
1324 648 1485 706 rectitudinis

320 747 335 786 e
356 729 404 788 itse
417 728 520 788 inesse.

338 807 399 866 XI.
415 807 512 868 Homo
520 814 617 886 potest
627 806 698 882 dari,
713 809 765 884 qui
778 809 889 868 nonsit
899 810 1006 885 justus,
1022 809 1070 867 vel
1084 809 1136 885 qui
1146 826 1208 866 non
1223 806 1261 866 sit
1274 813 1415 882 peccatam
1437 806 1484 866 Sed

300 907 358 945 non
371 895 468 963 potest
481 887 552 963 dari,
568 887 619 964 qui
632 906 692 946 non
714 887 760 964 sit,
777 890 826 948 vel
835 889 941 966 justus,
958 889 1006 947 vel
1026 895 1179 966 peccator;
1203 886 1285 963 prius
1298 893 1383 962 neget
1395 885 1482 944 alteru·

298 973 372 1024 trum
387 966 424 1026 de
439 967 578 1045 subjecto,
594 967 674 1044 quod
686 987 762 1046 saepe
777 969 918 1045 eccm-rit,
934 968 987 1028 sed
999 968 1144 1047 posterius
1157 975 1326 1044 utrumque,
1340 965 1414 1043 quod
1424 984 1483 1023 nun-

299 1065 398 1127 dum*
719 1057 722 1064 ¹

774 1285 968 1361 QUAESTIO
990 1287 1033 1346 X.

452 1445 866 1522 Inqwasasslmaponei,
882 1445 1353 1523 adquamllemaoonds'tusest!

340 1603 366 1662 Ι.
389 1603 431 1663 Ut
444 1605 545 1680 Irnago
559 1605 619 1663 Dei
630 1604 775 1683 praecipua
789 1613 833 1664 est
846 1605 971 1664 hominis
985 1605 1156 1683 gloriaque
1171 1604 1287 1663 caster-le
1301 1599 1482 1662 Animantium

299 1685 385 1760 longe
400 1683 601 1760 supereminet,
623 1694 653 1744 et
673 1683 711 1742 ad
726 1685 820 1743 Deum
834 1685 951 1762 propius
972 1685 1102 1760 accedit,
1131 1684 1293 1762 plurimum
1309 1690 1402 1740 nostra
1413 1679 1482 1738 refert

299 1782 482 1841 cognoscere,
492 1765 522 1822 iu
535 1784 594 1841 quo
608 1763 790 1842 potissimum
804 1765 1004 1825 constituenda
1019 1765 1064 1840 sit
1080 1764 1161 1841 quod
1176 1761 1369 1822 diversimode
1382 1759 1482 1818 a'lheo

299 1843 375 1921 logis
398 1844 568 1924 explicatur.
611 1845 672 1904 Nos
692 1845 784 1922 primo
805 1845 862 1902 ω’
882 1843 952 1926 dgna
971 1853 1000 1903 et
1022 1845 1159 1922 negative
1182 1842 1374 1914 ostendemus,
1396 1839 1421 1895 in
1435 1856 1478 1926 quo

300 1943 358 1982 non
383 1923 439 2061 sitp
463 1923 520 1984 sit:
550 1923 684 1984 Secundo
708 1927 778 1984 aava
797 1923 865 1984 θίσιι
890 1933 920 1984 et
941 1923 1110 1984 affirmative
1135 1923 1314 1996 videbimus,
1335 1921 1364 1978 in
1386 1937 1435 1995 quc
1452 1930 1479 1972 sit

301 2010 416 2064 statuen
437 2024 463 2063 a.

340 2083 383 2142 11.
406 2083 626 2144 Observandum
640 2105 709 2144 vero
727 2085 759 2144 in
772 2093 961 2162 antecessum,
978 2084 1157 2160 Scriptorum
1180 2079 1375 2160 quadruplicis
1392 2073 1477 2150 Imagi-

301 2163 347 2222 nis
375 2163 432 2222 Dei
454 2165 628 2224 mentionem
652 2165 754 2224 lacera
797 2166 896 2224 Prima
917 2174 962 2225 est
983 2165 1054 2222 Fatis·
1075 2164 1141 2238 Dei,
1159 2164 1212 2240 qui
1231 2169 1351 2220 vocatur
1372 2157 1429 2216 sals
1446 2159 1479 2210 soi

301 2241 366 2302 Oui
378 2248 408 2300 at·
423 2267 494 2319 aaa,
511 2243 572 2302 Col.
587 2245 606 2304 i.
623 2245 669 2318 15,
684 2247 786 2321 Imapo
798 2247 859 2304 Dei
877 2245 1040 2305 iesous:
1060 2243 1198 2302 Secunda
1218 2241 1332 2314 Adams',
1346 2237 1392 2315 qni
1404 2236 1477 2294 facud

298 2329 343 2380 est
357 2321 394 2379 ad
473 2323 571 2398 ginem
586 2323 661 2382 Dei:
683 2323 782 2383 Tertia
794 2326 907 2398 Bastuli,
923 2324 974 2401 qui
988 2322 1093 2382 dicitur
1106 2322 1247 2382 resonari
1258 2323 1287 2380 ia
1300 2317 1438 2395 cognitione
1447 2313 1479 2368 ad

298 2401 447 2475 ciampinem
471 2401 616 2460 Oreatcn's
638 2403 690 2476 eui,
717 2403 778 2460 Col.
802 2403 842 2460 iii.
860 2407 916 2462 10:
942 2403 1052 2477 Qsmrta
1069 2403 1134 2461 Viri
1156 2403 1210 2480 qui
1234 2398 1368 2479 peculiari
1388 2393 1477 2482 ratione

296 2477 403 2538 dicitur
416 2481 510 2556 imago
523 2481 583 2538 Dei
601 2499 687 2557 supra
707 2482 865 2558 mulierem,
880 2501 945 2558 qua
967 2491 1011 2542 est
1032 2483 1125 2558 imapo
1145 2483 1218 2558 Viri,
1237 2481 1329 2541 lCor.
1344 2477 1415 2535 xil.
1438 2472 1476 2528 Fr·
1537 2529 1538 2532 ,

298 2559 352 2618 lias
364 2560 425 2617 Dei
444 2569 489 2620 est
502 2561 596 2636 satago
616 2561 775 2636 essentialis,
799 2581 823 2620 ω
844 2553 972 2622 ualitatis
993 2562 1222 2639 perfectissima,
1245 2559 1363 2623 eandem
1381 2567 1477 2612 numero

298 2647 431 2698 naturam
445 2639 578 2699 obtinens
598 2659 664 2698 cum
679 2641 774 2700 Patre.
817 2581 915 2702 ddam
929 2650 974 2702 est
987 2643 1081 2718 imcpo
1095 2642 1286 2716 mammet,
1302 2647 1328 2698 ct
1343 2631 1474 2708 ΝΟΜ

299 2717 495 2778 similitudinis
509 2719 698 2796 inadaqmae
712 2729 742 2780 et
762 2721 945 2798 imperfectae,
960 2721 1058 2801 quoad
1077 2731 1222 2797 naturam,
1238 2721 1322 2793 dona,
1337 2725 1365 2775 et
1382 2719 1476 2774 statum·

300 2798 406 2858 Renati
419 2807 488 2859 sunt
500 2800 594 2876 inrogo
606 2801 771 2878 spiritualis,
786 2801 883 2878 quoad
896 2803 973 2862 dona
989 2803 1231 2880 supernaturalia.
1274 2798 1328 2858 Vir
1341 2797 1475 2879 campanie

299 2879 339 2938 ad
363 2898 493 2957 uxorem,
522 2888 567 2940 est
593 2882 686 2958 iosaqo
713 2883 900 2957 authoritatis,
928 2882 1026 2960 quoad
1052 2889 1229 2960 potestatem
1257 2897 1342 2958 quam
1361 2871 1436 2934 hsbct
1453 2886 1474 2922 n

299 2979 429 3020 uxorem.
917 2985 922 2996 ·

341 3039 402 3100 ΠΙ.
425 3039 537 3100 Rursus
552 3041 662 3118 Imago,
678 3041 727 3102 vel
748 3042 892 3120 significat
912 3043 1006 3120 ipsum
1027 3041 1174 3122 ὶςχὸτυπιι,
1189 3041 1231 3100 ad
1253 3039 1335 3117 cujus
1354 3026 1474 3104 exemplar

301 3119 411 3198 aliquid
424 3119 466 3196 fit,
482 3141 534 3182 seu
545 3141 594 3181 res
608 3122 673 3182 illas
686 3123 717 3180 in
732 3123 805 3198 Deo,
820 3123 859 3182 ad
872 3142 993 3200 quarum
1007 3121 1228 3182 similitudinem
1247 3117 1375 3182 conditus
1386 3107 1472 3200 catulo·-

300 3219 347 3259 mo
360 3223 367 3259 :
382 3201 440 3259 Vel
454 3201 598 3278 significat
611 3201 710 3279 ipsum
719 3212 854 3280 ectypon,
866 3203 944 3280 quod
957 3201 991 3262 fit
1003 3202 1041 3260 ad
1054 3202 1205 3279 exemplar
1219 3199 1344 3271 alterius,
1354 3212 1400 3254 seu
1411 3205 1472 3278 &9¹¹1

299 3279 453 3340 litudinem
467 3281 567 3357 ipsam,
578 3301 643 3358 quae
657 3291 703 3342 est
715 3283 746 3342 in
759 3283 883 3358 homine,
896 3290 925 3342 ct
938 3282 1107 3342 relationem
1120 3281 1159 3340 ad
1172 3282 1269 3358 ipsum
1285 3280 1373 3336 Deum
1384 3293 1391 3346 ;
1403 3283 1472 3353 Ρῦθῐξ

300 3377 386 3450 sensu
400 3359 487 3418 homo
501 3359 607 3419 dicitur
617 3381 683 3422 esse
697 3363 791 3422 fectus
803 3363 841 3422 ad
862 3362 1017 3440 imaginem
1032 3362 1096 3438 Dei,
1111 3361 1266 3439 posteriori
1279 3375 1346 3418 vero
1364 3353 1419 3430 ipffl
1430 3345 1473 3402 Dffl

299 3455 405 3514 imago.

301 3553 459 3626 ¹²⁸¹>
561 3509 1472 3678 {lassastuqrdatl

1079 3647 1087 3677 i

328 3671 471 3730 turpatione
496 3672 540 3718 E*
560 3679 778 3756 ἇπωωμιίτιοι
797 3680 913 3757 divinae,
936 3690 965 3740 ot
979 3682 1085 3740 divinae
1107 3701 1184 3742 aura
1198 3679 1328 3758 quadam
1347 3661 1470 3750 particula

330 3731 416 3777 '⁰¹¹⁶oe
427 3729 529 3777 Divina.
561 3766 594 3817 ut
602 3759 735 3819 Gentiles
746 3760 948 3837 loquebantur.
971 3761 1037 3820 Hae
1045 3761 1123 3820 enim
1133 3761 1244 3820 ratione
1253 3757 1329 3817 solus
1338 3749 1421 3810 Filius
1428 3743 1470 3798 ¹30¹

301 3846 345 3900 est
358 3841 459 3915 Imapo
473 3839 532 3899 Dei
543 3838 692 3916 messim,
704 3840 766 3901 Col.
780 3841 800 3899 i.
818 3842 863 3916 15,
880 3841 1049 3915 essentialis,
1065 3849 1095 3900 ct
1108 3837 1255 3914 naturalis,
1270 3844 1299 3896 et
1312 3830 1399 3891 nullus
1410 3836 1469 3913 11301·

301 3921 403 3979 talium
417 3927 512 3997 potest
526 3939 560 3979 eo
581 3939 741 3999 assurgere,
763 3921 832 3998 quia
851 3921 995 3980 infinitum
1010 3940 1070 3979 non
1083 3927 1180 3999 potest
1192 3910 1352 3997 participari
1364 3927 1381 3968 8·
1391 3905 1469 3989 fi¹¹¹i⁰²

302 4001 342 4060 Et
355 4000 544 4076 siparticipes
556 4001 680 4060 dicimur
692 4021 744 4078 per
758 4001 880 4079 gratiam
894 4001 995 4060 divina
1008 4009 1129 4074 aassroe,
1144 4003 1162 4058 2
1174 4000 1229 4059 Pet
1238 3999 1256 4058 i.
1271 4001 1297 4072 4,
1312 3994 1364 4050 hoc
1375 4001 1424 4044 uon
1432 3995 1466 4070 Jn·

300 4081 442 4157 telligitur
456 4079 491 4139 de
502 4081 722 4160 partis-spatione
741 4081 886 4156 wandali,
900 4082 1030 4156 formali,
1053 4088 1083 4138 et
1096 4079 1253 4152 intrinseca,
1269 4073 1318 4134 sed
1337 4067 1468 4157 ausslssl'lfffls

300 4161 474 4236 accidentale,
490 4169 523 4220 et
533 4163 698 4236 arnimaro,
709 4161 819 4220 ratione
830 4159 994 4220 effectorum
1007 4160 1197 4238 analogorum
1211 4153 1359 4216 virtutibus
1372 4145 1465 4205 d1v¹¹¹¹³v

300 4260 366 4317 quas
380 4241 410 4298 in
423 4241 508 4300 nobis
521 4261 573 4318 per
588 4242 727 4319 Spiritum
741 4241 779 4301 ad
792 4241 948 4318 imaginem
964 4241 1019 4299 Dei
1032 4239 1238 4316 producuntur.
1342 4308 1348 4321 ·

399 4385 404 4398 ,
520 4386 526 4398 ,
602 4323 640 4381 V.
662 4324 690 4380 2.
713 4323 774 4380 Nec
788 4320 819 4378 in
834 4321 971 4398 Corporis
984 4320 1083 4396 aliqua
1119 4340 1203 4396 pura,
1219 4323 1268 4376 aut
1286 4309 1379 4372 habitu
1391 4305 1467 4360 exter·

300 4385 321 4430 ⁹⁸
335 4385 539 4502 N‘fifflfflm
560 4421 606 4478 no,
622 4421 679 4479 quo
690 4401 776 4460 homo
791 4401 886 4460 Deum
900 4399 1011 4472 referat,
1027 4419 1085 4475 quo
1120 4399 1174 4460 fuit
1187 4398 1255 4457 olim
1269 4389 1466 4466 Anthroponpr·

560 4482 705 4560 plritsrum
719 4479 861 4540 delirium.
897 4480 972 4538 Nam
985 4479 1054 4537 licet
1062 4499 1121 4538 non
1135 4487 1267 4556 putemus
1280 4483 1389 4555 omnem·
1395 4463 1464 4516 ΝΜ
1532 4525 1533 4536 i

299 4579 366 4617 nem
380 4561 516 4636 imaginis
529 4562 613 4620 istius
627 4582 645 4620 a
659 4579 777 4638 corpore
798 4579 861 4620 asse
874 4560 959 4637 plane
973 4560 1186 4634 removendam,
1202 4565 1231 4617 ct
1250 4554 1353 4629 aliquos
1365 4549 1465 4618 ³1⁰⁸*
1532 4557 1533 4620 ἶ

299 4637 363 4694 dios
377 4637 487 4713 fulgere
508 4639 540 4696 in
559 4640 622 4715 ipso
636 4657 812 4713 censeamus,
836 4639 898 4698 sive
919 4638 1163 4698 immortalitatem
1183 4633 1303 4698 hominis
1322 4627 1464 4704 flpffioemffi’
