3174 5174
114 387 227 440 onnsr.
242 367 315 451 vm]
569 387 608 428 nn
622 385 822 430 renunes-rm
836 389 897 432 ner,
1260 381 1318 438 471

112 530 208 590 ωδε
220 527 386 606 Μυσία,
401 545 461 588 non
471 528 666 588 intemedents
674 529 766 608 ipsius
779 531 889 590 eeumti
899 530 957 591 elie
966 547 1036 594 vere
1049 539 1079 594 et
1085 535 1218 613 proxime
1226 554 1322 598 sauss.

112 615 144 670 2.
165 611 203 668 In
216 609 376 685 maipa·
392 627 431 685 se,
453 627 519 686 qne
540 607 674 672 effoetum
694 609 866 688 producunt,
891 619 1035 689 quetenns
1056 623 1124 674 eunt
1136 617 1220 693 tales,
1233 634 1323 695 quum

111 698 243 765 esmant,
259 697 290 748 et
302 707 392 766 quum
406 705 493 748 onem
506 697 551 748 est
564 695 595 748 et
607 706 701 748 oense
715 698 744 748 et
764 690 875 750 mureti
894 707 947 768 per
967 709 1009 751 ee.
1049 695 1078 753 8.
1092 696 1130 752 In
1143 699 1324 758 osmonte

111 779 142 829 et
152 771 315 830 motare
327 777 439 827 nam
450 769 647 844 ntbordt'rretie,
672 776 705 828 et
715 789 735 830 e
747 789 779 828 se
792 771 918 829 invieern
931 770 1169 848 dependentibus.
1193 777 1250 836 Sed
1263 797 1324 836 non

111 849 229 926 puriter,
246 849 272 908 el
287 865 381 908 oense
402 846 519 924 quidem
533 848 572 907 sit
592 867 681 907 osum
701 867 753 926 per
776 867 818 926 se,
832 851 943 909 eeueeti
963 869 1035 910 vero
1046 871 1099 930 per
1111 853 1245 916 eoeidene
1258 865 1322 916 ten-

111 939 193 1005 tnm3
215 927 335 1006 quondo
347 945 436 985 muse
448 925 565 986 inferior
578 927 711 987 effectum
725 943 784 986 non
797 928 1011 1007 simplicitate:
1024 939 1128 992 netum
1142 954 1202 1010 sue,
1219 937 1270 995 eed
1284 953 1322 996 err

111 1009 213 1088 eliquo
226 1008 384 1067 eoeedente
398 1005 512 1065 defectu
525 1006 668 1084 producit.
711 1007 759 1065 Sic
780 1025 840 1066 non
863 1009 951 1086 velet,
967 1011 1108 1070 Humane
1127 1014 1264 1075 voluntas
1277 1025 1323 1078 est

112 1107 203 1146 reuse
214 1087 348 1166 peooetiz
369 1085 453 1144 Deus
464 1093 510 1144 est
531 1105 620 1145 eeuse
639 1086 798 1146 voluntatis
820 1086 972 1150 humane:
994 1089 1074 1168 Ergo
1096 1100 1140 1152 est
1153 1113 1242 1154 oense
1254 1115 1322 1174 pee-

112 1168 189 1244 eeti;
210 1167 281 1244 quie
293 1183 383 1244 quum
406 1164 543 1224 volentes
564 1173 661 1224 orente
680 1174 789 1242 penest,
812 1168 965 1246 exorbitat,
989 1179 1020 1229 et
1043 1170 1139 1230 definit
1163 1173 1200 1232 nb
1221 1175 1321 1234 ordIne

111 1247 213 1324 primee
227 1262 334 1306 oense.
375 1243 415 1304 Et
429 1244 575 1322 namqu
587 1253 633 1304 eet
645 1264 733 1304 oense
754 1245 913 1306 volutetis
937 1267 989 1327 per
1013 1268 1052 1324 ee,
1075 1270 1134 1310 non
1153 1262 1249 1332 potest
1263 1255 1321 1314 diei

111 1343 202 1386 oense
214 1325 339 1385 notionis
351 1324 444 1400 mele,
458 1341 525 1402 que
538 1331 615 1384 este
635 1325 786 1384 voluntate
809 1345 868 1386 non
882 1327 1051 1405 simpliciter
1064 1329 1095 1387 in
1108 1347 1215 1408 genere
1234 1335 1322 1412 entis,-

111 1405 260 1484 quomodo
273 1415 319 1466 eet
332 1424 350 1464 n
364 1404 437 1478 Deo,
452 1403 504 1462 sed
517 1403 555 1462 eb
568 1422 603 1462 ee
616 1403 795 1463 definientes
808 1405 874 1482 lege
887 1407 917 1464 in
931 1426 1036 1485 genere
1050 1411 1147 1468 moris.

111 1507 240 1560 de,
257 1485 355 1555 Μ,
416 1481 577 1542 XXVIII.
600 1483 681 1542 Dore
694 1503 837 1544 moerore
848 1485 895 1544 vel
909 1487 1048 1546 isdrsrare
1059 1488 1165 1548 dieitur
1177 1491 1322 1569 homines,

141 1569 356 1614 &nossemus
375 1581 435 1622 non
457 1571 570 1622 mntem
583 1564 710 1640 nepetino
731 1583 789 1622 non
811 1564 1001 1625 illuminando
1022 1575 1053 1626 et
1075 1569 1256 1646 emolliendo,
1272 1571 1321 1630 vel

141 1625 337 1673 mmm·
369 1643 510 1718 penam
541 1643 664 1719 gretiam
691 1661 773 1700 susm
799 1661 977 1722 quaeemque
1004 1645 1091 1706 iuuerit
1116 1649 1321 1727 subtrahendo,-

111 1729 267 1800 peetqnem
280 1739 316 1780 ee
335 1722 468 1781 homines
488 1722 573 1780 ebusi
595 1730 670 1797 eunt,
693 1721 742 1780 rel
760 1724 932 1801 permissivo,
956 1745 1016 1784 non
1038 1727 1239 1804 impediendo:
1263 1729 1323 1789 Sed

112 1799 411 1878 sememonten
431 1800 550 1879 qrridem
573 1800 743 1877 eoeoitstem,
758 1802 807 1860 vel
828 1802 971 1880 duritiem,
993 1819 1058 1884 qure
1078 1806 1189 1866 homiui
1204 1817 1250 1868 est
1270 1827 1321 1867 ne·

111 1881 224 1955 terrulis,
239 1879 408 1956 inierendo;
428 1881 481 1940 sed
503 1889 567 1940 tom
590 1881 725 1956 οᾷεοιίυε,
749 1889 870 1940 externe
891 1883 1006 1961 objeote
1028 1885 1066 1944 iis
1085 1885 1240 1962 offerendo,
1255 1903 1321 1964 ques

111 1959 186 2018 lieet
196 1967 300 2019 netum
312 1959 436 2020 eutelio
449 1959 625 2035 ordinentur,
648 1959 731 2019 novit
752 1969 850 2019 temon
873 1961 1010 2021 aliorsum
1023 1962 1150 2042 ipsorum
1170 1965 1242 2024 vitio
1256 1985 1321 2026 esse

112 2039 263 2116 mlada,
277 2047 341 2098 turn
346 2041 531 2116 judicialiter,
553 2040 665 2098 interne
681 2047 840 2098 reotomete
861 2059 911 2100 eos
932 2043 1127 2120 perentiendo,
1152 2043 1250 2103 ebleto
1271 2045 1322 2104 vel

112 2119 244 2178 extincto
256 2117 375 2194 lumine,
390 2137 448 2196 quo
461 2137 611 2197 perperam
624 2119 670 2178 usi
683 2119 805 2194 iiremnt,
828 2127 890 2178 tum
913 2120 1142 2180 srenelexendo
1155 2123 1320 2200 eupiditeti·

112 2197 168 2257 bns
180 2197 320 2276 ipsorum,
335 2206 366 2257 et
380 2199 494 2258 Sstsnse
507 2197 650 2258 tredendo
672 2206 705 2258 et
721 2198 921 2276 mnneipendo,
944 2199 1068 2278 diisque
1080 2200 1211 2279 pluribus
1224 2203 1321 2263 modin

111 2277 368 2356 inexpliesbilibue
381 2277 504 2355 egendo,
519 2279 625 2355 quibus
642 2279 735 2356 justes
754 2278 960 2338 exeoeoetIonie
978 2281 1008 2339 et'
1028 2280 1219 2341 indimetionie
1240 2283 1319 2361 judi·

113 2355 189 2416 dum
202 2358 236 2416 In
249 2367 434 2418 contumaees
447 2356 549 2417 exerit.
591 2357 676 2432 Quod
689 2377 749 2416 non
761 2357 859 2418 obstet
871 2365 976 2438 tentem
992 2361 1146 2438 quominus
1169 2361 1251 2439 impii
1264 2362 1321 2500 Ipsi

113 2437 225 2514 seipsos
246 2437 333 2497 etiem
356 2445 506 2496 exemoent
529 2445 560 2496 et
579 2436 723 2512 Indurent,
747 2437 840 2497 &usu
863 2457 971 2516 eornm,
994 2439 1100 2518 qnibns
1121 2441 1248 2501 maxime
1291 2461 1320 2501 e·

112 2516 246 2575 bniseent
258 2515 391 2592 emolliri,
406 2516 500 2594 quelle
514 2525 560 2576 est
572 2516 777 2594 longanimitas
801 2525 831 2577 et
851 2517 1041 2579 benefieentie
1055 2520 1120 2596 Dei,
1136 2521 1221 2580 Rom.
1235 2521 1266 2580 ii.
1280 2525 1319 2597 4,
1419 2535 1422 2540 ·

19 2585 21 2638 l
112 2594 165 2653 lux
180 2596 282 2672 Verbi,
297 2603 328 2654 et
348 2596 478 2654 sunritns
492 2595 657 2674 Evengelii
682 2596 761 2674 quod
782 2596 817 2655 fit
839 2597 906 2673 ipre
920 2597 992 2658 odor
1011 2601 1109 2658 morti
1132 2601 1174 2659 od
1193 2609 1320 2678 mortem,

112 2677 132 2732 2
146 2675 213 2734 Gor.
228 2675 259 2734 ii.
282 2677 338 2750 16,
364 2681 396 2736 et
407 2675 478 2753 ipse
493 2675 550 2734 Dei
572 2675 786 2752 oestigetiones,
811 2675 918 2754 quibus
941 2695 1007 2737 eum
1032 2678 1138 2756 corrigi
1152 2679 1322 2739 debuissent

111 2753 186 2813 finnt
199 2753 412 2829 obstinatiores,
430 2755 598 2814 OJeltoooi
606 2755 732 2832 paenale
753 2775 808 2832 eoe,
829 2757 882 2815 sed
892 2775 949 2816 non
970 2759 1071 2834 dolent,
1085 2761 1322 2834 redduntsoeiem

111 2833 518 2910 montanensem
533 2835 597 2894 Jer.
612 2853 641 2892 v.
656 2837 685 2894 3.
701 2834 1322 2918 Iteiedecrntioelisestenlpotib'eeperte

112 2910 261 2972 hominnm
277 2913 317 2971 se'
339 2931 387 2971 soe
401 2912 616 2990 mdmentium3
638 2913 795 2988 Aliejrtsta
808 2921 840 2973 et
846 2915 969 2990 meabit
982 2934 1001 2973 e
1013 2923 1095 2994 perte
1109 2915 1175 2992 DeI,
1189 2916 1321 2977 honrinee

108 2993 190 3068 justo
203 3011 258 3052 suo
268 2931 381 3070 judloio
394 2991 427 3049 in
435 3011 550 3068 poeunm
563 2991 787 3070 pnoeoedentinm
799 3002 982 3071 peoostonrm
996 2994 1167 3054 indurentis.

415 3071 546 3130 XXIX.
570 3071 697 3130 Tentatio
705 3071 1005 3149 elistestprobatiom'e,
1016 3073 1254 3149 elieeedeetionir,
1270 3073 1324 3132 ille

141 3121 177 3169 Β*
187 3123 312 3170 ²⁰⁸⁸*st-
374 3149 459 3226 sonn,
481 3151 545 3210 nen
565 3150 658 3226 mun
683 3149 736 3209 rua
762 3151 826 3209 neo
848 3151 994 3228 temptet,
1022 3151 1079 3211 ise
1106 3151 1239 3227 uranon,
1269 3153 1320 3230 qur

112 3236 264 3367 ὤῶ
276 3229 435 3368 ὤθεε
682 3238 716 3289 θ
1054 3227 1321 3307 u

113 3327 480 3465 &meldensem
500 3330 1323 3467 ammmeqmquammwequiniinemnuu

113 3465 199 3526 lebet
213 3467 244 3524 in
258 3485 292 3526 ee
312 3465 396 3544 quod
413 3467 559 3527 tentilltnn
582 3467 621 3526 ed
633 3476 784 3546 pennatum
797 3476 908 3546 verget,
931 3469 990 3528 imo
1011 3468 1091 3547 qnod
1103 3469 1141 3528 eb
1161 3487 1197 3528 eo
1210 3487 1269 3529 non
1283 3469 1323 3529 sit

112 3545 329 3622 niienieeimnm,
345 3547 392 3606 lte
404 3564 463 3605 non
476 3555 575 3624 potest
586 3546 645 3606 diei
657 3547 730 3607 elios
743 3546 781 3605 ed
794 3559 953 3626 peoeetum,
968 3557 1019 3608 eut
1025 3548 1178 3626 mundetis,
1188 3557 1241 3608 eut
1251 3567 1319 3608 oon·

112 3623 194 3700 n'liis,
208 3633 262 3684 eut
284 3625 414 3685 interiori
428 3625 525 3704 alique
546 3627 732 3704 persuasione
755 3627 919 3687 sollieitere.
964 3627 997 3688 si
1011 3628 1127 3705 quondo
1140 3637 1252 3688 tentare
1265 3629 1319 3688 ho-

111 3704 204 3763 mines
218 3703 333 3780 dieitur,
343 3713 376 3764 nt
385 3705 595 3780 Abrelmmum,
604 3706 679 3764 Gen.
694 3705 777 3782 xxii,
789 3713 820 3765 et
828 3706 986 3782 Israeliten,
1000 3707 1087 3767 Dent
1096 3707 1157 3766 viii.
1169 3711 1197 3780 2,
1212 3708 1268 3765 hoe
1282 3707 1322 3766 de

111 3783 275 3843 omnem
285 3784 463 3862 proben'onis
476 3784 697 3862 intelligendum
711 3793 766 3860 est,
779 3804 837 3844 non
852 3785 1036 3862 eeduotionie,
1048 3794 1081 3845 ut
1093 3785 1218 3844 hominis
1232 3785 1321 3843 fidem

112 3873 142 3922 et
154 3863 347 3922 sommum
361 3865 501 3942 exploret,
515 3883 574 3922 non
588 3863 666 3940 qnod
679 3863 896 3940 illumignoret,
911 3865 961 3941 qui
975 3873 1020 3923 est
1039 3863 1204 3938 omniseiue,
1220 3863 1272 3922 sed
1286 3873 1323 3924 ut

112 3934 146 4000 en
158 3950 222 4001 tum
236 3941 346 4000 homini
360 3943 425 4021 ipsI,
441 3951 503 4002 tum
517 3943 582 4003 eliis
595 3943 765 4001 innotescet.
807 3943 902 4016 Quum
915 3942 1041 4020 petimus
1054 3943 1085 4000 in
1106 3942 1242 4002 Oratione
1258 3942 1317 4001 Do·

111 4021 226 4096 minioe,
241 4023 290 4081 Ne
302 4023 382 4081 Dese
402 4041 453 4081 noe
466 4021 582 4081 Messi
594 4022 624 4081 in
644 4021 828 4096 tentationem,
843 4039 902 4079 non
921 4021 1110 4098 depreoemnr
1129 4021 1317 4081 tentationem

108 4119 245 4240 titt
251 4101 549 4258 unttqtttt
549 4097 943 4257 ,1ἲέὙῶῗῖεῶᾪῖῗᾶ
954 4099 1323 4258 dtubttnttl

108 4259 251 4319 ditetibne
265 4269 296 4318 et
310 4259 425 4319 Setente
438 4259 603 4335 nostredit,
618 4258 755 4336 equibus
775 4265 927 4317 tentemur.
970 4258 1018 4317 Ite
1029 4257 1155 4336 petimus
1174 4277 1212 4317 ex
1225 4259 1317 4337 hypo·

108 4339 185 4398 thesi
198 4337 360 4398 noluntntie
373 4338 489 4416 divine,
505 4338 594 4398 idest
617 4338 643 4397 si
657 4337 721 4398 Deo
742 4337 785 4396 ite
801 4336 897 4396 vierrm
911 4336 1006 4412 finerit,
1029 4344 1065 4396 ut
1085 4338 1127 4397 ite
1148 4337 1232 4396 nobis
1251 4357 1317 4416 pro·

108 4417 218 4494 videet,
240 4435 280 4476 ne
299 4417 470 4477 induremur
491 4418 526 4476 in·
545 4417 704 4496 perieulum
726 4414 903 4476 tentationis.
951 4415 1009 4476 Sin
1027 4424 1123 4476 entem
1146 4417 1231 4476 eliter
1254 4419 1324 4476 Deo¹

106 4497 231 4576 plnoeet,
247 4496 383 4557 nimirum
397 4497 629 4574 utptentetionem
643 4495 809 4572 hebeemue,
824 4504 893 4556 nme
914 4497 1039 4576 petimus
1058 4495 1199 4574 obsolute,
1215 4515 1320 4556 nenos

105 4577 232 4651 deeerm,
248 4583 300 4635 sut
322 4577 471 4655 permittet
493 4584 524 4635 et
544 4575 641 4635 trudet
660 4575 786 4636 hostium
811 4575 1002 4653 spirimelium
1024 4574 1142 4636 erbitrIo
1165 4583 1318 4642 uteorum

104 4653 323 4715 tentetinnibus
334 4655 563 4730 snoonmbnmes,
579 4655 632 4716 sed
644 4663 677 4715 ut
699 4655 762 4732 ejus
776 4653 869 4732 gretie
893 4655 1053 4716 oonfirmeti
1076 4675 1126 4716 ees
1140 4675 1315 4734 superemus,
