3174 5174
286 293 345 350 498
747 307 838 349 nocua
853 307 1004 348 sarrruus.
1289 283 1411 366 [auser.
1425 301 1470 342 ru.

288 459 387 510 rentur
400 449 554 511 Christiani
575 451 605 508 in
625 449 698 509 locis
712 449 832 509 occultis
846 449 999 508 convenire
1021 455 1139 525 propter
1160 445 1379 524 persecutiones,
1393 453 1419 502 et
1437 443 1471 501 ibi

288 550 389 607 preces
402 539 432 590 et
445 531 597 590 conciones
617 530 732 606 habere,
750 538 783 589 ut
797 529 925 589 ostendit
938 529 1132 605 Hospiaioma
1145 526 1181 585 de
1201 525 1283 604 Orig.
1298 523 1406 602 Templ
1418 543 1471 600 cap.

290 613 318 669 5.
360 610 443 671 Idem
464 610 555 688 liquet
575 629 613 669 ex
633 629 667 669 eo
689 609 769 687 quod
790 609 862 668 dicit
881 608 919 668 de
931 609 1088 682 Menochia,
1108 615 1138 666 et
1152 626 1249 665 eornm
1263 603 1472 674 consecratione,

289 693 500 829 littidll
511 689 918 830 attestareris
939 681 1475 827 miserereris

289 849 426 925 scribunt,
442 790 515 926 q'uol
529 858 639 910 certum
653 859 698 909 est
711 849 823 928 aliquot
836 857 902 926 post
916 789 1124 926 Aleopagitam
1139 846 1244 905 seculis
1258 845 1379 903 vixisse.
1416 841 1475 900 Alia

288 929 371 1006 plura
385 937 555 1006 argumenta
575 931 633 990 huc
652 929 788 989 facientia
801 929 968 1002 omittimus,
984 949 1048 1006 quse
1062 927 1157 985 videri
1177 933 1303 1003 possunt
1316 923 1391 1002 apud
1403 923 1475 981 Iliae-
1551 949 1552 1000 ι

289 1008 522 1068 &eminentiae
543 1029 634 1086 sacro,
651 1010 847 1070 Oasouboaum
867 1009 897 1066 in
922 1008 1008 1068 Baro.
1023 1006 1118 1085 Appa.
1141 1007 1160 1065 i.
1184 1007 1214 1064 S.
1236 1007 1286 1080 99,
1311 1013 1341 1063 et
1361 1002 1477 1080 inprimis

287 1090 354 1148 Jot.
369 1090 521 1164 Dalloeam,
537 1090 587 1168 qui
600 1089 738 1168 peculiari
751 1096 876 1149 mactatu
889 1088 944 1147 hoo
958 1095 1160 1165 argumentum
1175 1085 1351 1145 solidissime
1365 1091 1406 1142 est
1417 1103 1475 1140 exe·

289 1177 382 1245 cutus,
403 1177 433 1228 et
457 1169 613 1230 clarissime
627 1169 844 1243 demonstravit,
866 1186 926 1227 non
945 1177 1012 1228 ante
1030 1167 1164 1244 quintum
1179 1165 1320 1237 seculum,
1342 1163 1433 1238 libros,
1447 1161 1476 1218 de

288 1247 394 1325 quibus
408 1248 511 1325 agitur,
527 1250 649 1327 scriptos
662 1249 760 1324 finisse,
776 1257 805 1308 et
819 1257 852 1307 ut
864 1249 958 1326 major
970 1248 1029 1306 illis
1043 1247 1202 1306 authoritas
1216 1245 1422 1319 conciliaretur,
1435 1261 1477 1300 eos

289 1327 344 1386 sub
358 1329 473 1388 nomine
488 1329 623 1408 Dionysii
637 1329 823 1406 Areopagitae
838 1327 1000 1387 Authorem
1013 1327 1138 1421 edidisse
1152 1325 1372 1419 ettvenditesse.
1447 1401 1453 1412 1

292 1445 533 1552 Quibit
553 1402 1475 1568 ,uldritttttltl‘tlt&stlattaria

320 1563 449 1608 amatur.
550 1569 656 1646 Primo,
664 1570 733 1646 quia
739 1569 836 1629 'altum
845 1568 881 1627 de
895 1589 930 1627 ea
944 1567 1021 1646 apud
1036 1567 1158 1626 Paulum
1172 1575 1217 1626 est
1230 1564 1386 1638 silentium,
1400 1579 1477 1636 aquo

289 1657 386 1707 tamen
400 1648 449 1709 ille
470 1668 501 1708 se
515 1668 577 1708 eam
598 1649 743 1726 accepisse
754 1649 856 1726 jactat.
897 1648 1079 1726 Angelorum
1093 1644 1209 1724 quidem
1223 1646 1312 1722 plura
1324 1642 1431 1701 nomina
1452 1649 1477 1699 et
1552 1660 1553 1731 p

289 1725 404 1786 diversa
417 1729 524 1806 passim
533 1737 652 1807 usurpat
663 1750 671 1806 ς
685 1747 792 1788 novem
805 1737 901 1788 autem
915 1748 978 1788 esse
989 1747 1088 1788 eorum
1099 1725 1214 1785 ordines
1222 1726 1256 1783 iu
1267 1733 1326 1784 tres
1336 1723 1432 1782 classes
1442 1720 1477 1777 ita
1552 1735 1553 1740 ¹

288 1805 465 1884 distributos,
491 1817 523 1868 ut
541 1817 600 1868 tres
624 1809 747 1886 singulis
768 1809 909 1868 classibus
931 1807 1139 1880 contineantur,
1162 1814 1193 1866 et
1212 1805 1378 1882 quicunque
1397 1799 1476 1877 prima

290 1887 480 1964 continentur,
502 1909 552 1949 eoa
566 1889 615 1948 vel
635 1889 767 1948 Thronos
787 1907 859 1963 esse,
875 1889 924 1948 vel
946 1886 1104 1964 Seraphim,
1123 1885 1171 1943 vel
1193 1885 1360 1958 Cherubim,
1382 1879 1476 1938 Paulus

616 1965 1193 2108 itinerantem
1207 1958 1475 2110 essese

290 2293 344 2358 tur,
367 2285 445 2362 quod
466 2229 526 2346 nedl
534 2287 711 2362 Timotheus,
726 2229 780 2347 ndo
794 2255 887 2364 litus,
902 2227 1026 2347 nesdnlallii
1047 2285 1131 2344 Pauli
1145 2284 1293 2360 discipuli,
1309 2221 1407 2360 qulbus
1420 2297 1475 2354 pro·

290 2362 426 2423 ouldubio
446 2365 509 2424 baeo
530 2365 704 2441 tradidisset,
719 2385 778 2424 non
790 2367 887 2426 minus
908 2387 941 2426 ao
957 2365 1107 2444 Dionysio,
1123 2365 1196 2422 nihil
1214 2363 1252 2422 de
1274 2362 1333 2422 illis
1353 2359 1475 2436 scriptum

288 2443 473 2520 reliquerunt.
515 2447 544 2504 2.
570 2445 601 2503 Si
615 2466 653 2503 ex
666 2445 756 2504 variis
776 2446 1018 2524 appellationibus
1032 2445 1119 2504 variae
1136 2452 1203 2504 sunt
1216 2439 1400 2502 instituendae
1414 2437 1475 2496 Hie-

288 2522 415 2596 rarchise,
431 2524 572 2583 ternarius
593 2525 699 2602 triplex
719 2543 779 2584 non
800 2524 950 2601 sufficeret,
967 2525 1076 2604 Angeli
1090 2524 1166 2583 enim
1180 2532 1326 2582 vocantur
1339 2520 1419 2580 etiem
1436 2516 1475 2574 Vi·
1553 2577 1554 2582 ,

285 2601 363 2680 atre,
386 2603 539 2662 Exercitra
552 2605 616 2680 Dei,
639 2614 666 2664 et
687 2605 758 2664 Filii
777 2605 843 2680 Dei,
863 2602 917 2664 dac.
941 2608 969 2665 3.
995 2605 1102 2666 Omnes
1124 2605 1178 2662 hos
1203 2602 1322 2662 ordines
1343 2596 1476 2678 perturbat

288 2680 456 2759 Apostolus,
472 2703 561 2760 quum
576 2703 676 2744 omnes
689 2693 776 2744 vocat
795 2686 910 2761 spiritua
926 2685 1191 2758 administratorios,
1208 2683 1289 2742 Heb.
1304 2683 1324 2741 i.
1340 2685 1383 2752 14,
1397 2675 1475 2754 quisi

287 2761 325 2820 ad
345 2761 507 2824 inferiorem
528 2764 650 2824 classem
671 2765 866 2841 detrahantur,
888 2764 994 2842 peribit
1014 2765 1060 2823 ris
1080 2763 1241 2841 argumenti
1265 2757 1406 2838 Apostoli,
1425 2774 1475 2832 quo

286 2841 407 2919 probare
422 2845 529 2922 satagit
539 2845 672 2923 Angelos
683 2845 798 2905 Christo
811 2864 871 2903 non
884 2864 947 2904 asse
961 2842 1125 2922 aquandos,
1141 2841 1220 2920 quod
1232 2841 1270 2900 de
1282 2839 1410 2902 omnibns
1422 2855 1474 2893 om·

287 2921 358 2980 nino
372 2931 417 2982 est
429 2923 660 3003 intelligendum.
681 2928 709 2984 4.
725 2925 821 2984 Nullae
834 2925 1023 3002 proprietates
1037 2944 1075 2983 ex
1089 2924 1234 2983 notatione
1248 2939 1356 2980 vocum
1369 2920 1473 2976 istarum

287 3011 434 3079 eruuntur,
450 3025 515 3082 quae
536 3005 669 3064 omnibus
685 3005 808 3083 Angelis
828 3025 887 3064 non
908 3005 965 3063 sint
986 3023 1160 3082 communes,
1178 3021 1280 3061 omnes
1298 3000 1374 3060 enim
1386 2995 1474 3054 vident

289 3081 393 3160 Deum,
404 3092 433 3144 et
446 3085 558 3144 fervent
572 3084 636 3163 ejus
650 3105 754 3160 amore,
771 3104 870 3145 omnes
883 3085 969 3144 etiarn
984 3085 1146 3142 mittuntur.
1168 3085 1196 3142 5.
1212 3083 1249 3140 Ιιι
1262 3082 1355 3159 prima
1370 3077 1473 3136 Hierat-

287 3163 353 3221 chia
366 3163 499 3224 locantur
511 3165 554 3223 illi
569 3165 619 3242 qni
633 3185 746 3244 semper
765 3167 828 3225 Deo
842 3163 965 3240 adstant,
988 3172 1017 3223 et
1030 3182 1173 3240 nusquam
1187 3163 1341 3221 mittuntur
1360 3159 1389 3216 in
1401 3173 1472 3213 muu-

287 3241 376 3318 dum,
398 3242 441 3302 At
454 3243 485 3300 in
502 3245 649 3322 Scriptura
664 3245 819 3305 Cherubim
833 3254 862 3304 et
878 3244 1027 3321 Seraphim
1040 3243 1177 3320 leguntur
1190 3242 1282 3318 missi,
1297 3249 1327 3300 et
1339 3243 1473 3296 versentea

286 3319 317 3376 in
328 3321 419 3395 terris,
436 3321 494 3382 Isa.
509 3322 549 3381 vi.
564 3327 592 3397 6,
609 3323 684 3382 Gen.
698 3325 739 3382 iii.
754 3328 802 3383 24.
825 3329 852 3384 6.
869 3324 941 3382 Haeo
954 3323 1133 3384 Platonicam
1147 3322 1278 3381 scholam
1291 3318 1406 3396 capidul,
1421 3331 1473 3370 ¹10¹1

287 3397 457 3475 Paulinam
480 3401 522 3459 sio
536 3401 612 3460 enim
624 3402 842 3480 distinguebant
857 3403 966 3463 Genios
981 3422 1047 3462 suos
1061 3403 1092 3460 in
1103 3395 1329 3479 supercoelestes,
1343 3395 1471 3460 ecelesias,

285 3484 315 3536 et
323 3477 519 3555 subcoelestes,
533 3489 566 3539 ut
579 3480 678 3540 videre
693 3491 738 3541 est
751 3483 828 3560 apud
842 3484 1006 3542 Iamblieum
1019 3483 1050 3541 in
1063 3481 1209 3560 mysteriis
1224 3477 1432 3559 AEgyptiomffls
1446 3481 1472 3528 ei

286 3555 364 3636 apud
377 3557 511 3617 Proclm
524 3558 555 3617 in
569 3558 753 3620 Alcibiadem
768 3561 907 3622 Platonis.

327 3635 419 3696 VIII.
429 3637 527 3697 Variae
541 3639 751 3717 appellationes
765 3661 829 3718 quae
843 3643 1009 3702 tribuuntur
1023 3641 1147 3720 Angelis
1160 3640 1198 3700 ab
1213 3639 1365 3718 Apostolo,
1379 3631 1435 3693 Col
1446 3629 1471 3702 ia

285 3737 344 3778 non
358 3717 482 3796 probant
494 3718 590 3778 varias
603 3719 711 3780 classes
732 3722 921 3798 Angelorum,
937 3723 1005 3800 quia
1017 3741 1077 3780 non
1090 3721 1201 3781 obtinet
1224 3720 1266 3780 ibi
1286 3719 1335 3777 ille
1348 3725 1471 3774 numerus

285 3818 372 3876 quem
383 3797 505 3877 jaceant,
522 3801 602 3860 nulla
616 3801 693 3859 euim
707 3821 741 3860 eo
754 3802 819 3860 loco
839 3803 948 3862 mentio
961 3801 994 3860 fit
1008 3800 1246 3874 Chembinorum,
1267 3807 1297 3857 et
1313 3791 1470 3871 seraphino-

285 3897 358 3954 rum,
374 3897 427 3938 neo
441 3878 700 3958 Archangelorum,
723 3889 774 3941 aut
787 3881 987 3960 Angelorum3
1009 3880 1062 3940 sed
1074 3880 1116 3940 ita
1127 3879 1265 3958 loquitur,
1279 3877 1327 3936 vel
1341 3895 1378 3935 ex
1389 3873 1470 3959 hypo·

285 3957 361 4018 thesi
381 3957 531 4020 Platonica
544 3960 761 4037 Angelicorum,
777 3970 878 4021 cosma
897 3981 970 4040 quos
990 3961 1127 4040 disputat,
1148 3960 1199 4038 qui
1219 3958 1326 4019 talibus
1349 3951 1472 4031 epithtlss

286 4038 427 4098 ornabant
440 4037 572 4117 Angelos
586 4039 623 4099 ad
637 4040 810 4118 multiplices
829 4041 944 4101 ordines
964 4061 1064 4102 eorum
1077 4039 1237 4115 notandos3
1259 4036 1316 4098 Vel
1336 4039 1401 4094 sunt
1412 4029 1470 4086 bee-

285 4125 381 4177 torum
400 4119 522 4178 istorum
543 4119 695 4213 spirituum
716 4121 820 4198 elogia,
842 4141 906 4198 qnae
927 4120 1046 4196 iaciunt,
1060 4119 1135 4180 mm
1156 4119 1193 4179 ad
1207 4113 1404 4179 celebrandam
1422 4103 1471 4167 Dei

284 4197 474 4292 majestatem,
491 4199 584 4277 Regio
599 4199 681 4276 quasi
696 4199 832 4260 satellitio
846 4201 989 4278 stipatam,
1011 4201 1042 4258 hi
1055 4199 1132 4259 euim
1148 4199 1223 4258 inter
1238 4199 1333 4274 Reges
1346 4189 1470 4258 eminent

283 4295 334 4416 3:¹¹
348 4277 524 4356 apparitores
537 4279 645 4339 habent
657 4279 731 4340 alios
745 4280 843 4358 Reges
856 4289 886 4340 et
900 4280 1048 4358 Principes
1060 4301 1067 4356 3
1090 4279 1164 4340 Tum
1177 4277 1217 4337 ad
1230 4267 1471 4338 commendandam

306 4357 455 4434 'gnitatem
475 4367 585 4418 naturas
600 4357 760 4436 Angelicae,
783 4369 812 4419 et
832 4358 1025 4420 denotandam
1047 4359 1235 4437 multiplicem
1260 4355 1418 4422 officiorum,
1438 4341 1470 4402 nd

283 4454 349 4511 qnae
362 4445 513 4513 vocantur,
526 4437 694 4498 varietatem
709 4449 737 4499 et
751 4439 915 4516 efficaciam,
930 4439 1096 4500 nominibus
1108 4437 1207 4517 petitis
1221 4437 1258 4498 ab
1272 4437 1314 4510 iis,
1329 4428 1471 4509 quainter

282 4511 414 4572 homines
441 4515 478 4572 ad
501 4515 708 4593 designandam
737 4519 906 4578 varietatem
931 4539 1083 4580 munerum
1104 4527 1134 4579 et
1155 4518 1326 4596 dIgnitatum
1351 4507 1471 4569 obtinere

283 4587 386 4647 solent.
421 4591 495 4652 Nam
510 4594 540 4651 in
554 4595 655 4670 politia
669 4605 736 4657 sunt
752 4599 866 4675 Tironi,
883 4599 983 4677 quales
997 4608 1066 4660 aunt
1077 4599 1192 4676 Regum
1206 4607 1236 4658 et
1251 4589 1472 4656 Monachum,
