3158 5190
108 359 218 410 eumer.
233 339 304 420 vm]
595 361 633 401 na
648 361 818 404 eoermuea.
1280 344 1318 403 89

107 519 170 558 non
190 499 325 576 sequitur
347 517 401 558 eos
427 498 517 558 anses
538 499 716 578 Cmonicos3
746 508 903 579 potuerunt
923 499 1001 560 enim
1023 499 1150 558 humana
1170 499 1322 577 diligentia

105 578 254 652 adornari,
266 577 306 637 ed
316 577 486 638 testandam
494 578 680 654 multiplicem
691 600 749 658 qua
761 581 919 639 instructus
932 587 994 638 erat
1007 598 1102 638 rerum
1116 579 1319 657 cognitionem,

104 677 170 716 non
182 676 255 716 vero
268 657 301 715 in
314 664 522 734 argumentum
535 657 641 717 divinae
654 665 685 719 et
694 659 919 736 supernaturalis
932 657 1137 736 inspirationis.

152 735 227 794 Vll.
249 735 333 794 Libri
346 736 399 812 qui
413 735 549 796 dicuutur
561 737 689 814 periisse,
704 738 763 797 Vel
774 759 834 797 non
848 737 1015 797 sensuam·
1026 745 1056 796 ct
1071 735 1214 812 Canoniei,
1226 737 1321 813 qualis

102 813 166 874 fuit
185 815 257 874 leber
277 815 415 874 telonem
427 815 544 874 Jeltooce
556 815 592 874 de
606 836 663 893 quo
678 817 764 876 Num.
780 817 841 876 xxi.
858 821 916 892 145
937 817 1002 876 Jos.
1017 835 1047 875 x.
1064 818 1118 890 153
1141 815 1319 891 LiberJustr',

101 897 124 952 2
145 893 225 954 Sum.
240 893 260 953 i.
278 896 334 969 143
358 893 502 954 Caenea
520 896 631 970 Rapum
649 897 738 955 Judae
757 905 784 956 et
803 897 929 969 lenem,
953 899 969 952 1
986 895 1060 971 Reg.
1081 895 1142 953 xiV.
1160 896 1206 970 19,
1222 896 1270 969 20,
1291 902 1321 953 et

100 991 162 1032 xv.
178 977 218 1047 ⁷3
244 973 296 1050 qui
314 992 374 1031 non
388 972 548 1032 doctrinam
563 973 733 1050 Religionis,
756 975 808 1034 scd
828 975 876 1034 vel
897 973 1028 1032 Annales
1052 973 1198 1047 Politicos,
1214 973 1320 1050 quibus

102 1071 158 1109 rea
171 1061 266 1128 gestes
281 1051 480 1110 lsra'e'litarum
494 1052 745 1129 consignabantur,
760 1053 810 1112 vel
830 1053 956 1112 Tabulas
976 1052 1119 1111 Actorum
1138 1051 1319 1129 publicorum

103 1139 138 1190 ct
156 1131 342 1190 statutorum
354 1130 538 1207 politicorum
553 1131 825 1209 complectebantur,
837 1140 870 1192 ut
882 1139 962 1210 petet
972 1149 1010 1190 ex
1025 1135 1041 1188 l
1055 1131 1128 1208 Reg.
1141 1131 1181 1190 xi.
1191 1133 1240 1190 41.
1261 1131 1320 1190 Vel

102 1209 180 1267 libri
200 1210 256 1286 qui
273 1209 409 1269 dicuntur
429 1210 557 1286 periisse,
580 1210 675 1269 adhuc
696 1219 798 1270 extant
822 1211 877 1272 sub
907 1211 972 1270 aliis
1003 1209 1175 1284 nominibus,
1197 1217 1231 1270 ut
1254 1210 1322 1270 libri

103 1289 261 1349 Nullane
283 1296 313 1348 et
333 1288 427 1348 Gadis
447 1287 484 1347 de
504 1289 618 1366 quibus,
635 1292 651 1349 l
667 1289 772 1350 Chron.
795 1289 879 1348 xxix.
904 1292 963 1364 293
986 1289 1026 1348 Et
1038 1290 1184 1364 Jetdone,
1199 1291 1217 1348 2
1233 1289 1319 1348 Chre.

102 1367 152 1426 ix.
178 1369 241 1443 29;
262 1368 382 1443 Semujoe
401 1375 432 1428 et
445 1367 588 1427 Hiddonie
610 1388 636 1427 e.
650 1369 701 1429 xii
719 1370 765 1444 15,
787 1388 861 1446 qnos
884 1376 995 1448 partem
1015 1367 1153 1427 librorum
1177 1367 1320 1429 Samuelis

103 1454 139 1504 et
166 1447 286 1522 Regum
310 1445 413 1521 iecere,
438 1454 469 1506 et
491 1446 590 1506 Judaei
603 1446 716 1522 docent,
731 1455 761 1507 et
775 1448 876 1508 Petras
889 1447 1007 1527 quidam
1020 1455 1130 1522 notant,
1151 1454 1182 1506 et
1194 1446 1268 1506 varii
1281 1466 1320 1508 ex

105 1524 279 1584 Poutifieiis
304 1543 363 1584 non
386 1525 502 1584 obscuri
527 1525 661 1601 nominis,
684 1534 717 1586 ut
742 1527 840 1586 Samum
866 1526 1003 1602 &neusa
1024 1527 1134 1586 Paulus
1154 1526 1318 1602 Burqerur'e,

105 1606 208 1663 Ludo.
224 1606 260 1664 de
275 1605 361 1679 Terre,
376 1604 515 1678 sancum
530 1611 561 1664 et
575 1605 626 1664 alii
639 1604 772 1665 fatentur.

153 1683 249 1742 Vlll.
271 1683 357 1742 Inter
369 1684 486 1742 Jelroaoe
498 1681 535 1742 de
548 1703 606 1761 quo
621 1683 680 1745 Isa.
694 1684 797 1744 xxxiv.
815 1685 861 1759 16,
882 1703 941 1743 non
961 1682 1036 1744 alius
1055 1692 1100 1743 est
1120 1682 1158 1743 ab
1171 1683 1234 1760 ipsa
1248 1683 1318 1742 Pro-

108 1761 217 1838 phetis
230 1780 317 1839 qnam
331 1761 476 1821 scribebat
488 1763 603 1821 nomine
618 1762 744 1840 Domini,
770 1773 799 1823 et
813 1783 898 1840 quem
911 1771 1063 1840 propterea
1075 1761 1181 1821 librum
1194 1762 1217 1822 J
1218 1762 1319 1822 ehovae

109 1847 211 1899 vocat.
253 1839 341 1899 Liber
360 1842 605 1900 humectationem
627 1843 761 1901 Jeremioe
784 1861 871 1919 super
893 1851 986 1899 morte
1010 1839 1102 1916 Regis
1121 1839 1214 1901 Josis
1234 1841 1318 1918 cujus

109 1919 226 1978 mentio
239 1918 281 1993 fit,
297 1922 315 1976 2
331 1919 425 1978 Parel.
440 1940 532 1978 xxxv.
548 1921 595 1994 25,
611 1921 767 1979 etiamnum
781 1921 811 1978 in
825 1919 948 1978 'l'hrenis
961 1919 1077 1994 legitur.

154 1998 219 2056 IX.
241 1997 309 2056 Non
322 1996 427 2056 dicitur
448 1999 557 2058 Coloss.
573 1999 611 2058 iv.
630 2001 676 2074 16,
698 1999 787 2057 ullam
807 1999 896 2057 finisse
911 1997 1072 2074 Epistolam
1087 1995 1172 2054 Pauli
1185 1996 1224 2054 ad
1243 1997 1317 2055 Lao·

111 2077 257 2151 dicenses,
281 2076 349 2152 qnia
361 2077 467 2153 ‘egitm
487 2078 524 2136 da
545 2077 668 2154 epistola
682 2079 706 2136 'a
720 2073 864 2142 Δαδικιίις
879 2096 936 2135 non
950 2081 1010 2157 egle
1023 2072 1176 2142 Manates,
1190 2093 1254 2150 quae
1267 2095 1318 2153 po·

112 2163 189 2214 teret
204 2175 269 2214 esse
284 2155 416 2233 Epistola
429 2177 448 2215 a
462 2155 688 2216 laodicensibus
708 2156 747 2214 ad
768 2157 891 2216 Paulum
904 2157 1019 2232 scripta,
1041 2156 1071 2214 in
1084 2173 1151 2231 qua,
1167 2154 1235 2232 quia
1248 2173 1318 2212 non·

113 2235 196 2292 nulla
210 2243 372 2311 erantque
385 2235 459 2294 scire
482 2236 633 2295 interesset
657 2235 876 2310 Collosensium,
903 2234 1010 2294 Peulus
1034 2234 1100 2292 vult
1122 2252 1189 2292 cum
1209 2251 1261 2291 sua
1281 2233 1319 2292 ab

113 2313 173 2372 illis
193 2313 264 2390 legi
308 2313 393 2373 Unde
416 2314 508 2391 liquet
534 2334 621 2391 quem
646 2315 707 2374 sine
734 2314 845 2373 ratione
872 2315 967 2373 Faber
993 2312 1168 2390 Staptdemr's
1194 2311 1320 2372 voluerit

115 2391 280 2469 Epistulam
294 2392 331 2451 ed
346 2392 539 2454 laodicenses
552 2392 706 2455 obtrudere
720 2393 785 2454 orbi
798 2393 969 2468 Christiano,
985 2391 1065 2471 quod
1085 2390 1260 2451 cordatiores
1280 2411 1319 2450 ex

116 2471 280 2530 Pontificiis
293 2481 482 2547 agnoverunt.

156 2549 199 2610 X.
221 2551 310 2610 Judoe
324 2553 370 2626 14,
392 2569 451 2608 non
475 2551 507 2610 fit
530 2550 638 2611 mentio
661 2551 741 2612 Libri
762 2550 883 2625 Enochi,
905 2549 957 2610 sed
977 2558 1090 2610 tantum
1109 2549 1174 2626 ejus
1189 2548 1316 2626 Prophe·

117 2629 172 2704 tiae,
187 2629 258 2706 qtiia
272 2629 377 2688 dicitur
390 2631 577 2705 Prophetaeee
590 2649 648 2689 non
669 2631 833 2708 scripsisse;
857 2630 976 2690 Librum
997 2637 1103 2705 autem,
1126 2627 1231 2705 siquis
1252 2627 1315 2703 huit,

117 2727 264 2786 nunquam
277 2707 308 2766 in
323 2709 468 2767 canonem
482 2710 603 2769 relatum
616 2707 713 2784 fuisse,
728 2718 808 2787 patet
825 2718 887 2770 tum
907 2728 945 2770 ex
958 2709 981 2768 J
982 2708 1082 2786 osephi
1102 2716 1132 2766 et
1146 2707 1318 2783 Hieronymi

116 2787 240 2861 silendo,
255 2795 318 2848 tum
332 2807 371 2846 ex
391 2807 428 2846 eo
451 2788 530 2864 quod
551 2789 650 2848 Moses
673 2797 810 2866 tanquam
831 2789 941 2866 primus
956 2788 1086 2865 Scriptor
1099 2786 1259 2858 canonieus
1273 2805 1317 2846 re·

117 2877 258 2942 censetur,
275 2867 347 2926 Luc.
362 2867 444 2926 xxiv.
457 2871 505 2926 2⁷.
547 2867 679 2945 Apparet
690 2868 808 2945 quidem
821 2889 860 2927 ex
880 2867 1047 2945 Augustino
1061 2866 1112 2926 lib.
1127 2883 1177 2924 xv.
1192 2865 1229 2923 de
1243 2864 1316 2926 ul).

117 2967 141 3006 c.
158 2949 204 3021 13,
219 2946 352 3005 extitisse
365 2946 402 3005 iis
415 2945 592 3024 temporibus
605 2947 711 3008 librum
725 2945 943 3025 Apocryphum,
958 2946 1042 3022 cujus
1056 2942 1145 3004 index
1159 2943 1316 3002 mentieba-

116 3033 163 3084 tur
177 3025 330 3086 Enochum
354 3026 512 3102 authorem,
533 3027 617 3105 cujus
631 3025 719 3086 etiam
741 3025 934 3103 fragmentum
955 3024 1094 3083 debemus
1119 3021 1267 3098 Scaligero
1286 3022 1318 3079 in

117 3105 311 3164 animadvers.
326 3105 434 3166 Euseb.

155 3184 217 3242 XI.
241 3183 274 3242 si
287 3183 420 3261 quaedam
441 3184 478 3243 ab
492 3183 643 3262 Apostolis
663 3184 825 3244 retenentur
843 3182 909 3242 loca
928 3200 966 3240 ex
979 3179 1048 3241 Vct.
1063 3177 1141 3238 Test.
1156 3196 1221 3256 quae
1241 3196 1318 3238 nune

116 3282 174 3322 non
192 3264 332 3340 leguntur
349 3283 485 3341 expresse
504 3264 534 3322 in
553 3264 613 3324 ullo
632 3263 707 3323 libro
722 3263 886 3337 Canonico;
908 3261 975 3320 Non
993 3258 1123 3336 sequitur
1141 3257 1247 3316 librum
1265 3257 1317 3316 ali·

117 3362 201 3420 quem
213 3343 391 3402 Canonicum
405 3343 436 3400 in
449 3362 506 3420 quo
520 3343 576 3402 ista
589 3343 728 3403 extabant
741 3341 861 3420 periisse
873 3363 880 3401 :
895 3340 955 3416 sed,
963 3340 1022 3399 Vel
1032 3338 1215 3415 continentur
1222 3336 1315 3416 impli-

117 3423 171 3481 cite
191 3431 222 3482 et
241 3425 314 3480 mal
335 3419 450 3492 bats-mv,
464 3431 497 3481 ut
517 3421 596 3499 quod
616 3422 701 3482 Matt.
716 3422 746 3481 ii.
762 3425 812 3497 23,
826 3420 931 3480 dieitur
951 3420 987 3480 de
1009 3419 1132 3492 Christo,
1146 3420 1317 3476 Nascreaue

116 3503 267 3578 meabimr,
282 3502 452 3577 desumitur,
466 3502 515 3561 vel
529 3521 567 3562 ex
582 3501 667 3560 Isaiae
680 3502 720 3562 xi.
737 3506 764 3578 l,
776 3501 864 3578 juxta
876 3502 960 3560 Hier.
973 3499 1024 3558 ubi
1039 3498 1170 3558 Christus
1184 3497 1316 3558 surculus

117 3589 243 3658 vocatur,
260 3582 310 3640 vel
329 3600 369 3640 ex
382 3580 453 3641 Jud.
468 3581 530 3640 xiii.
545 3583 573 3656 5,
589 3581 639 3640 ubi
652 3581 749 3659 agitur
762 3581 798 3640 de
814 3581 952 3641 Samsone
969 3579 1076 3640 Christi
1093 3587 1172 3656 typo,
1188 3578 1239 3654 qui
1251 3579 1316 3635 Na·

116 3681 232 3722 merrus
247 3662 308 3720 Dei
319 3661 426 3720 dicitur
438 3660 551 3720 futurus
564 3661 602 3719 ab
615 3669 705 3722 utero.
748 3661 805 3720 Vel
818 3661 849 3720 in
863 3681 897 3720 eo
911 3659 989 3737 quod
1002 3659 1115 3732 dicitur,
1133 3661 1148 3716 1
1165 3659 1230 3717 Cor.
1245 3675 1274 3714 v.
1285 3658 1315 3731 9,

117 3741 152 3798 de
166 3741 300 3820 Epistola
313 3759 402 3819 quam
422 3741 460 3798 ad
480 3741 558 3818 ipsos
579 3740 740 3818 scripserat,
761 3740 834 3798 nihil
854 3740 949 3800 obstat
962 3737 1116 3816 quominus
1130 3737 1210 3794 illem
1224 3735 1316 3814 ipsam

117 3819 313 3898 intelligamus
333 3820 484 3897 epistolam
497 3839 584 3896 quam
598 3820 749 3895 scribebat,
765 3820 795 3878 in
808 3839 865 3897 qua
878 3820 964 3897 paulo
978 3825 1044 3876 ante
1060 3818 1187 3894 jusserat
1200 3832 1315 3872 exeom-

116 3900 253 3959 municati
267 3919 334 3959 eum
353 3898 404 3977 qui
418 3918 449 3958 se
463 3898 572 3958 incesto
586 3899 792 3976 coinquinaret,
808 3907 840 3960 ut
854 3899 916 3958 Col.
931 3899 971 3958 iv.
988 3900 1033 3970 16,
1046 3894 1161 3973 quando
1175 3896 1187 3956 i
1203 3893 1316 3953 triremi

117 3981 292 4054 testamen-it,
308 3978 378 4038 nim.
394 3980 456 4038 hec
469 3997 556 4054 quarn
569 3979 716 4038 exarabat.
758 3978 816 4038 Vel
836 3998 914 4038 mere
933 3975 1071 4036 historice
1091 3980 1167 4046 sunt,
1189 3980 1222 4030 ut
1238 3969 1316 4046 quod

116 4058 197 4118 refert
205 4059 229 4120 J
230 4057 313 4132 udas,
323 4079 354 4117 v.
363 4059 392 4134 9,
399 4058 436 4118 da
444 4057 628 4117 altercatione
638 4057 755 4116 Diaboli
763 4077 829 4116 cum
838 4057 979 4116 Micha'ele
988 4072 1074 4130 super
1083 4069 1201 4126 corpore
1213 4048 1316 4124 Mosis,

116 4138 188 4215 quod
201 4139 302 4216 potuit
313 4137 422 4198 habere
436 4138 498 4196 sive
512 4157 550 4196 ex
563 4137 726 4212 traditione,
740 4145 773 4196 ut
786 4137 903 4214 quidam
918 4133 1028 4208 volunt,
1044 4131 1106 4189 sive
1120 4149 1158 4188 ex
1175 4127 1250 4186 libro
1264 4127 1315 4186 ali-

116 4237 169 4294 quo
184 4217 403 4292 Ecclesiastico,
415 4216 467 4276 sed
485 4236 543 4275 non
558 4217 710 4292 Canonico,
726 4215 776 4292 qui
789 4215 914 4293 perierit.

154 4297 231 4358 ΧΠ.
253 4295 397 4372 Quamvis
407 4295 470 4356 fieri
483 4296 609 4373 potuerit
621 4305 655 4356 ut
668 4294 861 4372 Autogrepha
875 4289 964 4367 Legis
983 4297 1014 4348 et
1028 4287 1236 4366 Prophetarum
1250 4304 1315 4365 qna

116 4377 337 4438 asservabantur
350 4375 382 4434 in
397 4375 484 4451 Area,
506 4395 572 4436 cum
592 4393 627 4434 ea
639 4373 852 4451 conflagrarint,
867 4389 957 4449 quum
978 4387 1080 4427 eversa
1097 4373 1142 4426 est
1156 4365 1266 4426 Civitas
1286 4374 1316 4426 et

117 4455 260 4517 incensum
274 4455 432 4533 Templum
445 4463 573 4533 tempore
587 4454 770 4533 Captivitatis
785 4449 991 4530 Babylonicae;
1008 4447 1074 4507 Non
1088 4447 1217 4525 sequitur
1230 4465 1314 4526 prop·

116 4545 187 4596 terea
200 4547 271 4598 tunc
292 4533 475 4594 intercidisse
489 4553 589 4594 omues
611 4535 715 4594 Libros
728 4551 833 4606 sacros,
849 4531 899 4608 qui
918 4547 969 4608 per
984 4526 1106 4588 Esdram
1120 4527 1215 4586 denuo
1234 4527 1316 4584 velut

117 4636 161 4693 per
179 4617 305 4680 alterum
321 4615 438 4674 Mosam
452 4614 527 4675 intra
541 4616 580 4673 40
594 4613 656 4673 dics
676 4611 800 4672 restituti
815 4610 938 4687 fuerint;
961 4608 1029 4687 quia
1049 4607 1213 4685 apographa
1227 4623 1316 4682 penes
