3160 5194
267 365 332 428 xliv
697 380 829 428 onsrro
848 381 1033 428 sensurus.

268 547 355 610 tudo.
407 543 524 607 Eadem
554 543 604 607 die
627 563 697 607 cum
718 543 901 624 quibusdam
930 545 968 607 de
993 545 1086 608 uariis
1112 544 1153 607 ad
1180 542 1328 608 Ecclesia
1354 543 1477 608 Christi

267 644 457 709 commodum
473 642 710 722 pertinentibus,
723 644 763 704 ad
779 644 885 706 horam
900 643 1050 707 decimam
1060 663 1157 724 usqne
1171 643 1341 707 collocutus
1355 645 1477 718 inerat,

267 763 360 822 qnnm
376 739 479 804 subito
502 761 536 804 se
553 741 736 805 torminibus
759 740 890 804 letiferis
908 741 1162 806 excarnificatum
1177 741 1283 804 sensit.
1335 741 1362 803 0
1379 741 1478 806 Fceli-

247 860 332 904 -cem
357 839 453 914 illum,
483 860 574 921 pean
600 848 744 903 eatreraa
770 841 837 902 dies
863 842 912 904 ita
935 843 1090 904 invenerit
1116 839 1240 903 Christo
1267 840 1477 904 militantem.

266 937 364 1000 Simul
379 958 415 1001 ac
430 958 464 1001 se
479 939 587 1000 morbo
601 944 777 1018 correptum
792 939 942 1020 percepit,
960 939 1108 1003 continuo
1123 958 1219 1014 mens,
1237 937 1327 1017 quasi
1343 937 1480 1018 praescia

266 1037 374 1113 futuri,
386 1035 504 1100 instare
517 1036 576 1101 sibi
593 1036 735 1099 ultimum
747 1037 819 1099 vita
837 1037 1003 1100 terminum
1019 1043 1171 1119 augurata
1187 1044 1318 1112 estnec
1336 1035 1478 1100 dilectis·

265 1135 373 1198 simam
391 1154 525 1197 sororem
542 1134 600 1198 hoc
617 1134 714 1199 latere
730 1134 837 1201 voluit.
876 1135 920 1198 Et
937 1155 1006 1200 cum
1022 1136 1060 1198 do
1076 1136 1184 1198 morbo
1195 1134 1329 1198 monitus
1347 1135 1477 1198 adeum

264 1235 432 1298 festinante
455 1233 554 1314 gradu
580 1234 792 1310 cucurrissem,
810 1233 885 1296 mihi
914 1234 996 1297 dixit
1020 1234 1110 1310 illico,
1129 1255 1162 1297 se
1187 1239 1308 1296 mature
1334 1233 1478 1314 corporis
1563 1253 1564 1278 1

266 1333 421 1412 ergastulo
435 1331 562 1395 liberari
577 1331 756 1395 ardentibus
773 1332 854 1396 votis
869 1338 1028 1413 exoptare,
1043 1332 1146 1395 dolere
1161 1337 1293 1405 tantum,
1309 1332 1394 1412 quod
1412 1352 1478 1412 pra
1563 1333 1564 1394 i

266 1431 432 1494 torminum
444 1431 556 1509 quibus
571 1433 769 1510 premebatur
784 1430 970 1506 carnificina,
989 1431 1066 1493 satis
1082 1451 1140 1511 pro
1155 1437 1227 1495 voto
1238 1428 1365 1492 Patrem
1384 1437 1478 1492 aeter-

266 1550 339 1592 num
357 1529 421 1593 suis
445 1528 642 1608 interpellare
669 1528 810 1609 precibus
836 1549 897 1591 non
922 1535 1046 1608 posset3
1074 1527 1177 1592 Nosse
1192 1535 1297 1590 tamen
1314 1525 1478 1608 Redemp-

265 1635 365 1691 torem
382 1647 471 1690 suum
488 1626 521 1688 in
538 1647 629 1706 quem
645 1626 829 1701 crediderat,
846 1633 880 1689 et
904 1626 977 1688 dum
1003 1648 1073 1691 suos
1092 1627 1221 1708 spiritus
1235 1633 1360 1707 regeret
1376 1633 1479 1700 artus,
1564 1651 1565 1688 l

265 1727 438 1790 crediturus
464 1731 542 1800 erat,
569 1724 761 1804 animamque
788 1743 874 1787 snam
900 1724 1024 1788 unicum
1050 1725 1195 1788 anhelare
1220 1724 1404 1799 Christum
1441 1725 1481 1788 Id
1564 1729 1565 1786 i

266 1846 358 1887 unum
385 1822 575 1905 supplicibus
599 1822 702 1886 aDeo
728 1823 916 1886 contendere
935 1823 1025 1898 rotis,
1051 1831 1088 1887 ut
1114 1822 1296 1886 condonatis
1321 1823 1478 1903 peccatis,
1564 1849 1565 1852 ¹

264 1923 346 1987 vires
362 1922 497 1987 ferendis
512 1921 667 1984 doloribus
684 1941 774 2002 pares
800 1923 939 1985 sufficere
955 1923 1057 1997 vellet,
1075 1930 1108 1986 et
1123 1920 1276 2002 placidam
1292 1923 1480 1986 concederet
1564 1947 1565 1974 ι

266 2029 429 2084 attenuetur.
481 2020 595 2085 Medici
623 2029 823 2085 accersuntur
852 2021 1120 2101 experientissimi,
1155 2020 1207 2099 qui
1238 2021 1344 2082 morbo
1378 2021 1482 2101 probe
1564 2050 1566 2088 ι

265 2122 389 2202 cognito
410 2119 514 2184 omnia
530 2118 703 2200 Apollineae
727 2119 805 2181 artis
830 2119 1037 2180 adhibuerunt
1061 2117 1205 2190 remedia,
1221 2123 1258 2177 ut
1272 2118 1481 2194 gravissimos

265 2220 357 2284 hosce
384 2221 512 2292 dolores,
538 2218 565 2277 si
593 2236 654 2276 non
680 2216 803 2293 pellere,
830 2215 939 2275 saltem
965 2215 1066 2276 levare
1095 2219 1231 2292 possent,
1250 2213 1323 2273 dum
1349 2216 1482 2280 Noster

266 2323 415 2378 aternum
431 2315 502 2376 vitae
517 2309 685 2385 mortisque
703 2309 870 2368 Arbitrum
887 2309 934 2368 ita
949 2327 1019 2370 cum
1032 2308 1132 2389 Regio
1142 2307 1226 2370 Vate
1241 2310 1477 2390 compellabat:
1564 2341 1566 2378 l

502 2508 582 2567 Audi
593 2516 735 2566 vecanam
749 2508 778 2566 ia
790 2509 872 2567 reboo
886 2510 997 2586 asperis

503 2591 545 2648 Et
558 2589 626 2648 leura
639 2608 738 2647 aurem
752 2591 792 2648 da
800 2589 931 2666 precibus
944 2591 1013 2650 meis

502 2672 611 2728 Rerum
627 2667 758 2728 Creator.

502 2751 585 2808 Jarr's
598 2751 689 2808 severi
700 2771 734 2808 ae
748 2751 857 2809 trutina
870 2772 961 2811 meam

503 2832 645 2906 Expende
658 2831 751 2906 citam,
768 2851 847 2890 nenio
862 2832 1002 2890 bominum
1016 2831 1145 2890 innocens

504 2911 551 2969 Sic
565 2921 612 2986 cat,
630 2913 768 2969 Triboaal
777 2913 865 2986 possit
878 2921 910 2969 ut
921 2915 964 2970 ad
975 2921 1052 2969 tuum

502 2991 540 3049 Sc
548 2993 681 3070 profiteri
693 2991 808 3050 crimine
822 2993 946 3050 liberam.

263 3173 384 3237 Christe
400 3174 552 3251 Salvator,
570 3176 717 3255 sanguine
732 3180 787 3237 tuo
801 3175 934 3238 animam
948 3195 1127 3256 consperge,
1142 3195 1254 3255 quaeso,
1271 3177 1353 3254 andi,
1369 3177 1475 3252 Pater,

264 3271 421 3349 sanguinis
438 3274 530 3353 hujus
547 3273 704 3336 clamores.
755 3273 935 3352 Aliquando
951 3295 988 3336 ca
1000 3275 1163 3353 repetebat
1181 3295 1248 3354 quae
1263 3275 1430 3341 novissime
1444 3283 1476 3339 et

262 3385 375 3444 paucos
390 3377 463 3430 ante
478 3370 544 3432 dies
561 3370 593 3430 in
611 3367 762 3432 Conoione
779 3370 891 3433 Italica
906 3377 1093 3449 exposuerat
1109 3391 1149 3434 ex
1166 3371 1219 3437 Ps.
1237 3374 1368 3436 xxxviii.

502 3558 549 3614 Ne
562 3557 725 3630 mefitroric
739 3564 872 3616 oestaame
886 3559 1012 3618 inccndio

502 3637 638 3694 Servatur
651 3635 725 3693 orbis
739 3655 847 3712 argue:

501 3717 567 3774 Neu
576 3725 784 3790 promerentem
798 3719 948 3793 quemlebet
955 3739 1057 3796 poenus
1068 3739 1173 3796 graves

502 3797 612 3872 Pergae
621 3815 678 3871 per
691 3797 766 3854 iram
775 3801 907 3874 plectere,

501 3878 621 3935 Haerent
633 3877 761 3935 medullis
769 3879 882 3953 penitae
896 3880 985 3958 infixa
999 3882 1068 3940 mas

504 3959 572 4016 Yaoe
584 3957 693 4034 sapiae
706 3961 839 4017 dextere.

264 4139 412 4218 Sequenti
428 4141 478 4206 die
494 4143 667 4224 AEscnlapii
692 4144 790 4207 nostri
816 4164 933 4208 summo
949 4165 1018 4209 curn
1036 4145 1139 4209 dolore
1157 4165 1228 4208 suos
1245 4165 1350 4210 omnes
1368 4147 1473 4210 irritos

264 4235 407 4298 viderunt
423 4250 561 4317 miratus,
588 4263 624 4306 ac
650 4244 790 4306 morbum
816 4243 1031 4326 ingravescere
1048 4250 1176 4326 propter
1203 4253 1311 4314 κοιλίας
1341 4253 1472 4329 rapuero,

269 4341 318 4392 κα)
334 4340 459 4406 σώματος
477 4345 638 4424 litterariam
665 4341 757 4406 Unde
782 4341 809 4404 si
835 4343 874 4406 de
887 4341 987 4405 nostri
1004 4351 1158 4425 μακαρίτου
1174 4341 1240 4405 vita
1254 4343 1388 4406 nondum
1406 4345 1474 4408 des-

266 4429 427 4509 perabant,
446 4435 558 4510 exigua
574 4445 677 4502 tamen
703 4461 757 4521 spe
782 4441 997 4514 trahebantur,
1024 4447 1057 4503 et
1081 4439 1164 4504 inter
1190 4461 1274 4520 spem
1297 4448 1474 4522 metumque

267 4529 451 4589 fluctuantes
478 4551 538 4608 quo
564 4544 705 4614 vergeret
729 4539 789 4601 iste
816 4539 940 4601 morbus
967 4537 1165 4602 dubitabant.
1217 4537 1275 4601 Ille
1295 4559 1368 4602 vero
1386 4537 1474 4619 qnasi

265 4643 420 4705 presagus
431 4625 528 4691 futuri
541 4631 580 4694 ad
589 4641 718 4698 mortem
728 4657 760 4700 se
774 4635 969 4717 accingebat3
986 4635 1062 4699 Cum
1073 4635 1301 4715 lachrymantes
1314 4637 1474 4702 adstantes

1562 3317 1567 3474 l
