3158 5190
230 358 287 414 132
700 373 792 414 socos
807 371 967 414 secuunus.
1210 351 1341 434 [comer.
1356 373 1435 414 nvn.

229 515 423 595 cognitionem
437 515 546 593 gloriae,
562 515 612 575 ubi
633 534 692 575 non
705 514 830 592 amplius
843 534 895 593 per
908 512 1056 592 speedum
1071 521 1101 572 et
1118 513 1149 571 in
1163 513 1318 592 enigmate
1333 533 1437 576 sumus

229 597 382 675 cognituri,
406 597 457 656 sed
478 595 552 655 facie
575 594 736 656 adfaciem
760 595 855 654 Deum
877 615 977 654 sumus
990 593 1090 670 visuri,
1114 597 1130 651 l
1153 593 1283 654 Corinth.
1304 597 1366 656 xiii.
1384 600 1435 656 14.

228 698 289 738 non
302 677 433 755 sequitur
446 677 578 736 absolute
592 685 621 736 ct
641 676 672 734 in
685 696 717 735 se
731 676 884 736 obscuram
896 695 961 734 esse
975 682 1108 752 respectu
1129 681 1223 734 status
1240 676 1330 754 hujus
1344 677 1435 754 vitae;

230 758 386 836 quietalis
407 766 451 816 eat
472 757 596 832 claritas,
619 775 684 833 quae
705 757 790 815 nobis
811 756 843 814 in
864 755 919 814 hac
932 755 994 814 vita
1015 754 1136 830 sullicit;
1158 763 1258 832 utpote
1279 776 1436 834 perquam

229 839 302 898 lacis
314 845 424 897 retecta
438 837 665 914 contemplamur
678 837 800 914 gloriam
812 835 930 894 Domini
943 835 975 893 in
985 835 1103 912 speculo
1114 835 1278 913 Evangelii,
1292 840 1310 894 2
1323 837 1436 898 Corint.

230 919 272 978 iii.
289 920 335 976 18.
378 923 406 977 2.
422 918 532 977 Paulus
551 917 681 994 loquitur
700 917 737 976 de
754 916 919 994 cognitione
934 915 1124 992 aenigmatica,
1139 935 1205 993 qua
1219 916 1257 974 sit
1271 919 1437 978 communis

231 999 365 1059 omnibus
378 999 547 1074 viatoribus,
569 997 683 1056 nemine
701 1017 738 1055 ne
760 997 854 1074 seipso
869 996 955 1055 etiam
970 1003 1109 1073 except03
1132 997 1225 1072 Nunc,
1241 996 1345 1074 inquit,
1357 999 1436 1058 vide-

231 1100 293 1142 mus
310 1099 366 1156 per
378 1081 536 1155 speculam
557 1078 622 1156 quis
636 1095 706 1136 vero
720 1077 828 1135 dixerit
841 1076 933 1135 Paulo
948 1076 1100 1134 obscuram
1120 1074 1209 1135 luisse
1232 1076 1439 1154 Scriptorum?

233 1160 315 1237 Ergo
328 1159 411 1219 loeus
423 1167 506 1218 notat
519 1167 631 1218 tantum
645 1156 889 1234 imperfectionem
903 1155 1078 1234 cognitionis
1091 1165 1197 1216 nostra
1211 1157 1241 1213 in
1255 1157 1310 1216 hac
1321 1158 1392 1234 vita,
1405 1169 1438 1219 ct

233 1239 388 1300 discrimen
402 1238 587 1298 revelationis
601 1238 703 1315 gratia
717 1245 747 1296 ct
759 1237 868 1314 gloriae,
885 1237 1009 1295 sednon
1023 1236 1227 1296 obscuritatem
1244 1237 1413 1316 Scriptura.

273 1319 400 1380 XVIII.
422 1317 562 1395 Quamvis
585 1317 747 1378 scrutanda
769 1318 828 1376 sint
851 1317 1015 1394 Scripturas,
1037 1315 1087 1376 Jo.
1102 1335 1132 1374 v.
1154 1317 1201 1390 39,
1223 1336 1282 1376 non
1304 1320 1440 1396 sequitur

232 1399 370 1461 obscuras
384 1419 448 1458 esse
461 1399 578 1476 ubique,
594 1398 681 1457 etiam
701 1397 732 1456 in
745 1397 832 1456 rebus
845 1396 884 1455 ad
905 1397 1027 1456 salutem
1040 1395 1219 1472 necessariis,
1237 1401 1263 1456 1.
1286 1397 1361 1473 Quia
1374 1419 1437 1458 non

232 1480 356 1540 dicimus
370 1499 434 1538 esse
448 1479 542 1540 cnivis
561 1477 745 1555 perspicuam
768 1476 821 1536 sed
833 1483 946 1536 tantum
960 1476 1088 1536 animum
1102 1476 1270 1553 attendenti,
1286 1487 1317 1538 et
1331 1479 1438 1538 sedulo

231 1558 428 1638 investiganti,
443 1565 596 1638 propterca
609 1576 681 1635 opus
695 1565 740 1616 est
754 1557 900 1632 scrutinio,
916 1557 985 1634 quia
999 1557 1139 1616 scrutanti
1152 1556 1268 1616 demum
1281 1561 1440 1637 perspicua

231 1648 277 1700 est
292 1639 457 1716 Scriptura:
479 1637 631 1697 Facillime
644 1637 721 1696 enim
732 1655 863 1714 quaeque,
878 1637 972 1697 obitet
984 1646 1071 1715 atque
1085 1637 1241 1696 oscitanter
1258 1638 1438 1717 legentibus,

211 1749 216 1758 ·
232 1720 356 1780 obscura
368 1718 451 1779 fiunt.
486 1722 516 1778 2.
530 1717 597 1778 Non
610 1737 751 1795 negamus
765 1737 818 1776 sua
831 1737 895 1777 csse
911 1717 1066 1795 Scripturas
1076 1717 1173 1794 adyta,
1186 1725 1216 1775 et
1230 1719 1438 1796 mysteriorum

231 1800 306 1870 βάθη,
321 1818 386 1877 quae
400 1797 516 1858 nonnisi
536 1817 648 1858 summo
663 1795 759 1858 studio
773 1805 802 1856 at
816 1797 956 1875 diligente
977 1797 1114 1874 indagine
1138 1796 1200 1856 emi
1219 1807 1359 1876 possunt,
1381 1801 1439 1860 sed

231 1881 288 1941 hoc
301 1901 360 1939 non
373 1880 470 1940 obstat
483 1878 638 1957 quominus
651 1879 709 1937 alia
722 1881 873 1938 occurrant
886 1877 960 1936 bene
973 1878 1073 1954 multa,
1088 1885 1119 1937 et
1136 1877 1254 1956 quidem
1271 1881 1440 1940 necessaria

234 1962 272 2022 ad
287 1962 417 2036 salutem,
433 1979 499 2038 quae
513 1959 604 2020 oculis
617 1957 1059 2018 fideliumfacilcobversantur.
1215 1963 1218 1968 '
1252 2025 1254 2032 Ι

237 2073 241 2086 ·
275 2042 371 2102 XIX.
393 2041 533 2116 Quemvis
553 2039 678 2117 apostoli
697 2038 942 2113 resurrectionem,
965 2046 995 2097 at
1015 2037 1213 2096 escensionem
1234 2037 1343 2099 Christi
1363 2041 1442 2102 satis

232 2123 397 2201 intelligere
410 2141 469 2180 non
481 2121 636 2199 potuerint,
652 2119 674 2180 J
676 2140 702 2180 o.
717 2119 778 2177 xvi
795 2121 841 2190 18,
856 2137 915 2176 nou
930 2117 1060 2194 sequitur
1080 2118 1258 2196 Scripturam
1278 2119 1367 2179 luisse
1381 2121 1441 2180 ob-

233 2221 366 2263 scuram:
386 2201 456 2278 quis
469 2201 575 2260 sufficit
588 2199 743 2277 unicuique
757 2198 885 2276 cognitio
905 2217 957 2276 pro
973 2197 1060 2257 modo
1075 2205 1168 2257 status
1178 2198 1208 2256 in
1219 2217 1276 2276 quo
1290 2210 1439 2279 versatur,

233 2291 265 2342 et
278 2282 417 2342 doctrines
431 2299 496 2357 quse
510 2281 663 2340 revelatur.
706 2278 775 2339 Jsm
793 2297 889 2336 rerum
909 2277 1011 2337 harum
1031 2277 1171 2338 revelatio
1191 2279 1285 2356 plena,
1307 2289 1375 2358 post
1388 2302 1440 2342 re-

233 2361 440 2422 surrectionem
454 2359 570 2418 demum
584 2359 751 2435 contingere
765 2356 875 2416 debuit
1259 2431 1262 2436 Ι

274 2440 353 2499 XX.
376 2439 504 2516 Oopnitr'o
517 2439 674 2515 Scrptaroe
687 2437 745 2496 slis
758 2444 803 2496 est
817 2437 972 2497 1111111111
984 2438 1141 2514 theoretico,
1157 2457 1216 2516 qua
1225 2437 1317 2498 verba
1330 2461 1440 2518 secun·

233 2520 303 2580 dum
316 2521 430 2579 literam
443 2527 473 2578 et
486 2518 674 2596 grammatice
686 2517 905 2594 intelligrmtur3
928 2516 998 2577 Alia
1011 2519 1167 2596 1111111111
1180 2526 1210 2579 11
1218 2521 1361 2598 practica,
1376 2542 1442 2599 qua

232 2621 305 2660 vera
323 2599 381 2660 fide
395 2598 658 2676 apprehenduntur.
699 2597 796 2656 Multa
815 2597 846 2655 in
869 2597 1025 2675 scripturis
1039 2607 1194 2658 occurrunt
1213 2599 1324 2659 homini
1346 2603 1439 2662 etiam

235 2679 353 2740 animali
372 2679 525 2757 perspicua
544 2676 719 2754 theoretice,
741 2686 770 2737 et
786 2685 900 2737 constat
920 2677 951 2737 ln
972 2678 1070 2738 eniose
1084 2679 1121 2738 dc
1135 2679 1255 2739 summis
1275 2680 1345 2740 fidei
1366 2683 1440 2742 arti-

234 2760 308 2820 culis
327 2779 413 2838 posse
427 2759 575 2836 disputare
588 2757 720 2816 homiues
738 2755 890 2836 profanos3
913 2777 927 2817 s
977 2759 1106 2837 practica
1118 2760 1246 2838 cognitio
1259 2761 1378 2840 propria
1390 2773 1441 2824 est

234 2840 373 2917 fidelium,
390 2842 406 2898 l
423 2839 552 2899 Corinth.
567 2838 597 2898 ii.
614 2841 660 2914 14,
678 2841 735 2915 153
757 2838 856 2897 ECor.
871 2837 911 2897 iv.
927 2841 955 2897 3.

275 2919 371 2980 XXI.
393 2920 579 2997 Quaecunque
592 2917 748 2978 afferantur
760 2918 798 2977 ab
813 2917 999 2978 Adversariis
1013 2919 1197 2979 obscuritatis
1220 2919 1377 2999 Scripturas
1390 2943 1439 2982 ra·

234 3000 313 3062 tione
334 3001 414 3062 modi
433 2999 567 3060 tradendi
587 3019 690 3075 111111,
713 3019 772 3058 non
791 3007 913 3076 possunt
926 3000 1059 3059 evincere
1072 3019 1136 3059 eam
1150 3000 1192 3059 ita
1205 3001 1359 3060 obscuram
1372 3022 1440 3063 esse

233 3083 264 3142 in
277 3083 364 3143 rebus
378 3081 547 3142 necessariis
561 3080 600 3140 sd
620 3081 750 3156 salutern,
765 3089 799 3139 ut
812 3099 870 3138 non
880 3079 976 3162 possit
989 3097 1053 3139 esse
1066 3079 1165 3140 totalis
1178 3079 1247 3140 fidei
1264 3101 1439 3162 morumque

231 3165 341 3242 regula,
357 3171 388 3224 et
400 3182 517 3222 necesse
532 3162 570 3222 sit
583 3161 622 3221 ad
635 3181 684 3221 ees
698 3159 874 3238 superandas
888 3160 926 3219 ad
942 3159 1081 3219 Ecclesiae
1090 3160 1294 3221 authoritatem
1310 3163 1440 3241 aliquam

233 3243 423 3318 infallibilem,
452 3251 482 3302 ct
507 3249 683 3320 praetensum
704 3242 769 3320 ejus
791 3239 919 3300 tribunal
941 3239 1105 3318 confugere.
1148 3241 1223 3300 Nam
1237 3250 1441 3322 vpraeterquam

232 3322 311 3398 quod
331 3341 366 3381 ec
379 3341 527 3399 nunquam
541 3322 711 3398 relegamur,
727 3321 800 3380 talos
813 3340 873 3379 non
887 3329 954 3380 sunt
968 3339 1032 3398 quse
1046 3320 1176 3380 adhibito
1196 3321 1292 3398 studio
1307 3325 1440 3403 superari

231 3420 291 3460 non
310 3401 431 3478 possint,
452 3410 482 3460 et
495 3421 530 3459 ea
543 3421 608 3478 quse
622 3402 652 3459 in
666 3401 738 3460 locis
751 3401 811 3458 illis
824 3409 986 3477 occurrunt,
1001 3401 1049 3460 vel
1063 3421 1122 3460 non
1136 3409 1203 3460 aunt
1221 3405 1388 3463 necessaria
1401 3404 1439 3464 ad

232 3481 363 3618 selultlern,
378 3481 428 3539 ch
448 3480 524 3539 siin
544 3501 602 3540 uno
621 3481 670 3540 vel
690 3481 781 3540 altero
801 3480 866 3540 loco
887 3481 1037 3541 obscurius
1056 3480 1217 3559 traduntur,
1239 3481 1311 3542 alibi
1331 3485 1440 3544 clarius

231 3581 269 3620 cx
302 3559 422 3620 cantur.

269 3581 386 3700 lXXII.
407 3638 500 3699 Aliud
518 3646 563 3699 est
582 3639 663 3716 loqui
683 3637 720 3699 de
734 3641 899 3700 obscuritate
917 3643 1045 3701 11111111
1067 3641 1230 3718 Scripturas,
1252 3651 1282 3702 et
1303 3653 1439 3722 respectu

232 3721 360 3782 omnium
386 3729 503 3780 aetaturn
524 3727 554 3779 et
576 3728 704 3780 statuum
724 3720 881 3797 Ecclesiae3
907 3721 1000 3781 Aliud
1021 3721 1058 3781 de
1080 3723 1246 3782 oheoardate
1267 3735 1438 3801 coraporctc

231 3803 321 3862 relate
335 3802 374 3862 sd
387 3809 495 3862 certam
508 3801 573 3878 ejus
587 3809 710 3860 atatem.
753 3801 891 3860 Fatemur
906 3801 1082 3880 Soriptruam
1096 3802 1135 3860 V.
1150 3803 1184 3862 T.
1200 3803 1354 3864 obscuram
1374 3825 1436 3864 asso

231 3891 404 3962 comparate,
419 3902 494 3960 resp.
510 3881 547 3941 N.
558 3881 593 3940 Τ.
605 3888 634 3941 11
647 3880 737 3941 relate
750 3880 789 3940 ad
800 3889 906 3942 statum
921 3889 951 3940 et
964 3891 1078 3942 aetatem
1090 3883 1229 3942 Ecclesia
1246 3885 1435 3944 Christiana:

233 3964 292 4024 Sed
305 3965 361 4024 hoc
374 3983 432 4023 non
446 3963 543 4022 obstat
556 3961 710 4048 quominus
726 3961 877 4039 perspicua
890 3961 1020 4024 fueritin
1034 3981 1074 4040 se,
1089 3972 1120 4023 ct
1133 3962 1307 4024 sufficienter
1326 3966 1435 4026 ratione

231 4053 324 4106 status
339 4043 479 4106 Ecclesia
493 4042 532 4103 V.
543 4042 578 4102 T.
593 4041 640 4102 cui
653 4041 874 4122 proponebatur.
