3160 5194
277 343 295 404 t
752 352 866 410 ¹cecus
880 353 998 396 naturus.
1302 329 1442 413 [curaer.
1457 351 1488 394 n.

278 501 373 578 batur,
387 497 465 560 undo
486 505 515 558 ol
528 499 624 558 Podlae
644 494 683 556 ob
703 495 897 574 Ιυληονμάηυς
909 497 1008 573 μύθους,
1022 502 1053 555 et
1067 493 1245 572 Philosophi,
1260 501 1290 552 ct
1312 493 1490 558 Sacerdooea
1554 517 1555 574 ,

282 579 416 658 theologi
426 577 498 638 dicti
512 577 589 656 apud
601 575 687 637 Just.
701 579 808 636 ccbcrt.
828 579 871 638 ad
884 577 979 639 Grec.
993 583 1022 634 et
1034 574 1123 636 (ilem.
1137 574 1221 634 Alea.
1242 581 1344 634 eumn.
1359 575 1397 652 53
1420 593 1490 652 pm.
1554 591 1555 648 3

280 661 366 740 cipua
386 677 456 718 vcro
477 654 646 736 Theologia
667 655 796 736 ipsorum
816 675 885 736 pars
905 655 962 717 luit
982 657 1109 728 θιιγοιὰις
1130 652 1285 734 expositio,
1312 654 1391 732 quia
1414 653 1492 712 Deos

280 740 396 820 genitos
416 736 506 799 fuisso
528 737 679 816 putabant.
723 737 857 797 Secundo
883 738 921 796 Ic
975 737 1044 795 licam
1070 745 1098 794 ct
1117 735 1337 811 Hoereticmam,
1369 733 1424 812 qui
1447 733 1492 792 vel

281 819 428 882 Christum
449 817 535 896 plane
557 815 699 955 regiciunt,
717 825 751 877 ut
771 818 877 893 Jacet
935 815 1141 892 chamnaedcci
1157 813 1212 876 &a
1234 814 1283 874 vel
1305 813 1363 892 qui
1386 811 1493 874 Christi

281 918 386 960 nomen
400 898 533 974 retinent,
551 917 582 958 se
624 897 656 956 iu
668 896 933 958 fundamentalibus
954 917 1021 958 cum
1036 894 1092 956 Dei
1106 895 1205 956 Verbo
1226 902 1374 972 pugnant,
1398 893 1494 970 qualis

281 977 722 1057 eetTheclogiaPentrficicrum,
732 978 957 1054 Scriniammm,
968 984 999 1037 ct
1012 977 1134 1036 aliorum
1142 975 1266 1052 idgenus
1274 973 1494 1034 haereticorum.

282 1059 366 1120 Licet
379 1057 456 1117 enim
469 1076 568 1118 eorum
583 1058 743 1136 Theologia
762 1057 874 1135 aliquid
886 1058 949 1117 veri
969 1057 1092 1133 habeat,
1113 1056 1182 1134 quie
1195 1064 1293 1116 tamen
1306 1053 1446 1114 maxima
1458 1072 1494 1110 ex

281 1147 363 1220 parte
376 1137 451 1198 falsa
463 1145 516 1214 est,
538 1146 568 1198 et
580 1147 681 1216 peccat
700 1137 731 1196 in
751 1137 1023 1214 fumdamcntalibus,
1044 1145 1122 1197 recte
1142 1135 1215 1195 salsa
1228 1134 1346 1212 dicitur,
1363 1132 1494 1194 denomi-

282 1219 399 1280 natione
413 1216 490 1277 lecta
503 1237 521 1276 a
533 1217 647 1295 potiori.

323 1298 380 1358 VI.
403 1298 555 1375 lbcohpia
573 1317 643 1358 cera
663 1296 853 1374 distribuitur,
878 1301 905 1357 1.
920 1297 950 1356 in
964 1296 1101 1377 infinitam
1114 1303 1145 1355 et
1164 1295 1331 1371 increatam,
1348 1313 1421 1373 qnae
1435 1301 1493 1353 tum

160 1423 162 1430 .
283 1387 328 1448 cst
341 1377 504 1438 essentialis
519 1377 575 1436 Dei
588 1377 625 1438 dc
639 1377 734 1455 seipso
748 1378 876 1456 cognitio
890 1377 996 1437 Matth.
1010 1376 1052 1436 xi.
1066 1379 1115 1454 2⁷,
1137 1376 1239 1453 inqua
1253 1375 1337 1434 Deus
1352 1373 1439 1434 solus
1453 1379 1495 1432 est

283 1458 370 1518 simul
384 1459 520 1532 hamb,
534 1459 680 1534 ἐπιστήμη,
696 1466 726 1516 et
739 1458 869 1534 ἰπνιῆμιι,
888 1466 950 1518 tum
963 1455 994 1516 id
1008 1456 1086 1535 quod
1100 1455 1136 1516 de
1150 1456 1245 1534 seipso
1259 1454 1398 1516 decrevit
1412 1452 1495 1512 nobis

283 1538 423 1613 revelare,
438 1557 505 1616 qua
517 1537 609 1614 vulgo
631 1538 793 1615 Archetypc
814 1537 936 1612 dicitur;
959 1537 999 1596 Et
1011 1536 1129 1616 finitum
1149 1555 1184 1596 ac
1204 1544 1341 1612 creatam,
1367 1555 1439 1614 qna
1452 1539 1495 1591 est

283 1617 404 1678 infinita
417 1617 496 1678 illius
509 1638 543 1678 ac
556 1643 721 1700 wesema
733 1617 851 1696 effigies,
866 1626 897 1676 et
908 1614 1020 1693 iamai,
1032 1618 1234 1676 ereaturarum
1248 1615 1363 1675 scilieet
1377 1615 1418 1673 dc
1433 1614 1496 1672 Dec

283 1706 315 1758 et
327 1697 414 1757 rebus
422 1696 530 1756 divinis
543 1698 654 1774 notitia,
664 1718 683 1756 a
695 1717 829 1776 suprema
841 1697 893 1756 illa
906 1696 1056 1756 efformata
1068 1705 1098 1757 ct
1111 1695 1249 1756 creaturis
1257 1693 1495 1772 intelligentibus

284 1777 504 1853 communicata,
519 1777 577 1838 Vel
596 1795 648 1858 per
667 1777 804 1839 unionem
823 1777 1036 1856 hypostaticam
1057 1776 1161 1836 anima
1174 1776 1291 1852 Christi,
1305 1775 1390 1834 unde
1405 1774 1496 1834 oritur

287 1857 439 1936 ibeclcpie
456 1857 593 1932 Unicum
614 1857 672 1918 Vel
692 1876 745 1937 per
757 1857 900 1918 visionem
921 1856 1084 1918 beatificam
1107 1855 1232 1934 Angelis
1253 1864 1284 1914 et
1304 1855 1423 1930 Beatis,
1447 1851 1494 1932 qui

283 1956 343 1997 non
356 1937 506 1998 ambulent
518 1957 570 2017 per
582 1935 678 2016 fidem,
694 1937 746 1998 sed
758 1957 811 2018 per
824 1946 981 2017 aspectum,
995 1958 1061 2016 qua
1075 1936 1180 1996 dicitnr
1189 1935 1341 2016 lbeclopie
1353 1933 1495 2003 Visionm

284 2017 343 2078 Vel
356 2037 408 2097 per
420 2018 626 2080 revelationem
639 2039 705 2098 quac
718 2017 753 2079 fit
765 2017 943 2096 viatoribus,
964 2019 1002 2078 iis
1020 2025 1092 2097 puta
1104 2017 1154 2096 qui
1174 2016 1213 2075 ad
1232 2025 1338 2076 metam
1362 2013 1496 2075 nondum

283 2107 486 2178 pervenerumt,
501 2107 532 2160 ct
544 2107 665 2161 vocatur
680 2099 832 2177 vacceia
845 2098 1040 2174 accusata,
1056 2117 1108 2158 seu
1122 2095 1225 2156 Stadii.

325 2179 399 2239 VII.
422 2178 565 2254 Secundo,
580 2179 731 2255 lbeolcqic
751 2179 927 2238 revetationis
946 2188 1047 2237 rursus
1064 2175 1205 2233 dividitur
1224 2174 1255 2231 in
1274 2173 1448 2234 neutralem
1469 2179 1495 2230 ct

284 2258 540 2336 supernaturalem.
561 2259 714 2317 Naucratis
727 2277 793 2333 qum
807 2266 939 2317 versatur
952 2257 1063 2316 cheae
1072 2257 1313 2326 meminerimus,
1325 2259 1394 2310 tum
1409 2251 1495 2311 ima

283 2355 322 2396 ex
336 2337 483 2413 impressis
497 2335 601 2412 cuique
615 2335 780 2395 notionibus
794 2334 1003 2410 communibus,
1013 2332 1223 2410 tummqmsia
1235 2351 1274 2392 ex
1288 2331 1431 2392 discursu
1446 2349 1495 2410 per

283 2422 438 2490 creaturas,
453 2433 519 2490 qua
533 2413 564 2472 in
578 2413 694 2473 Adamo
715 2413 833 2491 quidem
855 2413 968 2491 integro
990 2413 1045 2473 fuit
1066 2412 1220 2490 exquisita,
1244 2409 1348 2472 sedin
1372 2412 1494 2472 homine

283 2502 417 2571 ccnnpto
440 2492 696 2570 perturbatissime.
745 2493 988 2570 Super-natarali,
1009 2513 1075 2572 qua
1095 2492 1237 2554 rationem
1258 2499 1392 2552 nostram
1416 2501 1492 2552 trau·

283 2573 404 2648 scandit,
419 2582 449 2634 et
462 2572 546 2632 nobis
559 2592 578 2632 a
592 2572 655 2632 Dec
669 2572 896 2634 communicatur
912 2593 989 2634 novo
1010 2573 1111 2652 gratis
1130 2571 1249 2650 lumine,
1271 2581 1304 2633 ut
1323 2571 1363 2631 ad
1386 2567 1493 2632 summi

282 2651 352 2713 boni
365 2651 530 2712 fruitionem
543 2651 743 2730 deveniamus,
758 2673 823 2732 qua
843 2663 906 2714 turn
921 2654 1096 2714 Patriarehis
1116 2652 1244 2713 revelata
1265 2660 1318 2730 est,
1339 2661 1405 2711 tam
1427 2657 1492 2709 ante

282 2752 370 2810 quam
384 2740 451 2811 pest
464 2732 624 2808 diluvium
646 2742 708 2793 tum
722 2753 773 2812 per
788 2735 902 2795 Mosem
915 2755 934 2793 a
948 2736 1012 2794 Dec
1025 2734 1132 2814 populo
1147 2733 1306 2793 israelitico
1320 2732 1441 2808 tradita,
1463 2737 1491 2788 et

279 2813 400 2873 -Vetcris
409 2813 587 2876 Testamenti
601 2812 723 2890 (licitur,
744 2814 793 2874 vel
806 2816 847 2874 N.
858 2817 892 2876 T.
906 2835 972 2894 quae
983 2815 1147 2876 Christiane
1160 2812 1343 2892 peculiariter
1356 2821 1489 2882 vocatur,

282 2893 352 2972 quia
361 2893 507 2955 Christum
521 2894 670 2956 authorem
684 2902 714 2954 ct
727 2895 873 2974 objectum
886 2895 982 2973 habet,
998 2903 1043 2956 cst
1056 2895 1197 2955 aGhristo
1211 2895 1233 2954 J
1235 2913 1299 2954 can.
1314 2893 1333 2952 i.
1346 2895 1395 2970 18,
1412 2887 1490 2950 etde

284 2973 399 3036 Christo
413 2973 476 3054 agit
489 2973 557 3036 Aet
572 2974 591 3034 i.
609 2977 644 3052 13
668 2977 684 3034 1
700 2976 765 3036 Cor.
780 2976 810 3035 ii.
824 2979 852 3052 2,
875 2985 905 3036 et
918 2978 1056 3036 Recelcta
1070 2973 1168 3035 stricte
1181 2983 1310 3050 vocatur,
1326 2973 1400 3052 quia
1412 2969 1488 3050 prin·

282 3053 390 3196 cipirbm
403 3057 468 3134 cjus
482 3063 528 3116 est
540 3053 641 3116 divina
654 3054 806 3118 Revelatio
820 3055 919 3117 stricte
933 3066 1056 3136 sumpta,
1069 3062 1100 3116 et
1113 3055 1190 3116 facta
1209 3073 1261 3134 per
1274 3053 1419 3130 Verbum,
1433 3067 1488 3108 non

321 3157 335 3194 r
374 3145 512 3198 maenaa

283 3155 417 3276 ΡΘἮΙΙ.
439 3217 592 3310 lbechrpia
603 3217 829 3296 rupemehraclis
839 3216 1045 3292 consideratur,
1053 3215 1112 3276 Vel
1124 3213 1294 3292 mammam
1306 3219 1398 3291 prout
1410 3213 1489 3270 notat

283 3311 451 3371 compagem
460 3295 599 3356 dcctnnoe
608 3297 742 3358 salutaris
750 3297 787 3356 de
798 3297 861 3357 Deo
870 3307 900 3357 et
909 3297 996 3357 rebus
1006 3295 1113 3356 divinis
1124 3316 1162 3355 cx
1174 3294 1322 3372 Scriptura
1332 3307 1486 3372 expressa,
1554 3305 1555 3334 ³

282 3390 334 3448 per
347 3371 465 3431 modum
485 3373 646 3450 disciplina
665 3375 789 3453 alicujus
803 3376 833 3434 in
847 3395 900 3436 sua
919 3383 1063 3454 praccepta
1082 3376 1161 3436 certi
1179 3371 1315 3436 methodo
1329 3369 1486 3453 disposita
1554 3421 1555 3426 κ

282 3469 348 3528 quae
369 3458 400 3510 et
420 3451 591 3511 maccam
613 3459 644 3512 et
664 3455 796 3528 objectiva
817 3454 941 3531 dicitur;
963 3455 1021 3514 Vel
1043 3455 1224 3516 hebibraliter
1245 3463 1276 3516 et
1298 3472 1350 3534 per
1371 3450 1486 3513 modum

281 3528 399 3588 habitus
412 3529 442 3588 in
455 3529 605 3590 intellectu
618 3531 780 3608 residentia,
795 3539 826 3592 ct
845 3534 1004 3594 concretiva
1017 3543 1047 3594 et
1067 3536 1216 3612 adjectiva
1229 3541 1370 3596 vocatur:
1414 3531 1485 3590 Rur-

282 3627 333 3668 sus
354 3609 515 3688 'l'heclcgia
527 3607 700 3702 habitualis,
715 3612 764 3672 vel
785 3621 831 3673 est
843 3613 952 3674 lebias
969 3615 1186 3692 principaturum,
1209 3634 1268 3692 quo
1287 3612 1486 3692 unusquisque
1554 3651 1555 3678 ;

282 3686 377 3748 fidelis
390 3696 592 3784 reseratione
612 3689 721 3784 menas
741 3700 772 3753 et
790 3701 915 3786 remotas
938 3695 1069 3775 percipit,
1083 3695 1133 3756 vel
1152 3697 1261 3756 labiim
1280 3694 1486 3754 conclusionum

282 3787 345 3910 dhis
347 3789 394 3912 3
393 3787 551 3914 gnum
559 3767 628 3830 fider
635 3770 745 3833 lumina
758 3779 836 3833 nctus
845 3773 1006 3836 doctrinam
1019 3775 1174 3838 adstarem
1188 3775 1367 3854 explicamus
1383 3781 1413 3835 ct
1421 3787 1484 3830 ceu·

324 3931 384 3994 rx.
408 3895 451 3995 ui
463 3928 570 4011 capax
583 3928 669 3992 atur
684 3930 792 3994 schoa
806 3933 870 4012 nst,
887 3934 1013 4011 rame,
1030 3935 1140 3998 csse
1160 3942 1190 3996 a
1204 3934 1321 4011 croac,
1337 3942 1368 3994 c
1381 3929 1483 4010 suplex

283 4011 379 4107 Liber,
393 4013 546 4110 creatura,
561 4009 716 4106 Scriptura
724 4022 755 4074 ct
764 4014 862 4093 Vita;
878 4016 926 4076 Ita
933 4015 1071 4088 trifariam
1082 4016 1157 4110 solet
1166 4014 1307 4108 distingui
1317 4008 1481 4108 Theologia

281 4093 1145 4253 ittlttimttrtittltutffitltbsttss
1163 4095 1484 4254 latiturum

283 4257 327 4310 cst
340 4251 489 4315 hominum
502 4255 534 4316 in
546 4253 663 4332 mundo,
679 4255 735 4316 ista
747 4255 875 4318 fidelium
889 4255 921 4316 in
934 4256 1074 4333 Ecclesia,
1089 4257 1152 4316 haec
1165 4256 1315 4316 beatorum
1328 4256 1360 4316 in
1373 4251 1453 4314 caelo·

306 4391 393 4440 Um
404 4395 492 4445 Tm
583 4335 626 4395 X.
649 4334 731 4397 Licet
746 4336 897 4415 Praecpta
910 4346 979 4415 agat
1000 4336 1036 4396 de
1050 4335 1173 4398 diversis
1186 4337 1281 4412 rebus,
1297 4344 1327 4395 et
1339 4335 1377 4394 ed
1391 4333 1480 4394 diver·

352 4462 450 4500 ,m
542 4415 738 4508 sasnscientias
751 4415 970 4511 pertinentibus,
984 4437 1044 4476 non
1058 4416 1164 4511 desinit
1177 4435 1240 4476 esse
1253 4437 1322 4492 unc,
1337 4415 1407 4507 quia
1424 4405 1481 4503 agii
1554 4461 1555 4464 η

283 4561 382 4624 m„
397 4565 453 4626 „r
466 4489 721 4634 „struat
738 4497 970 4639 auum
980 4494 1481 4638 teuit,

280 4643 359 4722 jacti,
374 4664 433 4707 non
443 4648 636 4729 materialiter,
649 4620 871 4716 scdfcrmahter
885 4657 1067 4718 considerati
1109 4598 1195 4719 Uirbi
1210 4657 1235 4718 si
1248 4656 1312 4717 alia
1327 4649 1479 4733 disciplina
