3250 5176
756 397 847 441 noces
861 397 999 440 nneruus.
1304 371 1432 457 [onmem
1448 395 1476 434 v.

747 695 943 773 QUAESTIO
964 697 1002 756 V.

646 876 683 915 DE
697 875 877 918 vlnrtrrrsus
892 873 1097 916 ETENICORUH·

272 1019 319 1078 An
338 1019 458 1077 Virtutes
472 1017 658 1076 Ethnt‘conrm
670 1018 784 1093 ficet-int
796 1019 869 1077 bone
883 1036 979 1094 operte
995 1035 1032 1075 en
1045 1015 1142 1093 petbus
1156 1013 1254 1072 Liberi
1270 1013 1393 1074 Arrisit
1405 1015 1478 1075 eires

462 1101 504 1158 ad
515 1099 616 1156 honum
630 1098 863 1176 collt'pt'possint.²
905 1097 979 1174 Ncg.
995 1105 1095 1156 contre
1109 1093 1286 1154 Pontificios.

596 1258 620 1315 1.
644 1257 772 1332 Questio
793 1257 850 1316 iste
863 1255 955 1316 oritur
968 1273 1007 1314 ex
1027 1253 1202 1333 precedenti
1212 1275 1230 1316 :⁴
1242 1253 1317 1314 Nem
1330 1261 1364 1314 ut
1379 1253 1480 1314 Ponti-

297 1321 488 1426 θωζζζζξω
534 1335 593 1395 ficii
607 1337 760 1396 ostendant
774 1356 923 1414 superesse
945 1336 1051 1395 Libero
1066 1335 1198 1394 Arbitrio
1218 1334 1250 1392 in
1270 1343 1348 1394 statu
1368 1334 1482 1411 peceati

429 1415 435 1428 '
535 1417 612 1476 vires
633 1416 670 1476 ed
690 1418 806 1492 bonum,
830 1425 951 1475 utuntur
970 1416 1060 1492 vulgo
1084 1415 1246 1474 Gentilium
1264 1414 1409 1491 exemplo,
1431 1414 1482 1491 qui

272 1517 333 1575 prae
346 1497 458 1556 ceteris
471 1497 629 1556 virtutibus
644 1498 824 1572 studuerunt,
839 1497 888 1555 vel
901 1496 1016 1555 eximiis
1030 1494 1205 1554 facinoribus
1219 1495 1393 1569 claruerunt,
1409 1513 1480 1571 quo-

274 1598 338 1637 rum
351 1577 475 1636 virtutes
488 1586 607 1654 peccate
619 1577 709 1636 fuisse
722 1585 839 1654 negent,
861 1595 925 1654 quse
940 1576 1038 1635 odium
1053 1574 1109 1633 Dei
1122 1584 1294 1648 mercantem,
1311 1573 1363 1632 sed
1383 1574 1481 1650 potius

274 1657 351 1717 bone
364 1677 459 1734 opere,
470 1677 535 1734 quse
545 1657 668 1734 gratiam
681 1657 794 1734 possint
804 1657 970 1734 promereri.
1011 1655 1120 1714 Concil.
1135 1654 1264 1712 Trident.
1282 1654 1359 1712 Sese.
1371 1657 1401 1729 6,
1415 1673 1479 1732 csp.

275 1741 302 1813 7,
327 1739 344 1769 “
361 1737 393 1794 Si
407 1738 472 1813 quis
485 1736 594 1796 dixerit
606 1756 694 1814 opere
708 1737 811 1811 omnia,
835 1756 900 1813 quae
914 1743 980 1794 ante
998 1734 1235 1813 justificationem
1248 1733 1330 1808 fiunt,
1352 1753 1481 1810 quecun·

274 1835 330 1893 que
344 1816 455 1874 ratione
469 1815 545 1874 fecte
558 1817 625 1891 siut,
640 1837 709 1876 vere
722 1837 786 1876 esse
796 1825 923 1894 peccate,
938 1815 987 1874 vel
1001 1815 1100 1874 odium
1115 1813 1171 1872 Dei
1184 1815 1295 1890 mereri,
1311 1825 1362 1873 eut
1372 1822 1483 1892 quanto

274 1895 474 1954 vehementius
489 1897 554 1974 quis
568 1896 670 1956 nititur
684 1917 714 1956 se
728 1897 880 1973 disponere
894 1896 932 1954 ed
946 1896 1077 1973 gratiam,
1095 1902 1176 1953 tento
1191 1913 1256 1954 eum
1274 1895 1394 1972 gravius
1414 1913 1481 1970 peo-

276 1996 351 2051 cere,
371 1976 523 2035 anathema
537 1977 604 2036 sit.'’
648 1977 726 2036 Hinc
742 1977 877 2035 Bellerm.
892 1976 943 2033 lib.
957 1995 986 2033 v.
1002 1975 1038 2034 de
1053 1995 1114 2052 gra.
1129 1983 1159 2034 et
1172 1973 1223 2034 lib.
1235 1975 1319 2033 erbit.
1335 1995 1398 2051 esp.
1411 1977 1440 2048 9,
1452 1983 1482 2033 et

278 2059 324 2132 10,
339 2055 461 2134 probare
475 2065 603 2131 conetur,
628 2056 750 2116 “Posse
771 2057 916 2114 hominem
931 2055 992 2114 sine
1006 2055 1072 2130 fide,
1095 2075 1160 2112 oum
1174 2055 1284 2113 auxilio
1303 2053 1430 2131 speciali,
1453 2062 1485 2113 st

276 2136 363 2195 etiem
378 2137 440 2194 sinc
454 2136 513 2212 illo,
529 2137 637 2195 boumn
651 2136 769 2213 eliquod
783 2136 891 2195 morale
904 2135 1049 2212 perficere,
1066 2135 1091 2193 si
1104 2133 1185 2192 nulls
1198 2133 1319 2195 tentatio
1332 2135 1468 2211 urgeat.”

318 2215 361 2274 ΙΙ.
383 2215 445 2275 Nos
459 2236 528 2274 vero
543 2215 601 2275 duo
615 2215 746 2276 dicimus.
790 2215 895 2292 Primo,
917 2216 985 2274 licet
1006 2215 1146 2274 fateamur
1160 2213 1270 2292 aliquid
1290 2213 1360 2272 boni
1378 2214 1409 2272 in
1423 2213 1483 2271 illis

277 2295 440 2355 actionibus
454 2295 638 2373 deprehendi,
654 2296 751 2373 quoad
764 2306 910 2356 externam
924 2297 1091 2354 honestatem
1104 2304 1191 2368 achas,
1207 2294 1257 2371 qui
1271 2314 1289 2352 e
1304 2293 1367 2352 Deo
1381 2293 1483 2370 praeei-

276 2377 363 2455 pitur,
387 2385 416 2435 et
430 2375 480 2452 qui
494 2374 559 2434 ideo
573 2395 631 2434 non
653 2385 748 2453 potest
761 2396 820 2435 non
843 2395 907 2434 esse
926 2375 1029 2451 bonus,
1052 2383 1149 2434 temen
1172 2372 1286 2451 proprie
1307 2382 1336 2432 et
1358 2375 1483 2433 univoce

277 2475 363 2533 posse
377 2454 453 2514 bone
467 2475 554 2532 opere
564 2455 622 2514 dici
636 2455 732 2532 quoad
745 2457 791 2514 rei
801 2456 953 2530 ceritatem,
969 2462 999 2513 et
1012 2453 1183 2530 operctmm's
1195 2456 1316 2528 modum,
1338 2453 1482 2512 internum

278 2535 388 2594 seilicet
401 2535 603 2593 rectitudinem
618 2535 721 2609 cordis,
737 2543 767 2592 et
777 2534 966 2592 intentionem
976 2534 1051 2608 finis,
1067 2553 1223 2610 negemus,
1247 2533 1395 2592 Imonihil
1403 2533 1483 2591 uliud

277 2633 365 2690 quem
377 2615 526 2688 splendida
534 2623 656 2688 peccata
669 2613 758 2672 fuisse
773 2633 838 2672 cum
853 2612 1021 2690 Augustino
1035 2614 1199 2674 asserimus.
1242 2613 1386 2689 Secundo,
1401 2613 1482 2690 quie·

278 2693 349 2770 quid
362 2692 405 2750 illi
418 2691 549 2750 fecerunt
569 2692 647 2768 boni,
670 2693 719 2751 vel
733 2693 828 2751 minus
847 2691 924 2768 meli,
946 2712 1005 2752 non
1025 2692 1130 2753 fecisse
1150 2693 1272 2771 propriis
1292 2693 1415 2770 viribus,
1431 2693 1483 2752 sed

278 2771 396 2851 speciali
411 2771 467 2843 Dei
480 2771 601 2831 auxilio.

318 2852 378 2911 111.
402 2852 486 2910 Prius
501 2871 539 2910 ex
552 2850 705 2911 antedictis
726 2851 809 2911 facile
824 2851 987 2929 colligitur;
1011 2853 1084 2912 Cum
1105 2853 1182 2912 euim
1202 2853 1431 2912 demonstratum
1447 2852 1485 2912 sit

277 2933 396 2993 totalem
410 2953 473 2992 esse
494 2931 653 3010 peccatoris
667 2931 705 2991 ed
717 2931 826 2992 bonum
839 2930 986 3009 ὲδυκμίαι,
1008 2941 1039 2992 et
1055 2931 1202 3010 Scriptura
1214 2951 1278 2992 eam
1292 2933 1329 2990 de
1348 2933 1485 2992 omnibus

277 3013 358 3072 nullo
380 3021 501 3091 excepto
525 3013 705 3090 pronunciet,
729 3021 809 3091 petet
830 3015 911 3074 nulle
932 3013 968 3072 eb
990 3013 1106 3072 homine
1128 3013 1284 3092 irregenito
1305 3031 1393 3091 opere
1414 3032 1485 3072 vere

279 3093 356 3152 bone
370 3093 500 3170 praestrui
513 3112 607 3171 posse.

319 3173 374 3231 IV.
397 3172 482 3248 Quod
495 3174 616 3233 ulterius
630 3171 817 3232 confirmetur
831 3191 868 3232 ex
883 3172 1098 3232 conditionibus
1108 3171 1178 3231 boni
1192 3173 1301 3250 operis:
1317 3172 1391 3232 Cum
1406 3171 1484 3248 euim

279 3251 334 3311 trin
347 3253 464 3310 omnino
479 3253 661 3330 requirentur
674 3254 712 3312 ad
725 3254 834 3311 bonum
848 3273 940 3331 opus;
964 3253 1061 3312 Primo
1076 3273 1114 3312 ex
1127 3262 1210 3330 perte
1224 3253 1370 3328 fflnaps't',
1386 3262 1421 3312 ut
1433 3251 1485 3312 fiet

279 3332 366 3390 corde
380 3332 532 3410 perfidem
546 3333 707 3410 purificato,
723 3333 791 3392 Act.
807 3351 857 3392 xv.
873 3335 900 3409 9,
916 3333 985 3410 quie
998 3332 1137 3410 quicquid
1152 3353 1209 3392 non
1230 3333 1264 3392 fit
1277 3353 1315 3392 ex
1335 3332 1394 3390 fide
1415 3353 1484 3409 pec-

280 3419 375 3470 catum
390 3423 442 3487 est,
460 3413 544 3471 Rom.
564 3412 625 3470 xiv.
648 3417 696 3485 23,
719 3421 748 3471 et
771 3413 835 3471 Deo
856 3412 1020 3490 displicens,
1045 3412 1122 3470 Heb.
1145 3413 1185 3471 xi.
1206 3416 1233 3487 6,
1258 3415 1276 3446 “
1290 3411 1456 3470 Immundis
1466 3413 1485 3437 ’'

279 3491 356 3548 euim
372 3493 389 3523 “
405 3497 433 3547 et
447 3489 613 3550 infidelibus
634 3491 708 3548 nihil
730 3500 774 3550 est
796 3492 944 3566 mundum,
969 3491 1021 3550 sed
1041 3492 1151 3569 pollute
1172 3501 1217 3552 est
1237 3511 1336 3552 eorum
1352 3512 1437 3550 mens
1456 3501 1485 3551 et

279 3567 485 3644 conscientie,”
501 3569 558 3627 Tit.
574 3569 594 3627 i.
611 3571 667 3628 15:
691 3570 824 3629 Secundo
839 3591 877 3630 ex
890 3580 971 3648 perte
982 3575 1089 3646 forme
1104 3591 1154 3630 seu
1168 3573 1255 3647 modi,
1271 3581 1304 3631 ut
1316 3572 1368 3631 fiet
1382 3591 1485 3631 secuu-

279 3649 348 3707 dum
365 3647 474 3725 Legem
490 3647 553 3724 Dei,
569 3668 628 3708 non
643 3647 735 3707 solum
751 3657 871 3708 externo
891 3671 985 3727 opere,
1012 3651 1064 3710 sed
1088 3653 1231 3730 precipue
1253 3653 1366 3710 interne
1388 3651 1486 3710 cordis

279 3727 452 3804 obedientis,
463 3749 549 3806 quem
564 3729 628 3787 Lex
644 3729 699 3788 Dei
714 3728 900 3806 spiritualise
913 3731 1113 3806 peccatoribus
1128 3731 1255 3808 requirit,
1272 3732 1348 3790 Rom
1362 3731 1413 3788 vii.
1427 3735 1485 3789 14:

280 3811 308 3868 3.
332 3809 379 3866 Ex
394 3810 559 3888 pertefinie,
575 3817 608 3868 ut
621 3808 673 3868 fiet
694 3809 731 3868 ed
746 3807 868 3887 gloriam
883 3809 948 3886 Dei,
967 3813 981 3868 1
996 3810 1061 3869 Cor.
1076 3831 1106 3869 x.
1122 3813 1178 3887 313
1201 3812 1318 3870 Certum
1333 3819 1378 3870 est
1391 3810 1484 3870 virtu·

279 3896 324 3947 tes
339 3887 529 3948 Ethnieornm
543 3889 573 3946 in
587 3889 679 3948 tribus
693 3889 758 3948 istis
779 3909 908 3967 peccare.
950 3889 1034 3966 Nem,
1058 3899 1091 3950 ut
1113 3891 1209 3968 quoed
1228 3892 1402 3967 prinmpinm
1425 3911 1485 3949 uon

279 3975 435 4045 potuerunt
456 3968 599 4046 proficisci
621 3989 658 4028 ex
679 3968 745 4045 fide,
771 3978 821 4029 eut
845 3969 952 4029 mundo
977 3969 1072 4045 corde,
1096 3970 1174 4046 quod
1199 3971 1270 4048 ipsis
1295 3970 1407 4030 defuit:
1438 3971 1485 4029 Ite

301 4047 376 4106 uosd
390 4051 503 4107 modum
517 4048 609 4108 defuit
622 4048 681 4107 illis
694 4047 807 4107 interne
820 4057 850 4108 et
864 4049 1021 4127 spiritualis
1034 4049 1216 4125 obedientie,
1241 4051 1280 4111 Et
1293 4050 1486 4128 quoedfincm

302 4126 401 4186 'rectio
414 4125 452 4184 sd
468 4129 523 4187 Dei
537 4128 667 4205 gloriam,
684 4147 750 4186 cum
764 4127 875 4188 literint
888 4129 1011 4206 propriae
1025 4129 1175 4188 ambitioni
1189 4140 1219 4188 et
1232 4129 1354 4207 gloriae:
1374 4131 1486 4189 honum

281 4215 378 4266 eutem
392 4214 488 4265 estex
502 4207 615 4285 integra
630 4227 724 4282 cause,
741 4206 793 4266 sed
806 4209 915 4267 melum
929 4209 978 4268 vel
992 4229 1029 4268 ex
1043 4208 1129 4267 unico
1143 4208 1267 4270 defectu.

320 4285 358 4344 V.
381 4285 577 4346 Athenienses
590 4286 725 4345 dicuntur
739 4289 848 4362 ιῦνιβιῖι,
872 4291 970 4364 colere,
986 4291 1080 4348 Deum
1094 4289 1226 4365 ignotum,
1243 4289 1311 4350 Act.
1335 4288 1409 4347 xvii.
1434 4291 1484 4360 23,

279 4384 338 4423 non
359 4363 526 4441 quasivero
540 4374 569 4425 et
590 4366 707 4425 salutari
730 4368 810 4426 cultu
832 4368 927 4426 Deum
948 4387 1049 4428 verum
1070 4377 1320 4445 prosequerentur,
1342 4367 1395 4427 sed
1415 4371 1488 4425 mat

280 4441 359 4518 δέξιν,
376 4444 534 4502 secuudum
549 4446 720 4522 opinionem,
733 4446 803 4522 quis
816 4467 917 4506 verum
933 4448 1027 4506 Deum
1043 4447 1098 4506 etsi
1111 4449 1245 4525 ignotum
1259 4465 1329 4508 vero
1350 4447 1431 4506 cultu
1453 4469 1486 4506 se

279 4523 391 4580 efficere
406 4531 551 4599 putarunt.
595 4525 643 4583 Sic
658 4525 820 4601 Apostolus
841 4547 894 4604 por
918 4527 1020 4584 mirem
1035 4527 1231 4597 ovensibus-n
1245 4548 1297 4588 eos
1310 4527 1426 4587 Christo
1439 4528 1485 4586 lu·

279 4598 414 4656 crifecere
428 4601 547 4676 studuit,
563 4603 814 4680 reprehensionem
828 4605 995 4664 laudatione
1009 4607 1163 4665 leniendo:
1186 4627 1252 4666 num
1277 4616 1311 4666 ut
1332 4627 1391 4666 uon
1416 4606 1485 4665 sim·

278 4673 392 4746 pliciter
405 4675 481 4736 dixit
495 4701 544 4738 eos
558 4677 810 4764 lutetlaeaparmigsoe
824 4685 875 4744 sed
889 4685 919 4750 tf
933 4681 1196 4766 Bracalmpormigws,
1211 4707 1247 4746 ne
1257 4685 1357 4745 durior
1370 4685 1486 4745 videre·
