3250 5176
256 383 321 444 :584
724 401 816 448 cocos
830 401 936 446 sonos.
1256 385 1385 468 [quesn
1400 406 1471 451 nv.
1586 459 1587 462 Ἴ

260 551 423 622 sequenter,
437 545 544 624 partim
562 567 615 626 per
634 547 863 624 delectationem,
882 547 988 626 partim
1008 567 1059 626 per
1078 555 1160 607 actus
1180 548 1377 626 peccaminosi
1398 570 1472 609 con·
1586 561 1587 594 f

261 624 459 705 tinuatloncm,
474 628 560 706 quale
573 629 604 687 in
622 628 681 687 illis
700 629 849 706 reperitur,
871 648 945 706 quos
966 627 1097 688 Christus
1117 638 1205 688 vocat
1224 649 1325 689 servos
1346 631 1473 708 peccati,
1586 635 1587 710 l

262 705 371 766 Johan.
386 707 449 767 viii.
459 711 507 784 34,
523 709 617 787 etqui
630 704 1032 785 dicunturf'ceerepeceatum,
1047 709 1126 769 1J0.
1140 709 1181 768 iii.
1196 711 1225 786 8,
1236 710 1288 790 qui
1297 711 1362 770 scil.
1376 721 1473 770 artem
1586 713 1587 718 ’

263 788 403 863 peccandi
417 797 561 866 exercent,
576 798 606 850 et
619 808 741 866 quorum
755 790 811 848 hoo
825 788 906 848 velut
918 787 986 870 im
1000 797 1044 848 est
1058 789 1236 850 contionum.

306 867 402 927 XIII.
423 871 552 945 &paam
567 870 688 946 peccati,
711 869 759 928 vel
783 877 830 928 est
853 871 1008 929 abaciam
1028 879 1058 930 et
1078 873 1162 930 totale
1175 871 1272 948 quoad
1291 881 1407 946 emnem,
1421 871 1475 931 vel

260 948 388 1024 partiale
402 956 431 1008 et
445 958 641 1026 comparatum
660 949 758 1028 quoad
777 959 879 1008 actum.
922 950 1008 1010 Prius
1028 951 1106 1010 cadit
1126 951 1157 1008 in
1178 951 1256 1011 solos
1276 951 1473 1030 irregenitos;

268 1027 326 1086 Sed
344 1029 487 1104 posterius
507 1029 676 1108 aliquandiu
697 1029 774 1089 eadit
793 1030 825 1088 in
844 1029 924 1108 ipsos
944 1030 1053 1107 fideles,
1069 1050 1158 1108 quum
1178 1032 1209 1089 in
1229 1032 1331 1109 grevia
1352 1041 1476 1110 peccata

265 1107 405 1184 incidunt,
416 1116 445 1168 et
453 1107 485 1167 in
493 1108 552 1170 illis
560 1109 728 1188 aliquandiu
738 1111 857 1185 herent,
864 1119 898 1170 ut
905 1111 936 1169 iu
943 1111 1067 1188 Davide,
1079 1111 1242 1188 Solomone,
1252 1120 1282 1171 et
1290 1112 1357 1170 aliis
1365 1113 1473 1172 visiun.

570 1191 660 1249 XIV.
683 1189 825 1266 Secundo,
846 1189 940 1250 Aliud
960 1200 1005 1251 est
1024 1191 1193 1268 remissibile,
1208 1191 1301 1251 Aliud
1322 1194 1473 1252 memmi-

271 1251 425 1299 remeasse
438 1251 507 1300 “¹¹⁵
527 1271 599 1345 ate·
621 1269 699 1330 nius
713 1271 792 1348 quod
804 1271 912 1330 emita
931 1280 1028 1349 poree
1047 1293 1085 1332 ex
1101 1273 1157 1331 os
1176 1273 1278 1350 mss,
1301 1272 1387 1332 reus
1400 1294 1474 1332 vero
1586 1315 1587 1330 .

309 1311 463 1360 remissibile.
748 1351 755 1364 .
789 1350 796 1364 .
947 1353 953 1364 .
1150 1353 1156 1366 .

527 1351 606 1429 quod
619 1371 672 1410 nec
686 1370 883 1410 remissionem
894 1351 1014 1430 obtinet,
1028 1372 1083 1412 nec
1097 1352 1227 1412 obtmere
1237 1361 1334 1432 potest
1347 1373 1386 1412 cx
1399 1353 1422 1413 J
1424 1375 1474 1413 us-

270 1431 354 1492 titia:
368 1431 463 1509 qualis
477 1441 522 1492 est
534 1432 630 1492 finalis
644 1431 861 1510 impoenitentia,
875 1452 942 1510 quse
955 1433 1085 1511 reprobis
1099 1433 1233 1492 omnibus
1247 1433 1410 1492 communis
1419 1445 1474 1508 est,

266 1521 296 1571 ct
309 1511 452 1590 praecipue
466 1521 615 1592 peccatum
629 1512 660 1570 in
676 1511 814 1590 Spiritum
830 1511 976 1589 Sanctum,
986 1513 1034 1573 cui
1047 1514 1227 1590 praecaeteris
1241 1514 1379 1573 tribuitur
1392 1515 1475 1591 quod

268 1595 307 1652 ait
320 1593 525 1670 irremissibile,
536 1593 583 1654 cui
596 1613 650 1652 nec
663 1593 749 1652 venia
763 1592 930 1652 conceditur
943 1613 1078 1671 unquam.
1090 1614 1144 1653 nec
1157 1613 1227 1653 vero
1236 1594 1357 1654 concedi
1367 1603 1475 1671 potest,

268 1674 305 1733 de
319 1693 377 1751 quo
391 1682 460 1814 Ἧι
473 1694 597 1753 sequens
609 1673 746 1751 Quaestio.
788 1673 944 1734 Distinctio
958 1675 1073 1734 Pecccti
1083 1674 1199 1735 oeniele's
1209 1683 1239 1734 et
1249 1675 1378 1736 mortalis
1388 1683 1477 1734 antea

268 1773 392 1813 excussa
438 1753 468 1814 't

714 1915 908 1993 oumsmo
929 1915 1020 1977 ιιι.

269 2078 307 2137 In
315 2097 370 2156 qao
379 2077 510 2139 mreaistct
519 2077 732 2154 rctioformclri
742 2079 854 2172 pcccati
863 2078 892 2138 in
900 2077 1039 2156 Spiritum
1048 2077 1093 2152 S.,·
1103 2079 1145 2136 Et
1154 2097 1207 2136 eur
1215 2077 1251 2136 sit
1263 2049 1476 2136 mermedis!

301 2256 385 2303 sutas
402 2257 483 2308 Quer-
574 2239 599 2298 Ι.
615 2239 681 2298 Non
695 2239 841 2317 quaeritur,
854 2239 904 2298 An
918 2238 1003 2299 detur
1015 2237 1134 2316 aliquod
1147 2245 1305 2316 peccatum,
1315 2235 1396 2315 quod
1417 2235 1477 2296 sin-

348 2317 431 2362 i¹⁰¹¹⁵⁸⁴
534 2320 674 2398 gulsriter
687 2319 798 2379 dicatur
812 2320 842 2378 in
858 2320 997 2398 Spiritum
1013 2319 1150 2379 Sanctum
1164 2343 1171 2378 ι
1193 2319 1259 2377 Hoc
1273 2319 1349 2377 enim
1364 2319 1406 2377 ita
1417 2318 1475 2377 cla·

272 2421 335 2462 rum
349 2410 394 2461 est
408 2421 446 2460 ex
462 2402 618 2480 Scriptura,
634 2406 666 2460 ut
681 2399 717 2460 de
738 2419 772 2459 eo
793 2399 919 2459 dubitari
937 2407 1078 2476 nequeat;
1099 2420 1165 2459 cum
1183 2419 1320 2476 expresse
1342 2397 1476 2457 Christus

271 2481 434 2541 meminerit
449 2484 467 2516 “
475 2480 587 2560 peccati
601 2489 630 2538 et
643 2479 830 2556 blasphemiae
844 2480 875 2538 in
890 2479 1030 2557 Spiritum
1052 2479 1219 2554 Sanctum,’'
1236 2479 1322 2538 Matt.
1342 2479 1396 2536 xii.
1418 2481 1475 2554 31;

273 2561 364 2619 Marc.
378 2561 420 2620 iii.
435 2563 484 2637 29,
500 2563 556 2636 303
579 2561 619 2618 Et
632 2560 653 2618 J
656 2559 784 2618 ohannes
798 2579 823 2618 c.
838 2579 867 2618 v.
881 2560 990 2636 prImae,
1006 2579 1035 2618 v.
1053 2563 1099 2636 16,
1113 2560 1249 2636 loquatur
1259 2559 1295 2618 de
1303 2567 1424 2635 peccato
1438 2561 1480 2618 ad

271 2649 396 2715 morton,
411 2659 463 2718 pro
477 2660 535 2718 quo
549 2637 689 2698 orandum
704 2646 829 2714 nonest,
844 2639 924 2717 quod
936 2638 1017 2698 aliud
1030 2658 1089 2698 non
1107 2648 1203 2718 potest
1223 2659 1389 2716 essequam
1409 2659 1476 2717 pec·

271 2727 366 2780 catum
381 2719 410 2778 in
424 2719 562 2796 Spiritum
579 2719 624 2778 S:
648 2718 706 2777 Sed
719 2736 852 2796 quaenam
866 2719 905 2779 sit
918 2720 982 2796 ejus
995 2729 1110 2796 natura,
1126 2719 1296 2797 circaquem
1309 2720 1399 2779 rariae
1410 2731 1479 2779 sunt

272 2801 486 2878 Theologorum
500 2798 666 2875 sententiae3
690 2799 729 2858 Et
742 2799 779 2858 de
793 2818 851 2876 qua
864 2799 992 2877 August
1016 2800 1107 2860 Serrn.
1125 2804 1171 2859 11.
1186 2800 1223 2859 de
1236 2800 1343 2860 Verbis
1358 2800 1478 2859 Domini

272 2881 321 2958 ait,
339 2880 525 2948 Questonem
537 2881 645 2940 animm
658 2879 688 2938 in
701 2879 856 2956 emptura
869 2883 1005 2956 majorem
1019 2889 1046 2939 et
1059 2881 1241 2956 dffciliorem
1254 2881 1381 2940 inveniri

273 3001 324 3048 cur
343 3003 443 3047 mm
490 3015 512 3045 ο,
574 2960 617 3018 ΙΙ.
640 2959 735 3035 Quum
751 2960 876 3038 Spiritus
892 2961 1015 3020 Sanctus
1029 2961 1134 3021 dicitur
1148 2961 1294 3038 objectum
1311 2961 1397 3020 iatine
1410 2981 1477 3038 pec-

400 3060 426 3106 ¹²
692 3047 1213 3197 st·

386 3149 395 3166 ο
674 3149 685 3187 ς
1184 3144 1194 3179 5

274 3204 467 3264 Personarum
481 3149 644 3262 divinffim
655 3203 815 3261 communis
829 3209 873 3261 est
883 3201 1016 3278 essentia,
1028 3202 1069 3262 ite
1079 3210 1123 3262 est
1136 3203 1265 3295 ἀμίςιπος
1278 3204 1347 3275 ἀξία,
1358 3201 1480 3260 indemea

274 3285 405 3361 dignitas,
420 3292 453 3343 ut
465 3283 595 3361 loquitur
608 3282 796 3358 Athanasius,
812 3282 853 3340 ita
867 3292 899 3341 ut
913 3302 971 3342 una
985 3283 1103 3342 seorsim
1115 3281 1151 3340 ab
1162 3281 1227 3340 ahia
1240 3301 1294 3340 nec
1306 3280 1414 3340 offendi
1424 3301 1480 3340 neo

274 3363 430 3440 glorificari
442 3363 553 3440 possit:
567 3363 687 3436 Verum,
702 3370 736 3421 ut
749 3361 779 3422 in
793 3363 953 3421 oeconomia
966 3363 1068 3423 salutis
1086 3361 1245 3440 peculiares
1260 3361 1365 3421 dantur
1378 3381 1396 3418 o
1435 3381 1479 3419 ra-
1586 3415 1587 3428 ,

273 3443 375 3518 tiones,
398 3461 463 3519 quae
486 3441 609 3518 singulis
630 3441 761 3518 personis
785 3451 951 3520 competunt
977 3462 1029 3519 per
1056 3442 1323 3521 appropriationem,
1344 3449 1377 3500 ut
1429 3441 1481 3499 ilio

273 3521 437 3596 redemptio,
454 3520 574 3598 Spiritui
590 3521 697 3580 Sancto
711 3522 886 3595 illuminatio,
901 3523 969 3581 hinc
987 3522 1029 3598 fit,
1044 3531 1078 3582 ut
1097 3530 1223 3601 peccata,
1239 3541 1304 3599 quae
1324 3520 1481 3600 specialius

274 3600 492 3660 committuntur
505 3607 606 3658 contra
619 3600 814 3677 operationem
830 3601 908 3677 Filii,
924 3609 974 3661 aut
990 3603 1114 3679 Spiritus
1131 3602 1171 3680 S,
1184 3602 1325 3677 dicantur,
1335 3600 1481 3661 committi

274 3688 375 3742 contra
389 3680 505 3758 rutum,
521 3688 572 3739 aut
587 3679 725 3758 Spiritum
742 3679 781 3754 S,
797 3679 891 3739 nimir.
906 3682 1017 3740 ratione
1031 3681 1146 3741 illorum
1160 3681 1344 3761 operationis.
1586 3711 1587 3760 3

578 3761 646 3820 III.·
660 3761 725 3819 Non
740 3768 836 3838 potest
843 3760 901 3819 dici
911 3761 1065 3822 Peccatum
1075 3763 1132 3821 hoo
1142 3763 1299 3822 consistere
1311 3761 1482 3839 simpliciter
1586 3761 1587 3778 ³

276 3821 306 3867 1¹¹
325 3835 442 3926 qunqstqqr
462 3835 516 3867 ⁰⁰¹²·
537 3838 568 3900 in
589 3841 787 3916 inrpoenitentia
802 3841 898 3920 finali,
923 3851 956 3901 ut
978 3841 1106 3920 August.
1134 3842 1237 3919 voluit,
1266 3842 1336 3920 quia
1362 3843 1482 3919 reprobi

537 3941 638 3980 omnes
651 3921 682 3980 in
696 3941 731 3981 ea
744 3921 912 3997 moriuntur,
928 3921 979 4000 qui
996 3930 1094 3982 tamen
1113 3942 1172 3981 non
1192 3931 1314 4000 possunt
1334 3921 1393 3980 dici
1414 3941 1481 3999 pcc·

276 4018 341 4059 care
355 3999 386 4057 in
402 3997 541 4077 Spiritum
557 4001 713 4062 Sanctum:
728 4001 823 4062 Multo
834 4001 930 4062 minus
944 4021 997 4061 sex
1007 4003 1117 4080 species
1128 4003 1192 4080 ejus
1203 4001 1340 4062 constitui
1348 4012 1481 4078 possunt,

276 4086 309 4139 ut
321 4078 452 4158 plerique
473 4099 511 4138 ex
526 4080 686 4140 Pontificiis
707 4088 845 4158 statuunt,
868 4083 1067 4160 Praesumptio,
1092 4083 1271 4160 Desperatio,
1294 4081 1482 4160 Oppugnatio

275 4157 407 4218 veritatis
421 4159 536 4236 agnitae,
554 4161 720 4221 Invidentia
739 4160 873 4222 fraterna
894 4162 1003 4240 gratias,
1020 4161 1183 4222 Obstinatio
1203 4171 1233 4222 et
1254 4161 1481 4239 Impoenitentia,

275 4237 438 4317 quisunius
452 4239 558 4317 speciei
574 4241 722 4319 Scriptura
731 4241 800 4301 iacit
809 4243 865 4302 boc
875 4251 1033 4320 peecatum,
1044 4261 1098 4302 neo
1108 4241 1215 4302 debent
1225 4243 1272 4300 vel
1283 4249 1380 4320 partes
1390 4241 1481 4299 alicu·

271 4320 323 4398 jus
336 4319 456 4396 peccati,
467 4321 516 4379 vel
530 4321 638 4398 gradum
649 4329 677 4381 et
688 4321 892 4398 dispositiones
905 4321 943 4381 ad
956 4322 1037 4398 illud,
1052 4323 1083 4381 in
1096 4322 1175 4381 illius
1189 4322 1300 4400 species
1313 4320 1482 4399 permutari.

578 4400 634 4461 IV.
649 4401 742 4462 Nobis
752 4401 859 4460 dieitur
869 4421 931 4462 esse
940 4403 1085 4480 apostasia
1095 4401 1372 4462 universalissvero
1382 4400 1481 4459 Chris·

537 4479 681 4556 tianismo,
698 4501 749 4540 seu
769 4481 900 4541 veritatis
922 4481 1115 4559 Evangelioae,
1138 4481 1175 4540 de
1195 4480 1339 4560 qusquis
1359 4481 1389 4538 in
1411 4499 1481 4538 oon-

276 4556 397 4616 soientia
410 4577 463 4619 sua
477 4561 628 4620 convictus
648 4569 701 4634 est,
719 4561 817 4620 totalis
837 4571 867 4620 et
887 4581 1075 4639 perseverans
1094 4561 1258 4638 abnegatio,
1274 4559 1436 4634 detestatio,
1451 4569 1483 4620 ct

276 4637 463 4712 oppugnatio,
489 4659 541 4698 seu
564 4639 721 4717 sophistica
745 4660 796 4700 seu
817 4641 978 4718 tyrannica,
1003 4661 1061 4700 non
1085 4661 1123 4700 ex
1145 4641 1291 4700 communi
1313 4639 1482 4700 infirmitate

265 4710 411 4788 bumana,
423 4715 476 4776 aad
489 4737 528 4777 ex
541 4718 682 4796 siugulari
692 4727 721 4780 et
735 4719 894 4782 deliberata
906 4719 1025 4799 malitie,
1040 4729 1071 4782 et
1083 4720 1162 4782 illius
1176 4721 1244 4782 odio
1253 4740 1371 4800 prorsus
1379 4717 1481 4780 disbo-

297 4451 326 4498 In
337 4466 385 4511 quo
397 4457 516 4500 versetur.
