3158 5180
291 344 349 402 398
774 361 866 402 rocus
880 359 1016 410 orturus
1317 340 1476 422 [cotenu.

291 509 373 562 tumr
396 499 445 562 Sic
466 499 576 562 Adsmi
597 519 702 580 corpus
720 511 868 562 momento
890 503 971 562 Dens
994 499 1105 561 mestit
1125 519 1163 560 ex
1178 501 1300 580 pulvere
1322 507 1409 580 terre,
1427 523 1478 566 no·

289 589 388 642 mento
401 583 492 642 eltero
506 582 632 641 nnhnem
646 582 674 642 ei
686 582 848 661 inspiravit,
859 592 1004 642 momento
1013 601 1145 640 somnum
1158 581 1204 640 illi
1217 577 1331 658 indidit,
1345 591 1374 642 et
1385 595 1479 646 mom

288 662 333 721 illi
346 663 477 739 revulsit,
492 681 531 722 ex
544 681 611 741 qus,
626 671 772 722 momento
786 663 885 738 nltero,
902 663 996 722 Evam
1010 661 1154 720 formavit.
1177 661 1255 738 Ipsre
1269 682 1381 740 quoque
1392 663 1479 724 bertin

289 751 435 802 momento
458 749 631 821 occeperunt
652 742 791 821 impetum
805 742 942 802 veniendi
965 741 1004 801 ed
1017 741 1173 818 Adumum,
1188 741 1260 802 licet
1273 762 1311 802 ex
1323 742 1372 802 illo
1384 743 1479 822 impetu

289 823 453 883 succeseire
467 823 505 882 od
518 841 585 883 eum
597 823 799 901 processerint.

329 903 389 960 XI.
412 901 463 961 Ad
476 921 616 980 equorum
630 903 839 980 separationem
852 921 912 962 non
925 922 998 980 opus
1012 901 1067 962 fuit
1086 920 1195 978 magno
1208 901 1347 979 temporis
1359 901 1479 962 intervd·

287 981 337 1041 lo:
358 1001 425 1041 nem
438 991 472 1042 ut
487 981 568 1043 Deus
580 992 726 1042 momento
740 982 843 1059 effecit,
859 991 892 1042 ut
911 982 1062 1042 terrerive
1077 981 1166 1058 eride,
1182 981 1267 1058 equis
1280 982 1383 1059 quihus
1395 984 1477 1060 cinge

286 1061 373 1121 betur
393 1062 522 1140 undique
544 1063 776 1141 superemineret,
800 1063 842 1122 ite
862 1062 965 1122 eodem
986 1069 1132 1122 momento
1153 1061 1262 1121 indidit
1282 1071 1389 1122 motum
1400 1063 1478 1139 equis,

287 1161 435 1219 perquem
446 1153 595 1220 coepenmt
603 1141 747 1202 confluere
757 1152 787 1202 et
797 1143 908 1202 moveri
918 1143 956 1200 ed
964 1161 1103 1201 cavernae
1116 1149 1146 1200 et
1159 1149 1275 1201 meatus
1289 1141 1477 1216 subterraneos

288 1221 339 1298 qui
353 1223 445 1299 poroti
460 1230 542 1281 erent
564 1221 603 1280 ed
616 1239 665 1281 ees
678 1223 872 1300 excipiendus,
898 1221 949 1300 qui
962 1223 1031 1281 licet
1044 1221 1229 1282 successivus
1242 1220 1338 1297 merit,
1351 1230 1478 1281 momento

288 1309 384 1361 tomen
398 1321 416 1360 s
430 1301 494 1362 Deo
507 1302 566 1362 illis
580 1303 736 1380 impressus
749 1311 794 1362 est
803 1303 890 1381 jussu
903 1311 933 1362 ot
946 1302 1066 1380 imperio
1079 1320 1142 1361 suo.

328 1382 406 1441 XII.
438 1382 533 1457 Quum
555 1401 601 1442 ros
623 1391 768 1442 momento
790 1391 894 1442 creetse
916 1382 1058 1457 dicuntur,
1081 1401 1141 1440 uon
1162 1389 1225 1441 tem
1245 1379 1412 1458 intelligitur
1428 1401 1476 1439 mo-

286 1470 408 1520 mentum
421 1463 652 1540 mnthmntieurn,
667 1478 755 1541 qutun
772 1464 927 1540 physicum
943 1462 982 1522 id.
1004 1461 1210 1521 brevissimum
1222 1459 1304 1537 quod
1319 1459 1380 1518 deri
1396 1468 1476 1538 potest

328 1561 423 1679 xpiri.
448 1621 480 1681 sr
501 1621 615 1681 cereo
635 1621 802 1682 umorue
819 1641 937 1700 opem
957 1621 1058 1700 preme
1072 1620 1130 1680 uu
1143 1629 1191 1681 et
1203 1627 1407 1694 mentirer,
1420 1617 1475 1677 nur

286 1699 374 1760 debet
387 1719 451 1760 esse
464 1701 591 1761 mediato
604 1719 723 1778 operum
737 1703 876 1780 cujusque
890 1701 949 1762 diei
968 1701 1120 1779 productio
1131 1723 1140 1776 ;
1161 1701 1233 1779 quie
1246 1719 1305 1758 non
1317 1708 1406 1776 potest
1417 1717 1471 1756 oon·

287 1779 344 1856 cipi
358 1780 453 1840 minus
472 1781 579 1840 ductile
600 1781 689 1841 fuisse
710 1779 741 1841 in
760 1801 848 1842 runnu
863 1781 920 1841 Dei
939 1781 1012 1840 nihil
1032 1781 1193 1840 pecundum
1207 1779 1289 1858 quid,
1302 1787 1332 1838 et
1345 1777 1471 1838 mererium

285 1859 451 1936 inhabilem,
466 1879 553 1938 quum
567 1861 641 1920 nihil
658 1862 832 1938 obuolutum,
847 1871 880 1921 ut
900 1881 938 1921 ex
958 1861 1015 1921 isto
1035 1862 1162 1939 potuerit
1183 1859 1276 1920 cneori
1296 1865 1436 1928 momento,
1448 1865 1471 1914 et

284 1939 348 2000 sine
362 1959 451 2018 more,
466 1942 594 2020 metetis,
609 1961 647 2002 ex
668 1941 719 2001 illo
733 1961 803 2002 vero
822 1941 895 2000 nihil
915 1941 1040 2021 potuerit
1053 1939 1124 2018 fiori,
1139 1940 1200 2000 nisi
1213 1959 1280 2000 cum
1293 1957 1371 1997 more
1381 1944 1409 1996 et
1420 1953 1470 1995 mc·

284 2021 416 2082 oosrione
429 2022 576 2102 temporis.

750 2260 945 2337 QUAESTIO
966 2260 1022 2320 VI.

362 2420 426 2487 Quo
440 2420 540 2478 ordine
556 2420 654 2496 Opera
669 2417 828 2479 Greationie
842 2419 872 2478 in
884 2421 1067 2480 Heeotmero
1081 2439 1101 2478 o
1116 2419 1179 2478 Deo
1187 2420 1334 2496 producta
1345 2413 1414 2474 cinti

381 2615 519 2722 erere
536 2575 1463 2738 ,etttti‘ttult{titustttttttttt‘t

309 2736 348 2780 '0¹
362 2735 519 2782 distributive
539 2754 608 2813 eom,
625 2738 719 2797 solent
740 2738 882 2816 exprimi,
901 2739 951 2797 vel
970 2740 1000 2798 in
1019 2739 1109 2816 specie
1129 2748 1159 2798 et
1180 2737 1358 2809 demonum
1372 2731 1462 2790 ηῑὶῠῠθ

419 2807 455 2838 ¹¹¹¹
540 2817 737 2895 productionis
747 2819 893 2877 renerum
907 2819 971 2896 ejus
984 2819 1109 2896 partium
1122 2817 1154 2877 in
1166 2817 1305 2880 sextiduo
1316 2809 1461 2880 Crettiossit

277 2891 309 2954 in
331 2913 389 2990 que
412 2895 537 2975 primum
557 2915 655 2957 eurum
675 2898 789 2975 menno,
812 2897 917 2958 deinde
938 2900 1085 2975 tunneto,
1109 2906 1259 2978 postremo
1280 2903 1396 2968 omento,
1408 2905 1459 2967 pro

278 2985 423 3116 pmluduin
444 3055 481 3116 iit
498 3075 569 3130 uero
590 3056 724 3118 omnibus
745 3057 826 3118 Dens
846 3059 1005 3118 Potentiam
1026 3077 1108 3118 suem
1126 3056 1157 3117 in
1177 3053 1362 3136 productione
1382 3061 1458 3108 rerum

278 3137 416 3212 omnium,
437 3145 497 3196 tem
518 3157 688 3218 magnorum
708 3157 795 3216 quem
815 3157 970 3216 porrorum
991 3158 1029 3198 ex
1050 3137 1142 3197 nihilo
1163 3157 1216 3216 per
1238 3138 1329 3200 nolum
1341 3129 1456 3198 vertuni

277 3217 454 3292 Sapientiam
474 3216 505 3274 in
519 3219 667 3293 verietate,
683 3219 791 3294 ordine,
807 3237 841 3277 eo
855 3238 911 3278 usu
924 3237 1039 3294 earum3
1061 3219 1223 3277 Bonitotem
1244 3219 1275 3277 in
1288 3215 1332 3276 sui
1350 3223 1456 3272 commu·

276 3295 429 3372 nicetione,
444 3315 497 3372 per
508 3316 596 3373 quem
611 3299 708 3357 omnir
721 3297 790 3357 fecit
803 3298 889 3358 rulde
908 3299 992 3374 bonu,
1014 3297 1175 3357 luculenter
1189 3291 1406 3358 demonstravitt
1424 3282 1456 3342 Ul

276 3373 409 3434 adhibuit
415 3376 577 3452 jussionem,
588 3386 617 3435 et
627 3377 802 3452 mandatum,
815 3378 893 3455 quod
904 3386 1036 3456 potenter
1046 3398 1092 3436 res
1103 3377 1237 3454 efficeret,
1252 3369 1456 3455 approbrium

276 3471 341 3528 quse
354 3453 396 3511 rei
410 3453 558 3529 producte
578 3473 630 3532 per
650 3457 809 3516 bonitatem
829 3458 1021 3534 benediceret,
1037 3458 1319 3535 ordinationemque
1333 3448 1454 3527 sapienter

273 3531 370 3589 omnir
384 3532 529 3608 dirigeret,
545 3540 575 3591 et
587 3553 672 3594 usum
686 3553 770 3595 enum
785 3536 909 3614 singulis
922 3538 1092 3616 essigueret,
1106 3546 1137 3597 et
1149 3539 1317 3600 sumnonem
1329 3547 1387 3609 que
1399 3539 1452 3582 ⁰⁰¹¹·

272 3619 384 3670 suntet
397 3611 511 3689 legibus
525 3614 615 3672 semel
628 3615 731 3691 positis
744 3615 796 3675 ille
809 3617 973 3694 subjiceret

536 3692 648 3832 elit
661 3694 762 3852 ‘tte
775 3695 1234 3853 uerterent
1241 3685 1451 3854 eunte

304 3842 367 3888 1¹¹²·
534 3853 574 3911 eit
585 3819 665 3912 Deris
681 3855 795 3930 Oretum,
810 3865 837 3914 et
852 3858 973 3915 Tenum
981 3879 993 3930 ;
1015 3856 1098 3916 Licet
1118 3856 1194 3916 enim
1212 3855 1326 3934 quidem
1344 3849 1398 3934 ΙΝ,
1409 3856 1449 3928 ’δῖ

272 3928 328 3987 lint
341 3927 498 4008 proleptioe
512 3931 571 3991 dici
590 3951 642 4010 por
655 3935 878 4013 propositionem
893 3935 1066 4014 generalem,
1081 3954 1147 4013 que
1159 3937 1300 3996 universe
1314 3929 1449 3989 (imiwffl‘

274 4009 474 4086 compendium
495 4019 525 4071 et
544 4014 731 4074 summarium
752 4015 789 4075 ob
809 4015 910 4075 oculos
926 4023 1023 4092 ponet,
1045 4035 1132 4093 quem
1153 4024 1255 4094 poster
1277 4003 1408 4088 sigillatim
1425 4001 1448 4052 θ*
1534 4015 1535 4020 ’

272 4088 409 4148 distinete
429 4109 482 4168 per
502 4091 633 4169 siufflrlos
646 4093 710 4154 dier
723 4094 857 4172 explicet,
873 4113 960 4172 quem
980 4095 1153 4156 sententium
1167 4095 1295 4174 sequitur
1308 4083 1446 4169 chiffl.

273 4187 341 4242 mne,
357 4177 466 4246 etpost
479 4189 546 4229 eum
559 4191 618 4230 non
636 4173 738 4250 pauci:
761 4174 858 4234 Setius
871 4183 969 4234 temen
982 4175 1106 4251 videtur,
1121 4183 1152 4235 et
1166 4176 1302 4236 Moseiete
1314 4166 1446 4226 mmm

272 4246 500 4324 convenientius,
515 4259 549 4310 ut
562 4249 742 4313 describetur
754 4253 810 4312 hoo
823 4253 916 4331 primo
929 4273 1017 4314 versu
1029 4254 1143 4314 initium
1160 4252 1313 4315 Greetionir
1331 4261 1376 4323 pti
1392 4249 1444 4312 pro

271 4325 436 4387 ductionem
458 4329 579 4388 dusmm
602 4333 727 4409 portium
751 4334 929 4410 generalium
952 4333 1064 4410 Mundi,
1090 4335 1164 4394 Coeli
1184 4335 1292 4394 scilieet
1311 4335 1338 4388 et
1356 4319 1442 4410 Τβῐῐῆ
1533 4399 1534 4402 ¹

271 4423 358 4482 quem
373 4409 504 4484 sequitur
513 4418 614 4487 posteo
627 4411 782 4490 descriptio
796 4413 1019 4490 particularium,
1026 4434 1091 4492 quoe
1105 4414 1179 4474 coelo
1193 4423 1223 4474 et
1236 4424 1307 4475 terre
1318 4407 1441 4464 effliffl‘n'
1533 4407 1534 4494 ζ

269 4492 324 4560 tur,
341 4494 370 4544 et
383 4506 448 4563 quoe
462 4488 493 4546 in
507 4491 695 4566 sequentibus
709 4491 811 4552 diebus
825 4491 960 4553 distincte
974 4513 993 4552 n
1006 4495 1070 4553 Deo
1083 4494 1231 4572 producte
1246 4497 1321 4553 sunt
1355 4471 1446 4535 1²¹th
1533 4507 1534 4532 ³

267 4576 326 4618 non
340 4564 461 4624 obscure
476 4569 623 4645 colligitur
632 4589 669 4630 ex
681 4589 768 4631 versu
782 4576 810 4646 s,
823 4573 872 4630 ubi
884 4572 1008 4650 additur,
1020 4575 1062 4632 Et
1072 4582 1151 4634 terro
1161 4584 1226 4634 erat
1234 4567 1329 4634 inanit
1339 4563 1450 4618 ΝΜ

267 4639 346 4714 quod
359 4641 417 4700 dioi
431 4661 489 4702 nou
502 4647 652 4726 potuisset,
669 4647 724 4713 nisi
738 4659 816 4710 terre
825 4652 887 4730 jem
902 4661 998 4713 orento
1011 4663 1228 4732 supponeretur,
1244 4673 1272 4715 v.
1287 4651 1319 4722 1,
1331 4637 1399 4705 clius,
1412 4619 1449 4682 vel
1532 4717 1533 4720 Ἴ
