<?xml version="1.0" encoding="UTF-8"?>
<!DOCTYPE html PUBLIC "-//W3C//DTD XHTML 1.0 Transitional//EN"
    "http://www.w3.org/TR/xhtml1/DTD/xhtml1-transitional.dtd">
<html xmlns="http://www.w3.org/1999/xhtml" xml:lang="en" lang="en">
 <head>
  <title>
</title>
<meta http-equiv="Content-Type" content="text/html;charset=utf-8" />
  <meta name='ocr-system' content='tesseract 3.04.00' />
  <meta name='ocr-capabilities' content='ocr_page ocr_carea ocr_par ocr_line ocrx_word'/>
</head>
<body>
  <div class='ocr_page' id='page_1' title='image "./francisciturret01pictgoog_0546.png"; bbox 0 0 3174 5174; ppageno 0'>
   <div class='ocr_carea' id='block_1_1' title="bbox 128 337 1332 419">
    <p class='ocr_par' dir='ltr' id='par_1_1' title="bbox 128 337 1332 419">
     <span class='ocr_line' id='line_1_1' title="bbox 128 337 1332 419; baseline 0.005 -23"><span class='ocrx_word' id='word_1_1' title='bbox 128 355 244 417; x_wconf 72' lang='lat' dir='ltr'><strong>cumen.</strong></span> <span class='ocrx_word' id='word_1_2' title='bbox 260 337 319 419; x_wconf 71' lang='lat' dir='ltr'><strong>ru]</strong></span> <span class='ocrx_word' id='word_1_3' title='bbox 650 355 690 394; x_wconf 87' lang='lat' dir='ltr'><strong>nn</strong></span> <span class='ocrx_word' id='word_1_4' title='bbox 705 353 840 394; x_wconf 73' lang='lat' dir='ltr'><strong>nocuus.</strong></span> <span class='ocrx_word' id='word_1_5' title='bbox 1274 345 1332 402; x_wconf 83' lang='grc'><strong>491</strong></span> 
     </span>
    </p>
   </div>
   <div class='ocr_carea' id='block_1_2' title="bbox 128 492 1349 2820">
    <p class='ocr_par' dir='ltr' id='par_1_2' title="bbox 128 492 1337 655">
     <span class='ocr_line' id='line_1_2' title="bbox 128 492 1337 575; baseline 0.004 -19"><span class='ocrx_word' id='word_1_6' title='bbox 128 496 335 574; x_wconf 88' lang='lat' dir='ltr'><strong>intelligibilis,</strong></span> <span class='ocrx_word' id='word_1_7' title='bbox 350 505 380 556; x_wconf 87' lang='lat' dir='ltr'><strong>et</strong></span> <span class='ocrx_word' id='word_1_8' title='bbox 393 495 493 556; x_wconf 89' lang='lat' dir='ltr'><strong>intime</strong></span> <span class='ocrx_word' id='word_1_9' title='bbox 507 515 635 574; x_wconf 71' lang='lat' dir='ltr'><strong>praescus</strong></span> <span class='ocrx_word' id='word_1_10' title='bbox 645 494 804 556; x_wconf 86' lang='lat' dir='ltr'><strong>intellectui</strong></span> <span class='ocrx_word' id='word_1_11' title='bbox 816 492 969 572; x_wconf 85' lang='lat' dir='ltr'><strong>Angelico,</strong></span> <span class='ocrx_word' id='word_1_12' title='bbox 984 494 1065 556; x_wconf 89' lang='lat' dir='ltr'><strong>nulla</strong></span> <span class='ocrx_word' id='word_1_13' title='bbox 1078 515 1151 575; x_wconf 90' lang='lat' dir='ltr'><strong>opus</strong></span> <span class='ocrx_word' id='word_1_14' title='bbox 1164 497 1253 559; x_wconf 80' lang='lat' dir='ltr'><strong>habet</strong></span> <span class='ocrx_word' id='word_1_15' title='bbox 1266 499 1337 560; x_wconf 85' lang='lat' dir='ltr'><strong>ims-</strong></span> 
     </span>
     <span class='ocr_line' id='line_1_3' title="bbox 129 577 561 655; baseline -0.002 -20"><span class='ocrx_word' id='word_1_16' title='bbox 129 578 199 655; x_wconf 89' lang='lat' dir='ltr'><strong>gine</strong></span> <span class='ocrx_word' id='word_1_17' title='bbox 214 577 252 636; x_wconf 91' lang='lat' dir='ltr'><strong>ad</strong></span> <span class='ocrx_word' id='word_1_18' title='bbox 267 577 313 637; x_wconf 88' lang='lat' dir='ltr'><strong>sui</strong></span> <span class='ocrx_word' id='word_1_19' title='bbox 326 577 561 638; x_wconf 86' lang='lat' dir='ltr'><strong>intellectionem.</strong></span> 
     </span>
    </p>

    <p class='ocr_par' dir='ltr' id='par_1_3' title="bbox 129 651 1340 1298">
     <span class='ocr_line' id='line_1_4' title="bbox 171 651 1338 733; baseline 0.003 -15"><span class='ocrx_word' id='word_1_20' title='bbox 171 657 266 718; x_wconf 83' lang='lat' dir='ltr'><strong>VIII.</strong></span> <span class='ocrx_word' id='word_1_21' title='bbox 287 661 316 717; x_wconf 84' lang='lat'><strong>3.</strong></span> <span class='ocrx_word' id='word_1_22' title='bbox 331 657 398 718; x_wconf 84' lang='lat' dir='ltr'><strong>Non</strong></span> <span class='ocrx_word' id='word_1_23' title='bbox 412 665 457 716; x_wconf 89' lang='lat' dir='ltr'><strong>est</strong></span> <span class='ocrx_word' id='word_1_24' title='bbox 471 657 558 716; x_wconf 87' lang='lat' dir='ltr'><strong>etiem</strong></span> <span class='ocrx_word' id='word_1_25' title='bbox 573 654 702 733; x_wconf 80' lang='lat' dir='ltr'><strong>cognitio</strong></span> <span class='ocrx_word' id='word_1_26' title='bbox 715 651 843 714; x_wconf 63' lang='lat' dir='ltr'><strong>occlusa</strong></span> <span class='ocrx_word' id='word_1_27' title='bbox 862 661 892 714; x_wconf 91' lang='lat' dir='ltr'><strong>et</strong></span> <span class='ocrx_word' id='word_1_28' title='bbox 910 652 1027 732; x_wconf 72' lang='grc' dir='ltr'><strong>ποέέίοα,</strong></span> <span class='ocrx_word' id='word_1_29' title='bbox 1053 655 1106 716; x_wconf 89' lang='lat' dir='ltr'><strong>sed</strong></span> <span class='ocrx_word' id='word_1_30' title='bbox 1127 659 1285 720; x_wconf 75' lang='lat' dir='ltr'><strong>dicoctticc</strong></span> <span class='ocrx_word' id='word_1_31' title='bbox 1306 671 1338 722; x_wconf 88' lang='lat' dir='ltr'><strong>et</strong></span> 
     </span>
     <span class='ocr_line' id='line_1_5' title="bbox 131 734 1337 815; baseline 0.002 -17"><span class='ocrx_word' id='word_1_32' title='bbox 131 737 298 815; x_wconf 60' lang='lat' dir='ltr'><strong>dearces</strong></span> <span class='ocrx_word' id='word_1_33' title='bbox 313 739 385 814; x_wconf 82' lang='lat' dir='ltr'><strong>quic</strong></span> <span class='ocrx_word' id='word_1_34' title='bbox 397 737 488 797; x_wconf 83' lang='lat' dir='ltr'><strong>solius</strong></span> <span class='ocrx_word' id='word_1_35' title='bbox 502 736 558 796; x_wconf 90' lang='lat' dir='ltr'><strong>Dei</strong></span> <span class='ocrx_word' id='word_1_36' title='bbox 581 744 627 795; x_wconf 90' lang='lat' dir='ltr'><strong>est</strong></span> <span class='ocrx_word' id='word_1_37' title='bbox 648 754 823 813; x_wconf 75' lang='lat' dir='ltr'><strong>cognoscere</strong></span> <span class='ocrx_word' id='word_1_38' title='bbox 844 734 987 812; x_wconf 86' lang='lat' dir='ltr'><strong>intuitive,</strong></span> <span class='ocrx_word' id='word_1_39' title='bbox 1011 736 1080 812; x_wconf 86' lang='lat' dir='ltr'><strong>quia</strong></span> <span class='ocrx_word' id='word_1_40' title='bbox 1101 737 1266 800; x_wconf 76' lang='lat' dir='ltr'><strong>immediate</strong></span> <span class='ocrx_word' id='word_1_41' title='bbox 1290 761 1337 800; x_wconf 86' lang='lat' dir='ltr'><strong>res</strong></span> 
     </span>
     <span class='ocr_line' id='line_1_6' title="bbox 129 814 1337 894; baseline 0.002 -16"><span class='ocrx_word' id='word_1_42' title='bbox 129 818 210 894; x_wconf 78' lang='lat' dir='ltr'><strong>Ipsos</strong></span> <span class='ocrx_word' id='word_1_43' title='bbox 223 819 256 876; x_wconf 87' lang='lat' dir='ltr'><strong>iu</strong></span> <span class='ocrx_word' id='word_1_44' title='bbox 269 819 396 877; x_wconf 76' lang='lat' dir='ltr'><strong>essentia</strong></span> <span class='ocrx_word' id='word_1_45' title='bbox 408 817 498 894; x_wconf 74' lang='lat' dir='ltr'><strong>videt,</strong></span> <span class='ocrx_word' id='word_1_46' title='bbox 514 836 568 876; x_wconf 92' lang='lat' dir='ltr'><strong>nec</strong></span> <span class='ocrx_word' id='word_1_47' title='bbox 581 816 642 876; x_wconf 92' lang='lat' dir='ltr'><strong>ullo</strong></span> <span class='ocrx_word' id='word_1_48' title='bbox 657 836 730 894; x_wconf 85' lang='lat' dir='ltr'><strong>opus</strong></span> <span class='ocrx_word' id='word_1_49' title='bbox 743 815 831 874; x_wconf 89' lang='lat' dir='ltr'><strong>habet</strong></span> <span class='ocrx_word' id='word_1_50' title='bbox 849 814 990 890; x_wconf 86' lang='lat' dir='ltr'><strong>dIscursu,</strong></span> <span class='ocrx_word' id='word_1_51' title='bbox 1006 824 1039 874; x_wconf 89' lang='lat' dir='ltr'><strong>ut</strong></span> <span class='ocrx_word' id='word_1_52' title='bbox 1051 837 1142 876; x_wconf 89' lang='lat' dir='ltr'><strong>unum</strong></span> <span class='ocrx_word' id='word_1_53' title='bbox 1155 838 1193 877; x_wconf 83' lang='lat' dir='ltr'><strong>ex</strong></span> <span class='ocrx_word' id='word_1_54' title='bbox 1207 820 1264 880; x_wconf 87' lang='lat' dir='ltr'><strong>alio</strong></span> <span class='ocrx_word' id='word_1_55' title='bbox 1278 819 1337 880; x_wconf 92' lang='lat' dir='ltr'><strong>eol·</strong></span> 
     </span>
     <span class='ocr_line' id='line_1_7' title="bbox 130 895 1337 977; baseline 0.002 -21"><span class='ocrx_word' id='word_1_56' title='bbox 130 898 223 974; x_wconf 83' lang='lat' dir='ltr'><strong>liget;</strong></span> <span class='ocrx_word' id='word_1_57' title='bbox 248 897 308 958; x_wconf 84' lang='lat' dir='ltr'><strong>Sed</strong></span> <span class='ocrx_word' id='word_1_58' title='bbox 322 897 469 957; x_wconf 80' lang='lat' dir='ltr'><strong>Greetnrse</strong></span> <span class='ocrx_word' id='word_1_59' title='bbox 483 915 591 974; x_wconf 86' lang='lat' dir='ltr'><strong>omnes,</strong></span> <span class='ocrx_word' id='word_1_60' title='bbox 607 916 672 974; x_wconf 85' lang='lat' dir='ltr'><strong>quse</strong></span> <span class='ocrx_word' id='word_1_61' title='bbox 690 895 780 954; x_wconf 79' lang='lat' dir='ltr'><strong>finitos</strong></span> <span class='ocrx_word' id='word_1_62' title='bbox 801 903 876 972; x_wconf 88' lang='lat' dir='ltr'><strong>sunt,</strong></span> <span class='ocrx_word' id='word_1_63' title='bbox 899 904 928 954; x_wconf 90' lang='lat' dir='ltr'><strong>ct</strong></span> <span class='ocrx_word' id='word_1_64' title='bbox 948 896 986 954; x_wconf 91' lang='lat' dir='ltr'><strong>ab</strong></span> <span class='ocrx_word' id='word_1_65' title='bbox 1006 895 1182 974; x_wconf 88' lang='lat' dir='ltr'><strong>imaginibus</strong></span> <span class='ocrx_word' id='word_1_66' title='bbox 1201 899 1337 977; x_wconf 89' lang='lat' dir='ltr'><strong>pendent,</strong></span> 
     </span>
     <span class='ocr_line' id='line_1_8' title="bbox 130 975 1339 1056; baseline 0.003 -20"><span class='ocrx_word' id='word_1_67' title='bbox 130 997 192 1036; x_wconf 90' lang='lat' dir='ltr'><strong>non</strong></span> <span class='ocrx_word' id='word_1_68' title='bbox 205 985 330 1056; x_wconf 87' lang='lat' dir='ltr'><strong>possunt</strong></span> <span class='ocrx_word' id='word_1_69' title='bbox 346 978 482 1038; x_wconf 81' lang='lat' dir='ltr'><strong>intuitlve</strong></span> <span class='ocrx_word' id='word_1_70' title='bbox 503 995 549 1037; x_wconf 86' lang='lat' dir='ltr'><strong>res</strong></span> <span class='ocrx_word' id='word_1_71' title='bbox 571 976 741 1054; x_wconf 86' lang='lat' dir='ltr'><strong>pervidere:</strong></span> <span class='ocrx_word' id='word_1_72' title='bbox 763 975 830 1034; x_wconf 82' lang='lat' dir='ltr'><strong>Non</strong></span> <span class='ocrx_word' id='word_1_73' title='bbox 851 993 920 1052; x_wconf 84' lang='lat' dir='ltr'><strong>ergo</strong></span> <span class='ocrx_word' id='word_1_74' title='bbox 942 975 1066 1055; x_wconf 76' lang='lat' dir='ltr'><strong>simplici</strong></span> <span class='ocrx_word' id='word_1_75' title='bbox 1086 985 1116 1037; x_wconf 91' lang='lat' dir='ltr'><strong>et</strong></span> <span class='ocrx_word' id='word_1_76' title='bbox 1138 989 1339 1040; x_wconf 77' lang='lat' dir='ltr'><strong>momentaneo</strong></span> 
     </span>
     <span class='ocr_line' id='line_1_9' title="bbox 131 1054 1340 1138; baseline 0.002 -22"><span class='ocrx_word' id='word_1_77' title='bbox 131 1059 242 1118; x_wconf 89' lang='lat' dir='ltr'><strong>intuitu</strong></span> <span class='ocrx_word' id='word_1_78' title='bbox 255 1057 392 1136; x_wconf 75' lang='lat' dir='ltr'><strong>Angelus</strong></span> <span class='ocrx_word' id='word_1_79' title='bbox 406 1057 503 1117; x_wconf 89' lang='lat' dir='ltr'><strong>omnia</strong></span> <span class='ocrx_word' id='word_1_80' title='bbox 515 1056 661 1135; x_wconf 75' lang='lat' dir='ltr'><strong>perspicit,</strong></span> <span class='ocrx_word' id='word_1_81' title='bbox 677 1055 728 1116; x_wconf 88' lang='lat' dir='ltr'><strong>ssd</strong></span> <span class='ocrx_word' id='word_1_82' title='bbox 742 1054 829 1114; x_wconf 92' lang='lat' dir='ltr'><strong>modo</strong></span> <span class='ocrx_word' id='word_1_83' title='bbox 850 1054 993 1114; x_wconf 88' lang='lat' dir='ltr'><strong>discursui</strong></span> <span class='ocrx_word' id='word_1_84' title='bbox 1013 1064 1111 1116; x_wconf 87' lang='lat' dir='ltr'><strong>nostro</strong></span> <span class='ocrx_word' id='word_1_85' title='bbox 1133 1059 1264 1138; x_wconf 85' lang='lat' dir='ltr'><strong>enalogo,</strong></span> <span class='ocrx_word' id='word_1_86' title='bbox 1288 1059 1340 1120; x_wconf 89' lang='lat' dir='ltr'><strong>sed</strong></span> 
     </span>
     <span class='ocr_line' id='line_1_10' title="bbox 131 1135 1339 1218; baseline 0.001 -21"><span class='ocrx_word' id='word_1_87' title='bbox 131 1138 221 1216; x_wconf 89' lang='lat' dir='ltr'><strong>longe</strong></span> <span class='ocrx_word' id='word_1_88' title='bbox 235 1138 408 1218; x_wconf 85' lang='lat' dir='ltr'><strong>perfectiori,</strong></span> <span class='ocrx_word' id='word_1_89' title='bbox 423 1157 482 1197; x_wconf 91' lang='lat' dir='ltr'><strong>non</strong></span> <span class='ocrx_word' id='word_1_90' title='bbox 496 1137 654 1215; x_wconf 81' lang='lat' dir='ltr'><strong>languenti,</strong></span> <span class='ocrx_word' id='word_1_91' title='bbox 669 1135 837 1214; x_wconf 84' lang='lat' dir='ltr'><strong>imperfecto</strong></span> <span class='ocrx_word' id='word_1_92' title='bbox 850 1155 884 1196; x_wconf 88' lang='lat' dir='ltr'><strong>ac</strong></span> <span class='ocrx_word' id='word_1_93' title='bbox 899 1135 1030 1214; x_wconf 86' lang='lat' dir='ltr'><strong>obscuro,</strong></span> <span class='ocrx_word' id='word_1_94' title='bbox 1052 1137 1146 1216; x_wconf 81' lang='lat' dir='ltr'><strong>qualis</strong></span> <span class='ocrx_word' id='word_1_95' title='bbox 1167 1147 1212 1198; x_wconf 89' lang='lat' dir='ltr'><strong>est</strong></span> <span class='ocrx_word' id='word_1_96' title='bbox 1231 1147 1339 1217; x_wconf 87' lang='lat' dir='ltr'><strong>noster,</strong></span> 
     </span>
     <span class='ocr_line' id='line_1_11' title="bbox 132 1217 632 1298; baseline -0.006 -20"><span class='ocrx_word' id='word_1_97' title='bbox 132 1218 186 1278; x_wconf 83' lang='lat' dir='ltr'><strong>sed</strong></span> <span class='ocrx_word' id='word_1_98' title='bbox 198 1218 400 1298; x_wconf 87' lang='lat' dir='ltr'><strong>pernicissimo</strong></span> <span class='ocrx_word' id='word_1_99' title='bbox 413 1225 444 1277; x_wconf 87' lang='lat' dir='ltr'><strong>et</strong></span> <span class='ocrx_word' id='word_1_100' title='bbox 456 1217 632 1276; x_wconf 88' lang='lat' dir='ltr'><strong>acutissimo.</strong></span> 
     </span>
    </p>

    <p class='ocr_par' dir='ltr' id='par_1_4' title="bbox 133 1283 1349 2820">
     <span class='ocr_line' id='line_1_12' title="bbox 174 1283 1339 1376; baseline 0.001 -18"><span class='ocrx_word' id='word_1_101' title='bbox 174 1299 237 1359; x_wconf 89' lang='lat' dir='ltr'><strong>IX.</strong></span> <span class='ocrx_word' id='word_1_102' title='bbox 260 1299 332 1357; x_wconf 86' lang='lat' dir='ltr'><strong>Dari</strong></span> <span class='ocrx_word' id='word_1_103' title='bbox 346 1306 476 1359; x_wconf 85' lang='lat' dir='ltr'><strong>mutuam</strong></span> <span class='ocrx_word' id='word_1_104' title='bbox 489 1298 565 1357; x_wconf 87' lang='lat' dir='ltr'><strong>inter</strong></span> <span class='ocrx_word' id='word_1_105' title='bbox 583 1296 716 1374; x_wconf 77' lang='lat' dir='ltr'><strong>Angelos</strong></span> <span class='ocrx_word' id='word_1_106' title='bbox 730 1283 1017 1356; x_wconf 81' lang='lat' dir='ltr'><strong>communicationem</strong></span> <span class='ocrx_word' id='word_1_107' title='bbox 1041 1295 1188 1376; x_wconf 82' lang='lat' dir='ltr'><strong>Scriptura</strong></span> <span class='ocrx_word' id='word_1_108' title='bbox 1208 1305 1339 1375; x_wconf 86' lang='lat' dir='ltr'><strong>testatur,</strong></span> 
     </span>
     <span class='ocr_line' id='line_1_13' title="bbox 133 1375 1340 1456; baseline 0.001 -18"><span class='ocrx_word' id='word_1_109' title='bbox 133 1399 225 1456; x_wconf 88' lang='lat' dir='ltr'><strong>quum</strong></span> <span class='ocrx_word' id='word_1_110' title='bbox 238 1378 370 1456; x_wconf 90' lang='lat' dir='ltr'><strong>loquitur</strong></span> <span class='ocrx_word' id='word_1_111' title='bbox 383 1377 420 1436; x_wconf 91' lang='lat' dir='ltr'><strong>de</strong></span> <span class='ocrx_word' id='word_1_112' title='bbox 435 1377 587 1455; x_wconf 86' lang='lat' dir='ltr'><strong>colloquiis</strong></span> <span class='ocrx_word' id='word_1_113' title='bbox 601 1375 762 1454; x_wconf 88' lang='lat' dir='ltr'><strong>Angelicis,</strong></span> <span class='ocrx_word' id='word_1_114' title='bbox 778 1376 846 1436; x_wconf 87' lang='lat' dir='ltr'><strong>Zsc.</strong></span> <span class='ocrx_word' id='word_1_115' title='bbox 861 1375 891 1435; x_wconf 90' lang='lat' dir='ltr'><strong>ii.</strong></span> <span class='ocrx_word' id='word_1_116' title='bbox 906 1378 934 1452; x_wconf 84' lang='lat'><strong>3,</strong></span> <span class='ocrx_word' id='word_1_117' title='bbox 950 1382 980 1435; x_wconf 94' lang='lat' dir='ltr'><strong>et</strong></span> <span class='ocrx_word' id='word_1_118' title='bbox 993 1375 1066 1435; x_wconf 90' lang='lat' dir='ltr'><strong>alios</strong></span> <span class='ocrx_word' id='word_1_119' title='bbox 1080 1377 1118 1436; x_wconf 81' lang='lat' dir='ltr'><strong>ed</strong></span> <span class='ocrx_word' id='word_1_120' title='bbox 1128 1378 1201 1438; x_wconf 87' lang='lat' dir='ltr'><strong>elios</strong></span> <span class='ocrx_word' id='word_1_121' title='bbox 1215 1380 1340 1439; x_wconf 80' lang='lat' dir='ltr'><strong>claman-</strong></span> 
     </span>
     <span class='ocr_line' id='line_1_14' title="bbox 133 1454 1341 1537; baseline 0 -19"><span class='ocrx_word' id='word_1_122' title='bbox 133 1468 180 1518; x_wconf 89' lang='lat' dir='ltr'><strong>tes</strong></span> <span class='ocrx_word' id='word_1_123' title='bbox 194 1459 316 1534; x_wconf 86' lang='lat' dir='ltr'><strong>inducit,</strong></span> <span class='ocrx_word' id='word_1_124' title='bbox 333 1459 373 1516; x_wconf 89' lang='lat' dir='ltr'><strong>Is.</strong></span> <span class='ocrx_word' id='word_1_125' title='bbox 387 1458 428 1518; x_wconf 84' lang='lat' dir='ltr'><strong>vi.</strong></span> <span class='ocrx_word' id='word_1_126' title='bbox 444 1460 472 1533; x_wconf 88' lang='grc'><strong>3,</strong></span> <span class='ocrx_word' id='word_1_127' title='bbox 488 1456 565 1537; x_wconf 92' lang='lat' dir='ltr'><strong>Apo.</strong></span> <span class='ocrx_word' id='word_1_128' title='bbox 579 1456 631 1515; x_wconf 82' lang='lat' dir='ltr'><strong>vil.</strong></span> <span class='ocrx_word' id='word_1_129' title='bbox 646 1461 674 1532; x_wconf 76' lang='lat'><strong>2,</strong></span> <span class='ocrx_word' id='word_1_130' title='bbox 690 1465 719 1516; x_wconf 90' lang='lat' dir='ltr'><strong>et</strong></span> <span class='ocrx_word' id='word_1_131' title='bbox 732 1454 794 1515; x_wconf 86' lang='lat' dir='ltr'><strong>xiv.</strong></span> <span class='ocrx_word' id='word_1_132' title='bbox 812 1457 858 1514; x_wconf 86' lang='lat'><strong>18.</strong></span> <span class='ocrx_word' id='word_1_133' title='bbox 902 1454 960 1516; x_wconf 82' lang='lat' dir='ltr'><strong>Sed</strong></span> <span class='ocrx_word' id='word_1_134' title='bbox 979 1455 1073 1532; x_wconf 90' lang='lat' dir='ltr'><strong>qualis</strong></span> <span class='ocrx_word' id='word_1_135' title='bbox 1087 1457 1125 1516; x_wconf 91' lang='lat' dir='ltr'><strong>sit</strong></span> <span class='ocrx_word' id='word_1_136' title='bbox 1138 1458 1198 1533; x_wconf 88' lang='lat' dir='ltr'><strong>illa,</strong></span> <span class='ocrx_word' id='word_1_137' title='bbox 1220 1465 1249 1517; x_wconf 92' lang='lat' dir='ltr'><strong>ct</strong></span> <span class='ocrx_word' id='word_1_138' title='bbox 1269 1479 1341 1536; x_wconf 90' lang='lat' dir='ltr'><strong>quo·</strong></span> 
     </span>
     <span class='ocr_line' id='line_1_15' title="bbox 133 1535 1341 1616; baseline 0.002 -20"><span class='ocrx_word' id='word_1_139' title='bbox 133 1539 223 1597; x_wconf 88' lang='lat' dir='ltr'><strong>modo</strong></span> <span class='ocrx_word' id='word_1_140' title='bbox 237 1538 297 1614; x_wconf 84' lang='lat' dir='ltr'><strong>fist,</strong></span> <span class='ocrx_word' id='word_1_141' title='bbox 312 1557 366 1597; x_wconf 92' lang='lat' dir='ltr'><strong>nec</strong></span> <span class='ocrx_word' id='word_1_142' title='bbox 382 1537 531 1614; x_wconf 83' lang='lat' dir='ltr'><strong>Scriptnru</strong></span> <span class='ocrx_word' id='word_1_143' title='bbox 543 1536 640 1612; x_wconf 89' lang='lat' dir='ltr'><strong>tradit,</strong></span> <span class='ocrx_word' id='word_1_144' title='bbox 655 1555 709 1595; x_wconf 89' lang='lat' dir='ltr'><strong>nec</strong></span> <span class='ocrx_word' id='word_1_145' title='bbox 724 1535 876 1612; x_wconf 78' lang='lat' dir='ltr'><strong>quisquam</strong></span> <span class='ocrx_word' id='word_1_146' title='bbox 889 1536 1054 1594; x_wconf 88' lang='lat' dir='ltr'><strong>mortalium</strong></span> <span class='ocrx_word' id='word_1_147' title='bbox 1074 1545 1170 1614; x_wconf 89' lang='lat' dir='ltr'><strong>potest</strong></span> <span class='ocrx_word' id='word_1_148' title='bbox 1191 1537 1341 1616; x_wconf 86' lang='lat' dir='ltr'><strong>affirmere,</strong></span> 
     </span>
     <span class='ocr_line' id='line_1_16' title="bbox 134 1616 1342 1696; baseline 0.001 -19"><span class='ocrx_word' id='word_1_149' title='bbox 134 1618 277 1696; x_wconf 89' lang='lat' dir='ltr'><strong>quioquid</strong></span> <span class='ocrx_word' id='word_1_150' title='bbox 293 1616 465 1678; x_wconf 85' lang='lat' dir='ltr'><strong>Scholastici</strong></span> <span class='ocrx_word' id='word_1_151' title='bbox 478 1618 527 1676; x_wconf 91' lang='lat' dir='ltr'><strong>hic</strong></span> <span class='ocrx_word' id='word_1_152' title='bbox 540 1616 577 1676; x_wconf 92' lang='lat' dir='ltr'><strong>de</strong></span> <span class='ocrx_word' id='word_1_153' title='bbox 592 1619 703 1694; x_wconf 70' lang='lat' dir='ltr'><strong>liquela</strong></span> <span class='ocrx_word' id='word_1_154' title='bbox 715 1617 888 1692; x_wconf 69' lang='lat' dir='ltr'><strong>Angelorum</strong></span> <span class='ocrx_word' id='word_1_155' title='bbox 901 1623 1009 1674; x_wconf 89' lang='lat' dir='ltr'><strong>temere</strong></span> <span class='ocrx_word' id='word_1_156' title='bbox 1023 1617 1159 1694; x_wconf 78' lang='lat' dir='ltr'><strong>garriant,</strong></span> <span class='ocrx_word' id='word_1_157' title='bbox 1175 1637 1209 1677; x_wconf 88' lang='lat' dir='ltr'><strong>ac</strong></span> <span class='ocrx_word' id='word_1_158' title='bbox 1224 1619 1248 1678; x_wconf 90' lang='lat' dir='ltr'><strong>si</strong></span> <span class='ocrx_word' id='word_1_159' title='bbox 1262 1619 1342 1696; x_wconf 88' lang='lat' dir='ltr'><strong>ipsos</strong></span> 
     </span>
     <span class='ocr_line' id='line_1_17' title="bbox 134 1695 1342 1776; baseline 0.001 -19"><span class='ocrx_word' id='word_1_160' title='bbox 134 1698 290 1775; x_wconf 87' lang='lat' dir='ltr'><strong>loquentes</strong></span> <span class='ocrx_word' id='word_1_161' title='bbox 310 1697 508 1773; x_wconf 87' lang='lat' dir='ltr'><strong>audivissent;</strong></span> <span class='ocrx_word' id='word_1_162' title='bbox 538 1695 608 1756; x_wconf 92' lang='lat' dir='ltr'><strong>dum</strong></span> <span class='ocrx_word' id='word_1_163' title='bbox 628 1695 679 1754; x_wconf 83' lang='lat' dir='ltr'><strong>clii</strong></span> <span class='ocrx_word' id='word_1_164' title='bbox 699 1695 802 1754; x_wconf 89' lang='lat' dir='ltr'><strong>volunt</strong></span> <span class='ocrx_word' id='word_1_165' title='bbox 829 1695 860 1752; x_wconf 94' lang='lat' dir='ltr'><strong>in</strong></span> <span class='ocrx_word' id='word_1_166' title='bbox 883 1695 1033 1756; x_wconf 89' lang='lat' dir='ltr'><strong>intellectu</strong></span> <span class='ocrx_word' id='word_1_167' title='bbox 1057 1696 1203 1774; x_wconf 87' lang='lat' dir='ltr'><strong>Angeliec</strong></span> <span class='ocrx_word' id='word_1_168' title='bbox 1230 1697 1342 1776; x_wconf 86' lang='lat' dir='ltr'><strong>fulgere</strong></span> 
     </span>
     <span class='ocr_line' id='line_1_18' title="bbox 137 1774 1342 1856; baseline 0 -18"><span class='ocrx_word' id='word_1_169' title='bbox 137 1777 333 1856; x_wconf 85' lang='lat' dir='ltr'><strong>cognitionem</strong></span> <span class='ocrx_word' id='word_1_170' title='bbox 348 1777 412 1854; x_wconf 88' lang='lat' dir='ltr'><strong>ejus</strong></span> <span class='ocrx_word' id='word_1_171' title='bbox 426 1776 552 1836; x_wconf 86' lang='lat' dir='ltr'><strong>velutin</strong></span> <span class='ocrx_word' id='word_1_172' title='bbox 567 1776 692 1854; x_wconf 89' lang='lat' dir='ltr'><strong>specul0,</strong></span> <span class='ocrx_word' id='word_1_173' title='bbox 711 1774 762 1834; x_wconf 86' lang='lat' dir='ltr'><strong>slii</strong></span> <span class='ocrx_word' id='word_1_174' title='bbox 775 1774 900 1852; x_wconf 76' lang='lat' dir='ltr'><strong>imprImi</strong></span> <span class='ocrx_word' id='word_1_175' title='bbox 920 1776 1145 1836; x_wconf 88' lang='lat' dir='ltr'><strong>intellectionem</strong></span> <span class='ocrx_word' id='word_1_176' title='bbox 1167 1777 1342 1856; x_wconf 86' lang='lat' dir='ltr'><strong>Angelicam</strong></span> 
     </span>
     <span class='ocr_line' id='line_1_19' title="bbox 138 1854 1342 1935; baseline 0.002 -19"><span class='ocrx_word' id='word_1_177' title='bbox 138 1858 175 1918; x_wconf 87' lang='lat' dir='ltr'><strong>ab</strong></span> <span class='ocrx_word' id='word_1_178' title='bbox 197 1857 317 1934; x_wconf 87' lang='lat' dir='ltr'><strong>Angelo</strong></span> <span class='ocrx_word' id='word_1_179' title='bbox 342 1856 460 1916; x_wconf 87' lang='lat' dir='ltr'><strong>alterius</strong></span> <span class='ocrx_word' id='word_1_180' title='bbox 484 1855 653 1932; x_wconf 87' lang='lat' dir='ltr'><strong>intellectui,</strong></span> <span class='ocrx_word' id='word_1_181' title='bbox 675 1855 725 1913; x_wconf 83' lang='lat' dir='ltr'><strong>clii</strong></span> <span class='ocrx_word' id='word_1_182' title='bbox 745 1854 895 1914; x_wconf 84' lang='lat' dir='ltr'><strong>voluntate</strong></span> <span class='ocrx_word' id='word_1_183' title='bbox 916 1856 977 1933; x_wconf 87' lang='lat' dir='ltr'><strong>tegi</strong></span> <span class='ocrx_word' id='word_1_184' title='bbox 997 1864 1027 1916; x_wconf 89' lang='lat' dir='ltr'><strong>et</strong></span> <span class='ocrx_word' id='word_1_185' title='bbox 1047 1857 1170 1916; x_wconf 86' lang='lat' dir='ltr'><strong>revelari</strong></span> <span class='ocrx_word' id='word_1_186' title='bbox 1191 1867 1342 1935; x_wconf 86' lang='lat' dir='ltr'><strong>secretum,</strong></span> 
     </span>
     <span class='ocr_line' id='line_1_20' title="bbox 137 1935 1342 2015; baseline 0.001 -19"><span class='ocrx_word' id='word_1_187' title='bbox 137 1937 217 2015; x_wconf 90' lang='lat' dir='ltr'><strong>quod</strong></span> <span class='ocrx_word' id='word_1_188' title='bbox 231 1937 295 1998; x_wconf 86' lang='lat' dir='ltr'><strong>sola</strong></span> <span class='ocrx_word' id='word_1_189' title='bbox 308 1937 459 1996; x_wconf 86' lang='lat' dir='ltr'><strong>voluntate</strong></span> <span class='ocrx_word' id='word_1_190' title='bbox 470 1936 624 1996; x_wconf 84' lang='lat' dir='ltr'><strong>clauditur.</strong></span> <span class='ocrx_word' id='word_1_191' title='bbox 667 1935 725 1994; x_wconf 83' lang='lat' dir='ltr'><strong>Sed</strong></span> <span class='ocrx_word' id='word_1_192' title='bbox 738 1935 801 1993; x_wconf 79' lang='lat' dir='ltr'><strong>hec</strong></span> <span class='ocrx_word' id='word_1_193' title='bbox 815 1935 912 1993; x_wconf 91' lang='lat' dir='ltr'><strong>omnia</strong></span> <span class='ocrx_word' id='word_1_194' title='bbox 925 1935 1037 1995; x_wconf 90' lang='lat' dir='ltr'><strong>curiose</strong></span> <span class='ocrx_word' id='word_1_195' title='bbox 1052 1947 1228 2014; x_wconf 82' lang='lat' dir='ltr'><strong>quaeruntur,</strong></span> <span class='ocrx_word' id='word_1_196' title='bbox 1250 1947 1280 1998; x_wconf 90' lang='lat' dir='ltr'><strong>et</strong></span> <span class='ocrx_word' id='word_1_197' title='bbox 1300 1947 1342 1997; x_wconf 89' lang='lat' dir='ltr'><strong>te·</strong></span> 
     </span>
     <span class='ocr_line' id='line_1_21' title="bbox 138 2012 1343 2094; baseline -0.001 -17"><span class='ocrx_word' id='word_1_198' title='bbox 138 2017 261 2078; x_wconf 83' lang='lat' dir='ltr'><strong>mereris</strong></span> <span class='ocrx_word' id='word_1_199' title='bbox 275 2016 460 2077; x_wconf 88' lang='lat' dir='ltr'><strong>definiuntur.</strong></span> <span class='ocrx_word' id='word_1_200' title='bbox 502 2016 596 2076; x_wconf 87' lang='lat' dir='ltr'><strong>Nobis</strong></span> <span class='ocrx_word' id='word_1_201' title='bbox 610 2015 680 2074; x_wconf 84' lang='lat' dir='ltr'><strong>setis</strong></span> <span class='ocrx_word' id='word_1_202' title='bbox 694 2021 739 2074; x_wconf 88' lang='lat' dir='ltr'><strong>est</strong></span> <span class='ocrx_word' id='word_1_203' title='bbox 752 2019 779 2073; x_wconf 68' lang='lat' dir='ltr'><strong>vt</strong></span> <span class='ocrx_word' id='word_1_204' title='bbox 793 2012 818 2073; x_wconf 74' lang='lat' dir='ltr'><strong>&#39;b</strong></span> <span class='ocrx_word' id='word_1_205' title='bbox 838 2014 901 2074; x_wconf 88' lang='lat' dir='ltr'><strong>sive</strong></span> <span class='ocrx_word' id='word_1_206' title='bbox 922 2035 983 2074; x_wconf 86' lang='lat' dir='ltr'><strong>rem</strong></span> <span class='ocrx_word' id='word_1_207' title='bbox 1003 2023 1110 2092; x_wconf 89' lang='lat' dir='ltr'><strong>tenere,</strong></span> <span class='ocrx_word' id='word_1_208' title='bbox 1131 2016 1200 2076; x_wconf 87' lang='lat' dir='ltr'><strong>lieet</strong></span> <span class='ocrx_word' id='word_1_209' title='bbox 1219 2023 1248 2077; x_wconf 70' lang='lat' dir='ltr'><strong>el</strong></span> <span class='ocrx_word' id='word_1_210' title='bbox 1267 2023 1343 2094; x_wconf 63' lang='lat' dir='ltr'><strong>edos,</strong></span> 
     </span>
     <span class='ocr_line' id='line_1_22' title="bbox 139 2094 1344 2176; baseline -0.002 -18"><span class='ocrx_word' id='word_1_211' title='bbox 139 2117 191 2158; x_wconf 88' lang='lat' dir='ltr'><strong>seu</strong></span> <span class='ocrx_word' id='word_1_212' title='bbox 204 2100 320 2157; x_wconf 83' lang='lat' dir='ltr'><strong>modum</strong></span> <span class='ocrx_word' id='word_1_213' title='bbox 333 2098 507 2176; x_wconf 86' lang='lat' dir='ltr'><strong>ignoremus,</strong></span> <span class='ocrx_word' id='word_1_214' title='bbox 515 2116 574 2174; x_wconf 90' lang='lat' dir='ltr'><strong>quo</strong></span> <span class='ocrx_word' id='word_1_215' title='bbox 587 2095 732 2173; x_wconf 88' lang='lat' dir='ltr'><strong>pertinent</strong></span> <span class='ocrx_word' id='word_1_216' title='bbox 745 2095 802 2154; x_wconf 84' lang='lat' dir='ltr'><strong>isto</strong></span> <span class='ocrx_word' id='word_1_217' title='bbox 810 2094 992 2171; x_wconf 84' lang='lat' dir='ltr'><strong>Damasceni,</strong></span> <span class='ocrx_word' id='word_1_218' title='bbox 1008 2096 1058 2154; x_wconf 93' lang='lat' dir='ltr'><strong>lib.</strong></span> <span class='ocrx_word' id='word_1_219' title='bbox 1073 2096 1104 2155; x_wconf 88' lang='lat' dir='ltr'><strong>ii.</strong></span> <span class='ocrx_word' id='word_1_220' title='bbox 1119 2117 1143 2155; x_wconf 90' lang='lat' dir='ltr'><strong>c.</strong></span> <span class='ocrx_word' id='word_1_221' title='bbox 1154 2099 1182 2173; x_wconf 82' lang='grc'><strong>3,</strong></span> <span class='ocrx_word' id='word_1_222' title='bbox 1198 2096 1234 2157; x_wconf 91' lang='lat' dir='ltr'><strong>de</strong></span> <span class='ocrx_word' id='word_1_223' title='bbox 1243 2095 1344 2175; x_wconf 89' lang='lat' dir='ltr'><strong>Ange-</strong></span> 
     </span>
     <span class='ocr_line' id='line_1_23' title="bbox 139 2172 1344 2258; baseline -0.002 -21"><span class='ocrx_word' id='word_1_224' title='bbox 139 2176 530 2256; x_wconf 64' lang='lat' dir='ltr'><strong>lisloquenti8513ybu‘em</strong></span> <span class='ocrx_word' id='word_1_225' title='bbox 550 2181 595 2234; x_wconf 75' lang='lat' dir='ltr'><strong>ul</strong></span> <span class='ocrx_word' id='word_1_226' title='bbox 615 2181 689 2240; x_wconf 64' lang='grc' dir='ltr'><strong>ἀκοῆς</strong></span> <span class='ocrx_word' id='word_1_227' title='bbox 709 2172 794 2251; x_wconf 68' lang='lat' dir='ltr'><strong>brivas,</strong></span> <span class='ocrx_word' id='word_1_228' title='bbox 817 2176 881 2234; x_wconf 69' lang='grc' dir='ltr'><strong>ἄλλ’</strong></span> <span class='ocrx_word' id='word_1_229' title='bbox 899 2172 956 2234; x_wconf 75' lang='lat' dir='ltr'><strong>elne</strong></span> <span class='ocrx_word' id='word_1_230' title='bbox 976 2175 1054 2248; x_wconf 68' lang='grc' dir='ltr'><strong>λα’γιν</strong></span> <span class='ocrx_word' id='word_1_231' title='bbox 1074 2184 1223 2258; x_wconf 60' lang='grc' dir='ltr'><strong>προφοςιιοῢ</strong></span> <span class='ocrx_word' id='word_1_232' title='bbox 1242 2175 1344 2254; x_wconf 62' lang='lat' dir='ltr'><strong>preadi-</strong></span> 
     </span>
     <span class='ocr_line' id='line_1_24' title="bbox 141 2255 1345 2334; baseline 0.001 -17"><span class='ocrx_word' id='word_1_233' title='bbox 141 2255 223 2318; x_wconf 54' lang='grc' dir='ltr'><strong>,ἔασιν</strong></span> <span class='ocrx_word' id='word_1_234' title='bbox 236 2260 359 2324; x_wconf 59' lang='lat' dir='ltr'><strong>danitae</strong></span> <span class='ocrx_word' id='word_1_235' title='bbox 372 2260 407 2316; x_wconf 74' lang='lat' dir='ltr'><strong>tel</strong></span> <span class='ocrx_word' id='word_1_236' title='bbox 424 2257 480 2316; x_wconf 70' lang='lat' dir='ltr'><strong>lim</strong></span> <span class='ocrx_word' id='word_1_237' title='bbox 495 2259 605 2333; x_wconf 62' lang='lat' dir='ltr'><strong>velpem</strong></span> <span class='ocrx_word' id='word_1_238' title='bbox 617 2259 665 2315; x_wconf 68' lang='grc' dir='ltr'><strong>καί</strong></span> <span class='ocrx_word' id='word_1_239' title='bbox 674 2255 848 2320; x_wconf 58' lang='lat' dir='ltr'><strong>flectebam.</strong></span> <span class='ocrx_word' id='word_1_240' title='bbox 887 2255 972 2331; x_wconf 82' lang='lat' dir='ltr'><strong>Quod</strong></span> <span class='ocrx_word' id='word_1_241' title='bbox 985 2277 1055 2316; x_wconf 77' lang='lat' dir='ltr'><strong>voro</strong></span> <span class='ocrx_word' id='word_1_242' title='bbox 1069 2257 1239 2334; x_wconf 75' lang='lat' dir='ltr'><strong>Apostolus,</strong></span> <span class='ocrx_word' id='word_1_243' title='bbox 1254 2259 1345 2318; x_wconf 70' lang='lat' dir='ltr'><strong>leot.</strong></span> 
     </span>
     <span class='ocr_line' id='line_1_25' title="bbox 140 2336 1346 2416; baseline 0.001 -19"><span class='ocrx_word' id='word_1_244' title='bbox 140 2340 203 2398; x_wconf 83' lang='lat' dir='ltr'><strong>xiii.</strong></span> <span class='ocrx_word' id='word_1_245' title='bbox 216 2343 243 2415; x_wconf 89' lang='lat'><strong>1,</strong></span> <span class='ocrx_word' id='word_1_246' title='bbox 259 2339 331 2398; x_wconf 87' lang='lat' dir='ltr'><strong>dicit</strong></span> <span class='ocrx_word' id='word_1_247' title='bbox 344 2339 381 2399; x_wconf 92' lang='lat' dir='ltr'><strong>de</strong></span> <span class='ocrx_word' id='word_1_248' title='bbox 394 2339 504 2416; x_wconf 84' lang='lat' dir='ltr'><strong>linguis</strong></span> <span class='ocrx_word' id='word_1_249' title='bbox 518 2336 709 2415; x_wconf 86' lang='lat' dir='ltr'><strong>Angelorum,</strong></span> <span class='ocrx_word' id='word_1_250' title='bbox 724 2337 759 2396; x_wconf 75' lang='lat' dir='ltr'><strong>si</strong></span> <span class='ocrx_word' id='word_1_251' title='bbox 777 2356 830 2414; x_wconf 74' lang='lat' dir='ltr'><strong>ego</strong></span> <span class='ocrx_word' id='word_1_252' title='bbox 849 2337 950 2414; x_wconf 71' lang='lat' dir='ltr'><strong>hirquis</strong></span> <span class='ocrx_word' id='word_1_253' title='bbox 963 2337 1104 2396; x_wconf 77' lang='lat' dir='ltr'><strong>bominem</strong></span> <span class='ocrx_word' id='word_1_254' title='bbox 1117 2339 1172 2398; x_wconf 70' lang='lat' dir='ltr'><strong>icco</strong></span> <span class='ocrx_word' id='word_1_255' title='bbox 1186 2349 1212 2397; x_wconf 88' lang='lat' dir='ltr'><strong>et</strong></span> <span class='ocrx_word' id='word_1_256' title='bbox 1224 2339 1346 2416; x_wconf 67' lang='lat' dir='ltr'><strong>Anysis&gt;-</strong></span> 
     </span>
     <span class='ocr_line' id='line_1_26' title="bbox 140 2416 1347 2498; baseline 0.001 -20"><span class='ocrx_word' id='word_1_257' title='bbox 140 2439 205 2477; x_wconf 83' lang='lat' dir='ltr'><strong>rum</strong></span> <span class='ocrx_word' id='word_1_258' title='bbox 220 2423 359 2496; x_wconf 80' lang='lat' dir='ltr'><strong>loquerer,</strong></span> <span class='ocrx_word' id='word_1_259' title='bbox 382 2438 441 2476; x_wconf 91' lang='lat' dir='ltr'><strong>non</strong></span> <span class='ocrx_word' id='word_1_260' title='bbox 464 2418 522 2476; x_wconf 92' lang='lat' dir='ltr'><strong>huc</strong></span> <span class='ocrx_word' id='word_1_261' title='bbox 536 2418 669 2495; x_wconf 76' lang='lat' dir='ltr'><strong>pertinet,</strong></span> <span class='ocrx_word' id='word_1_262' title='bbox 690 2417 758 2494; x_wconf 83' lang='lat' dir='ltr'><strong>quis</strong></span> <span class='ocrx_word' id='word_1_263' title='bbox 777 2417 906 2494; x_wconf 89' lang='lat' dir='ltr'><strong>loquitur</strong></span> <span class='ocrx_word' id='word_1_264' title='bbox 926 2416 1121 2494; x_wconf 88' lang='lat' dir='ltr'><strong>hyperbolice,</strong></span> <span class='ocrx_word' id='word_1_265' title='bbox 1144 2427 1174 2478; x_wconf 92' lang='lat' dir='ltr'><strong>et</strong></span> <span class='ocrx_word' id='word_1_266' title='bbox 1194 2439 1233 2478; x_wconf 81' lang='lat' dir='ltr'><strong>ex</strong></span> <span class='ocrx_word' id='word_1_267' title='bbox 1252 2421 1347 2498; x_wconf 83' lang='lat' dir='ltr'><strong>hypo·</strong></span> 
     </span>
     <span class='ocr_line' id='line_1_27' title="bbox 141 2497 1346 2578; baseline 0 -19"><span class='ocrx_word' id='word_1_268' title='bbox 141 2498 217 2559; x_wconf 87' lang='lat' dir='ltr'><strong>thesi</strong></span> <span class='ocrx_word' id='word_1_269' title='bbox 231 2497 269 2558; x_wconf 81' lang='lat' dir='ltr'><strong>cd</strong></span> <span class='ocrx_word' id='word_1_270' title='bbox 283 2499 423 2577; x_wconf 79' lang='lat' dir='ltr'><strong>mojorem</strong></span> <span class='ocrx_word' id='word_1_271' title='bbox 437 2497 605 2578; x_wconf 85' lang='lat' dir='ltr'><strong>emphasim,</strong></span> <span class='ocrx_word' id='word_1_272' title='bbox 621 2506 654 2557; x_wconf 91' lang='lat' dir='ltr'><strong>ut</strong></span> <span class='ocrx_word' id='word_1_273' title='bbox 666 2505 748 2556; x_wconf 88' lang='lat' dir='ltr'><strong>notet</strong></span> <span class='ocrx_word' id='word_1_274' title='bbox 762 2498 886 2574; x_wconf 71' lang='lat' dir='ltr'><strong>licpucm</strong></span> <span class='ocrx_word' id='word_1_275' title='bbox 903 2499 1160 2558; x_wconf 68' lang='lat' dir='ltr'><strong>excellentissimam</strong></span> <span class='ocrx_word' id='word_1_276' title='bbox 1174 2506 1203 2558; x_wconf 90' lang='lat' dir='ltr'><strong>et</strong></span> <span class='ocrx_word' id='word_1_277' title='bbox 1224 2501 1346 2559; x_wconf 82' lang='lat' dir='ltr'><strong>disertis·</strong></span> 
     </span>
     <span class='ocr_line' id='line_1_28' title="bbox 142 2577 1349 2657; baseline 0.001 -19"><span class='ocrx_word' id='word_1_278' title='bbox 142 2579 250 2653; x_wconf 73' lang='lat' dir='ltr'><strong>abnam,</strong></span> <span class='ocrx_word' id='word_1_279' title='bbox 266 2579 367 2656; x_wconf 87' lang='lat' dir='ltr'><strong>quales</strong></span> <span class='ocrx_word' id='word_1_280' title='bbox 382 2587 479 2638; x_wconf 88' lang='lat' dir='ltr'><strong>essent</strong></span> <span class='ocrx_word' id='word_1_281' title='bbox 492 2578 601 2656; x_wconf 73' lang='lat' dir='ltr'><strong>lingue</strong></span> <span class='ocrx_word' id='word_1_282' title='bbox 616 2577 806 2655; x_wconf 85' lang='lat' dir='ltr'><strong>Angelorum,</strong></span> <span class='ocrx_word' id='word_1_283' title='bbox 822 2577 847 2637; x_wconf 93' lang='lat' dir='ltr'><strong>si</strong></span> <span class='ocrx_word' id='word_1_284' title='bbox 864 2578 1069 2656; x_wconf 76' lang='lat' dir='ltr'><strong>loquerentnr3</strong></span> <span class='ocrx_word' id='word_1_285' title='bbox 1091 2577 1237 2657; x_wconf 86' lang='lat' dir='ltr'><strong>quomodo</strong></span> <span class='ocrx_word' id='word_1_286' title='bbox 1255 2581 1349 2656; x_wconf 79' lang='lat' dir='ltr'><strong>socies</strong></span> 
     </span>
     <span class='ocr_line' id='line_1_29' title="bbox 143 2657 1349 2737; baseline 0.002 -21"><span class='ocrx_word' id='word_1_287' title='bbox 143 2659 279 2736; x_wconf 58' lang='lat' dir='ltr'><strong>Anaetica</strong></span> <span class='ocrx_word' id='word_1_288' title='bbox 292 2665 414 2718; x_wconf 81' lang='lat' dir='ltr'><strong>vocetur</strong></span> <span class='ocrx_word' id='word_1_289' title='bbox 427 2678 463 2718; x_wconf 89' lang='lat' dir='ltr'><strong>ea</strong></span> <span class='ocrx_word' id='word_1_290' title='bbox 476 2679 541 2736; x_wconf 84' lang='lat' dir='ltr'><strong>qnae</strong></span> <span class='ocrx_word' id='word_1_291' title='bbox 554 2657 748 2736; x_wconf 90' lang='lat' dir='ltr'><strong>pulcherrima</strong></span> <span class='ocrx_word' id='word_1_292' title='bbox 761 2665 790 2717; x_wconf 93' lang='lat' dir='ltr'><strong>et</strong></span> <span class='ocrx_word' id='word_1_293' title='bbox 804 2657 1010 2736; x_wconf 87' lang='lat' dir='ltr'><strong>augustissima</strong></span> <span class='ocrx_word' id='word_1_294' title='bbox 1031 2667 1084 2734; x_wconf 87' lang='lat' dir='ltr'><strong>est,</strong></span> <span class='ocrx_word' id='word_1_295' title='bbox 1101 2658 1169 2720; x_wconf 92' lang='lat' dir='ltr'><strong>Act.</strong></span> <span class='ocrx_word' id='word_1_296' title='bbox 1184 2659 1224 2720; x_wconf 84' lang='lat' dir='ltr'><strong>vi.</strong></span> <span class='ocrx_word' id='word_1_297' title='bbox 1249 2663 1295 2737; x_wconf 84' lang='lat'><strong>15,</strong></span> <span class='ocrx_word' id='word_1_298' title='bbox 1319 2669 1349 2719; x_wconf 90' lang='lat' dir='ltr'><strong>et</strong></span> 
     </span>
     <span class='ocr_line' id='line_1_30' title="bbox 139 2737 1268 2820; baseline 0.001 -22"><span class='ocrx_word' id='word_1_299' title='bbox 139 2740 226 2816; x_wconf 73' lang='lat' dir='ltr'><strong>pano</strong></span> <span class='ocrx_word' id='word_1_300' title='bbox 238 2739 422 2816; x_wconf 61' lang='lat' dir='ltr'><strong>dapem,</strong></span> <span class='ocrx_word' id='word_1_301' title='bbox 438 2738 538 2798; x_wconf 85' lang='lat' dir='ltr'><strong>Psalm</strong></span> <span class='ocrx_word' id='word_1_302' title='bbox 550 2737 667 2798; x_wconf 82' lang='lat' dir='ltr'><strong>lxxviii.</strong></span> <span class='ocrx_word' id='word_1_303' title='bbox 682 2739 730 2814; x_wconf 79' lang='lat'><strong>25,</strong></span> <span class='ocrx_word' id='word_1_304' title='bbox 744 2757 798 2816; x_wconf 89' lang='lat' dir='ltr'><strong>pro</strong></span> <span class='ocrx_word' id='word_1_305' title='bbox 818 2737 963 2818; x_wconf 84' lang='lat' dir='ltr'><strong>exquisito</strong></span> <span class='ocrx_word' id='word_1_306' title='bbox 977 2748 1007 2799; x_wconf 90' lang='lat' dir='ltr'><strong>et</strong></span> <span class='ocrx_word' id='word_1_307' title='bbox 1021 2741 1129 2820; x_wconf 90' lang='lat' dir='ltr'><strong>optimo</strong></span> <span class='ocrx_word' id='word_1_308' title='bbox 1143 2739 1268 2818; x_wconf 90' lang='lat' dir='ltr'><strong>ponitur.</strong></span> 
     </span>
    </p>
   </div>
   <div class='ocr_carea' id='block_1_3' title="bbox 616 2975 888 3051">
    <p class='ocr_par' dir='ltr' id='par_1_5' title="bbox 616 2975 888 3051">
     <span class='ocr_line' id='line_1_31' title="bbox 616 2975 888 3051; baseline 0 -15"><span class='ocrx_word' id='word_1_309' title='bbox 616 2975 811 3051; x_wconf 83' lang='lat' dir='ltr'><strong>QUAESTIO</strong></span> <span class='ocrx_word' id='word_1_310' title='bbox 832 2976 888 3036; x_wconf 92' lang='lat' dir='ltr'><strong>IV.</strong></span> 
     </span>
    </p>
   </div>
   <div class='ocr_carea' id='block_1_4' title="bbox 161 3134 1340 3274">
    <p class='ocr_par' dir='ltr' id='par_1_6' title="bbox 161 3134 1340 3274">
     <span class='ocr_line' id='line_1_32' title="bbox 161 3134 1340 3274; baseline 0.001 -78"><span class='ocrx_word' id='word_1_311' title='bbox 161 3138 262 3206; x_wconf 70' lang='lat' dir='ltr'><strong>Quam</strong></span> <span class='ocrx_word' id='word_1_312' title='bbox 275 3138 312 3198; x_wconf 79' lang='lat' dir='ltr'><strong>eit</strong></span> <span class='ocrx_word' id='word_1_313' title='bbox 326 3137 471 3214; x_wconf 73' lang='lat' dir='ltr'><strong>Volcatius,</strong></span> <span class='ocrx_word' id='word_1_314' title='bbox 487 3145 514 3196; x_wconf 85' lang='lat' dir='ltr'><strong>et</strong></span> <span class='ocrx_word' id='word_1_315' title='bbox 526 3137 643 3196; x_wconf 70' lang='lat' dir='ltr'><strong>lesem</strong></span> <span class='ocrx_word' id='word_1_316' title='bbox 655 3134 813 3274; x_wconf 54' lang='lat' dir='ltr'><strong>Agbigststop</strong></span> <span class='ocrx_word' id='word_1_317' title='bbox 826 3135 1007 3212; x_wconf 69' lang='lat' dir='ltr'><strong>Anqelorum,</strong></span> <span class='ocrx_word' id='word_1_318' title='bbox 1022 3144 1049 3194; x_wconf 88' lang='lat' dir='ltr'><strong>et</strong></span> <span class='ocrx_word' id='word_1_319' title='bbox 1061 3135 1108 3194; x_wconf 79' lang='lat' dir='ltr'><strong>Aa</strong></span> <span class='ocrx_word' id='word_1_320' title='bbox 1121 3138 1237 3210; x_wconf 83' lang='lat' dir='ltr'><strong>affectus</strong></span> <span class='ocrx_word' id='word_1_321' title='bbox 1250 3139 1279 3195; x_wconf 76' lang='lat' dir='ltr'><strong>in</strong></span> <span class='ocrx_word' id='word_1_322' title='bbox 1293 3157 1340 3197; x_wconf 83' lang='lat' dir='ltr'><strong>eos</strong></span> 
     </span>
     <span class='ocr_line' id='line_1_33' title="bbox 695 3237 805 3274; baseline 0 0"><span class='ocrx_word' id='word_1_323' title='bbox 695 3237 715 3274; x_wconf 85' lang='lat' dir='ltr'><strong>c</strong></span> <span class='ocrx_word' id='word_1_324' title='bbox 757 3237 776 3274; x_wconf 85' lang='lat' dir='ltr'><strong>o</strong></span> <span class='ocrx_word' id='word_1_325' title='bbox 798 3261 805 3274; x_wconf 94' lang='lat'><strong>.</strong></span> 
     </span>
    </p>
   </div>
   <div class='ocr_carea' id='block_1_5' title="bbox 147 3373 1357 4798">
    <p class='ocr_par' dir='ltr' id='par_1_7' title="bbox 147 3373 1353 3678">
     <span class='ocr_line' id='line_1_34' title="bbox 186 3373 1352 3456; baseline -0.002 -18"><span class='ocrx_word' id='word_1_326' title='bbox 186 3379 212 3438; x_wconf 94' lang='lat'><strong>1.</strong></span> <span class='ocrx_word' id='word_1_327' title='bbox 235 3375 468 3437; x_wconf 88' lang='lat' dir='ltr'><strong>Intelleetionem</strong></span> <span class='ocrx_word' id='word_1_328' title='bbox 482 3375 593 3455; x_wconf 85' lang='lat' dir='ltr'><strong>Angeli</strong></span> <span class='ocrx_word' id='word_1_329' title='bbox 607 3375 739 3454; x_wconf 90' lang='lat' dir='ltr'><strong>seqnitur</strong></span> <span class='ocrx_word' id='word_1_330' title='bbox 757 3377 901 3451; x_wconf 77' lang='lat' dir='ltr'><strong>Voluntas,</strong></span> <span class='ocrx_word' id='word_1_331' title='bbox 914 3395 979 3452; x_wconf 80' lang='lat' dir='ltr'><strong>quae</strong></span> <span class='ocrx_word' id='word_1_332' title='bbox 993 3373 1139 3436; x_wconf 85' lang='lat' dir='ltr'><strong>liberrime</strong></span> <span class='ocrx_word' id='word_1_333' title='bbox 1153 3385 1206 3454; x_wconf 83' lang='lat' dir='ltr'><strong>eet,</strong></span> <span class='ocrx_word' id='word_1_334' title='bbox 1221 3384 1251 3438; x_wconf 91' lang='lat' dir='ltr'><strong>et</strong></span> <span class='ocrx_word' id='word_1_335' title='bbox 1263 3377 1352 3456; x_wconf 90' lang='lat' dir='ltr'><strong>longe</strong></span> 
     </span>
     <span class='ocr_line' id='line_1_35' title="bbox 147 3455 1353 3536; baseline -0.001 -19"><span class='ocrx_word' id='word_1_336' title='bbox 147 3457 299 3536; x_wconf 80' lang='lat' dir='ltr'><strong>perfectior</strong></span> <span class='ocrx_word' id='word_1_337' title='bbox 312 3457 461 3518; x_wconf 87' lang='lat' dir='ltr'><strong>hominnm</strong></span> <span class='ocrx_word' id='word_1_338' title='bbox 475 3457 636 3533; x_wconf 71' lang='lat' dir='ltr'><strong>voluntate,</strong></span> <span class='ocrx_word' id='word_1_339' title='bbox 651 3477 716 3534; x_wconf 88' lang='lat' dir='ltr'><strong>quse</strong></span> <span class='ocrx_word' id='word_1_340' title='bbox 729 3455 913 3534; x_wconf 87' lang='lat' dir='ltr'><strong>passionibus</strong></span> <span class='ocrx_word' id='word_1_341' title='bbox 927 3463 956 3515; x_wconf 92' lang='lat' dir='ltr'><strong>et</strong></span> <span class='ocrx_word' id='word_1_342' title='bbox 976 3457 1103 3518; x_wconf 89' lang='lat' dir='ltr'><strong>motibus</strong></span> <span class='ocrx_word' id='word_1_343' title='bbox 1117 3458 1262 3536; x_wconf 86' lang='lat' dir='ltr'><strong>corporeis</strong></span> <span class='ocrx_word' id='word_1_344' title='bbox 1276 3477 1353 3536; x_wconf 81' lang='lat' dir='ltr'><strong>saepe</strong></span> 
     </span>
     <span class='ocr_line' id='line_1_36' title="bbox 148 3536 1353 3616; baseline -0.002 -19"><span class='ocrx_word' id='word_1_345' title='bbox 148 3538 297 3614; x_wconf 78' lang='lat' dir='ltr'><strong>turbetur3</strong></span> <span class='ocrx_word' id='word_1_346' title='bbox 319 3537 414 3615; x_wconf 90' lang='lat' dir='ltr'><strong>qualis</strong></span> <span class='ocrx_word' id='word_1_347' title='bbox 428 3557 497 3598; x_wconf 84' lang='lat' dir='ltr'><strong>vero</strong></span> <span class='ocrx_word' id='word_1_348' title='bbox 512 3537 576 3616; x_wconf 87' lang='lat' dir='ltr'><strong>ejus</strong></span> <span class='ocrx_word' id='word_1_349' title='bbox 590 3537 628 3596; x_wconf 90' lang='lat' dir='ltr'><strong>sit</strong></span> <span class='ocrx_word' id='word_1_350' title='bbox 646 3537 729 3612; x_wconf 87' lang='lat' dir='ltr'><strong>rstio,</strong></span> <span class='ocrx_word' id='word_1_351' title='bbox 744 3557 798 3596; x_wconf 92' lang='lat' dir='ltr'><strong>nec</strong></span> <span class='ocrx_word' id='word_1_352' title='bbox 821 3536 968 3616; x_wconf 83' lang='lat' dir='ltr'><strong>Scriptura</strong></span> <span class='ocrx_word' id='word_1_353' title='bbox 989 3536 1081 3616; x_wconf 87' lang='lat' dir='ltr'><strong>docet,</strong></span> <span class='ocrx_word' id='word_1_354' title='bbox 1097 3558 1152 3598; x_wconf 88' lang='lat' dir='ltr'><strong>nec</strong></span> <span class='ocrx_word' id='word_1_355' title='bbox 1171 3537 1294 3598; x_wconf 89' lang='lat' dir='ltr'><strong>multum</strong></span> <span class='ocrx_word' id='word_1_356' title='bbox 1308 3558 1353 3597; x_wconf 82' lang='lat' dir='ltr'><strong>re·</strong></span> 
     </span>
     <span class='ocr_line' id='line_1_37' title="bbox 148 3618 402 3678; baseline -0.004 0"><span class='ocrx_word' id='word_1_357' title='bbox 148 3618 203 3678; x_wconf 84' lang='lat' dir='ltr'><strong>lert</strong></span> <span class='ocrx_word' id='word_1_358' title='bbox 217 3637 252 3678; x_wconf 90' lang='lat' dir='ltr'><strong>cc</strong></span> <span class='ocrx_word' id='word_1_359' title='bbox 294 3637 402 3677; x_wconf 85' lang='lat' dir='ltr'><strong>oseere.</strong></span> 
     </span>
    </p>

    <p class='ocr_par' dir='ltr' id='par_1_8' title="bbox 148 3637 1356 4335">
     <span class='ocr_line' id='line_1_38' title="bbox 189 3637 1354 3774; baseline 0 -17"><span class='ocrx_word' id='word_1_360' title='bbox 189 3697 233 3758; x_wconf 89' lang='lat'><strong>11.</strong></span> <span class='ocrx_word' id='word_1_361' title='bbox 253 3637 322 3757; x_wconf 52' lang='lat' dir='ltr'><strong>{noc</strong></span> <span class='ocrx_word' id='word_1_362' title='bbox 336 3705 455 3773; x_wconf 87' lang='lat' dir='ltr'><strong>certum,</strong></span> <span class='ocrx_word' id='word_1_363' title='bbox 471 3696 661 3757; x_wconf 86' lang='lat' dir='ltr'><strong>Voluntatem</strong></span> <span class='ocrx_word' id='word_1_364' title='bbox 675 3716 782 3774; x_wconf 88' lang='lat' dir='ltr'><strong>eornm,</strong></span> <span class='ocrx_word' id='word_1_365' title='bbox 798 3715 852 3757; x_wconf 90' lang='lat' dir='ltr'><strong>nec</strong></span> <span class='ocrx_word' id='word_1_366' title='bbox 866 3715 929 3757; x_wconf 89' lang='lat' dir='ltr'><strong>esse</strong></span> <span class='ocrx_word' id='word_1_367' title='bbox 948 3697 1183 3774; x_wconf 76' lang='lat' dir='ltr'><strong>independentem,</strong></span> <span class='ocrx_word' id='word_1_368' title='bbox 1199 3697 1267 3774; x_wconf 89' lang='lat' dir='ltr'><strong>quia</strong></span> <span class='ocrx_word' id='word_1_369' title='bbox 1288 3697 1354 3757; x_wconf 91' lang='lat' dir='ltr'><strong>Deo</strong></span> 
     </span>
     <span class='ocr_line' id='line_1_39' title="bbox 149 3777 1353 3856; baseline -0.002 -19"><span class='ocrx_word' id='word_1_370' title='bbox 149 3797 263 3856; x_wconf 88' lang='lat' dir='ltr'><strong>semper</strong></span> <span class='ocrx_word' id='word_1_371' title='bbox 276 3778 384 3853; x_wconf 84' lang='lat' dir='ltr'><strong>subest,</strong></span> <span class='ocrx_word' id='word_1_372' title='bbox 400 3797 453 3836; x_wconf 90' lang='lat' dir='ltr'><strong>nec</strong></span> <span class='ocrx_word' id='word_1_373' title='bbox 467 3779 650 3854; x_wconf 72' lang='lat' dir='ltr'><strong>eperctbcm,</strong></span> <span class='ocrx_word' id='word_1_374' title='bbox 666 3777 749 3854; x_wconf 89' lang='lat' dir='ltr'><strong>quasi</strong></span> <span class='ocrx_word' id='word_1_375' title='bbox 764 3777 826 3836; x_wconf 89' lang='lat' dir='ltr'><strong>sola</strong></span> <span class='ocrx_word' id='word_1_376' title='bbox 839 3777 990 3836; x_wconf 87' lang='lat' dir='ltr'><strong>voluntate</strong></span> <span class='ocrx_word' id='word_1_377' title='bbox 1003 3787 1130 3854; x_wconf 85' lang='lat' dir='ltr'><strong>agerent,</strong></span> <span class='ocrx_word' id='word_1_378' title='bbox 1153 3778 1221 3854; x_wconf 84' lang='lat' dir='ltr'><strong>quis</strong></span> <span class='ocrx_word' id='word_1_379' title='bbox 1242 3778 1353 3854; x_wconf 77' lang='lat' dir='ltr'><strong>operari</strong></span> 
     </span>
     <span class='ocr_line' id='line_1_40' title="bbox 148 3855 1353 3936; baseline -0.002 -19"><span class='ocrx_word' id='word_1_380' title='bbox 148 3877 200 3936; x_wconf 92' lang='lat' dir='ltr'><strong>per</strong></span> <span class='ocrx_word' id='word_1_381' title='bbox 212 3877 323 3917; x_wconf 86' lang='lat' dir='ltr'><strong>meram</strong></span> <span class='ocrx_word' id='word_1_382' title='bbox 336 3858 525 3933; x_wconf 75' lang='lat' dir='ltr'><strong>voluntatem,</strong></span> <span class='ocrx_word' id='word_1_383' title='bbox 541 3865 571 3917; x_wconf 88' lang='lat' dir='ltr'><strong>ct</strong></span> <span class='ocrx_word' id='word_1_384' title='bbox 581 3857 741 3934; x_wconf 87' lang='lat' dir='ltr'><strong>jussionem</strong></span> <span class='ocrx_word' id='word_1_385' title='bbox 755 3855 993 3933; x_wconf 84' lang='lat' dir='ltr'><strong>potentissimam,</strong></span> <span class='ocrx_word' id='word_1_386' title='bbox 1009 3857 1047 3914; x_wconf 83' lang='lat' dir='ltr'><strong>sd</strong></span> <span class='ocrx_word' id='word_1_387' title='bbox 1067 3857 1160 3915; x_wconf 90' lang='lat' dir='ltr'><strong>solum</strong></span> <span class='ocrx_word' id='word_1_388' title='bbox 1173 3857 1268 3915; x_wconf 89' lang='lat' dir='ltr'><strong>Deum</strong></span> <span class='ocrx_word' id='word_1_389' title='bbox 1288 3875 1353 3934; x_wconf 87' lang='lat' dir='ltr'><strong>per-</strong></span> 
     </span>
     <span class='ocr_line' id='line_1_41' title="bbox 149 3935 1356 4016; baseline -0.003 -18"><span class='ocrx_word' id='word_1_390' title='bbox 149 3939 241 4016; x_wconf 88' lang='lat' dir='ltr'><strong>tinet;</strong></span> <span class='ocrx_word' id='word_1_391' title='bbox 264 3938 411 3998; x_wconf 81' lang='lat' dir='ltr'><strong>Cresturae</strong></span> <span class='ocrx_word' id='word_1_392' title='bbox 424 3957 494 3997; x_wconf 83' lang='lat' dir='ltr'><strong>vero</strong></span> <span class='ocrx_word' id='word_1_393' title='bbox 515 3955 615 3996; x_wconf 88' lang='lat' dir='ltr'><strong>ornnes</strong></span> <span class='ocrx_word' id='word_1_394' title='bbox 636 3943 740 4013; x_wconf 73' lang='lat' dir='ltr'><strong>preter</strong></span> <span class='ocrx_word' id='word_1_395' title='bbox 752 3935 940 4012; x_wconf 75' lang='lat' dir='ltr'><strong>voluntatem,</strong></span> <span class='ocrx_word' id='word_1_396' title='bbox 963 3943 1050 4012; x_wconf 89' lang='lat' dir='ltr'><strong>egent</strong></span> <span class='ocrx_word' id='word_1_397' title='bbox 1070 3936 1207 4014; x_wconf 83' lang='lat' dir='ltr'><strong>potentis,</strong></span> <span class='ocrx_word' id='word_1_398' title='bbox 1229 3956 1294 4012; x_wconf 87' lang='lat' dir='ltr'><strong>quac</strong></span> <span class='ocrx_word' id='word_1_399' title='bbox 1316 3936 1356 3995; x_wconf 90' lang='lat' dir='ltr'><strong>sit</strong></span> 
     </span>
     <span class='ocr_line' id='line_1_42' title="bbox 149 4015 1354 4096; baseline -0.003 -19"><span class='ocrx_word' id='word_1_400' title='bbox 149 4017 324 4096; x_wconf 84' lang='lat' dir='ltr'><strong>principium</strong></span> <span class='ocrx_word' id='word_1_401' title='bbox 338 4015 502 4078; x_wconf 81' lang='lat' dir='ltr'><strong>effectivum</strong></span> <span class='ocrx_word' id='word_1_402' title='bbox 517 4016 714 4094; x_wconf 86' lang='lat' dir='ltr'><strong>operationum</strong></span> <span class='ocrx_word' id='word_1_403' title='bbox 728 4015 766 4073; x_wconf 91' lang='lat' dir='ltr'><strong>ad</strong></span> <span class='ocrx_word' id='word_1_404' title='bbox 780 4022 871 4088; x_wconf 71' lang='lat' dir='ltr'><strong>exue,</strong></span> <span class='ocrx_word' id='word_1_405' title='bbox 886 4023 916 4074; x_wconf 90' lang='lat' dir='ltr'><strong>et</strong></span> <span class='ocrx_word' id='word_1_406' title='bbox 929 4035 993 4092; x_wconf 82' lang='lat' dir='ltr'><strong>quae</strong></span> <span class='ocrx_word' id='word_1_407' title='bbox 1011 4016 1127 4074; x_wconf 84' lang='lat' dir='ltr'><strong>realiter</strong></span> <span class='ocrx_word' id='word_1_408' title='bbox 1147 4015 1249 4074; x_wconf 85' lang='lat' dir='ltr'><strong>influat</strong></span> <span class='ocrx_word' id='word_1_409' title='bbox 1262 4016 1292 4073; x_wconf 93' lang='lat' dir='ltr'><strong>in</strong></span> <span class='ocrx_word' id='word_1_410' title='bbox 1314 4016 1354 4074; x_wconf 86' lang='lat' dir='ltr'><strong>ef·</strong></span> 
     </span>
     <span class='ocr_line' id='line_1_43' title="bbox 151 4091 1355 4174; baseline -0.004 -17"><span class='ocrx_word' id='word_1_411' title='bbox 151 4097 278 4174; x_wconf 79' lang='lat' dir='ltr'><strong>lectum3</strong></span> <span class='ocrx_word' id='word_1_412' title='bbox 302 4097 362 4158; x_wconf 84' lang='lat' dir='ltr'><strong>Sed</strong></span> <span class='ocrx_word' id='word_1_413' title='bbox 374 4117 438 4157; x_wconf 89' lang='lat' dir='ltr'><strong>esse</strong></span> <span class='ocrx_word' id='word_1_414' title='bbox 451 4096 629 4157; x_wconf 81' lang='lat' dir='ltr'><strong>liberrimum</strong></span> <span class='ocrx_word' id='word_1_415' title='bbox 643 4091 761 4155; x_wconf 83' lang='lat' dir='ltr'><strong>volendi</strong></span> <span class='ocrx_word' id='word_1_416' title='bbox 775 4093 955 4172; x_wconf 86' lang='lat' dir='ltr'><strong>principium,</strong></span> <span class='ocrx_word' id='word_1_417' title='bbox 971 4115 1008 4154; x_wconf 84' lang='lat' dir='ltr'><strong>cx</strong></span> <span class='ocrx_word' id='word_1_418' title='bbox 1031 4114 1088 4172; x_wconf 89' lang='lat' dir='ltr'><strong>quo</strong></span> <span class='ocrx_word' id='word_1_419' title='bbox 1110 4105 1193 4154; x_wconf 84' lang='lat' dir='ltr'><strong>ectus</strong></span> <span class='ocrx_word' id='word_1_420' title='bbox 1216 4095 1355 4174; x_wconf 88' lang='lat' dir='ltr'><strong>multipli-</strong></span> 
     </span>
     <span class='ocr_line' id='line_1_44' title="bbox 150 4174 1352 4256; baseline -0.003 -18"><span class='ocrx_word' id='word_1_421' title='bbox 150 4199 198 4238; x_wconf 86' lang='lat' dir='ltr'><strong>ces</strong></span> <span class='ocrx_word' id='word_1_422' title='bbox 213 4187 243 4238; x_wconf 92' lang='lat' dir='ltr'><strong>et</strong></span> <span class='ocrx_word' id='word_1_423' title='bbox 255 4177 331 4236; x_wconf 84' lang='lat' dir='ltr'><strong>varii</strong></span> <span class='ocrx_word' id='word_1_424' title='bbox 351 4197 404 4256; x_wconf 90' lang='lat' dir='ltr'><strong>pre</strong></span> <span class='ocrx_word' id='word_1_425' title='bbox 417 4179 529 4238; x_wconf 86' lang='lat' dir='ltr'><strong>ratione</strong></span> <span class='ocrx_word' id='word_1_426' title='bbox 543 4177 723 4256; x_wconf 86' lang='lat' dir='ltr'><strong>objectorum</strong></span> <span class='ocrx_word' id='word_1_427' title='bbox 737 4181 840 4253; x_wconf 89' lang='lat' dir='ltr'><strong>sponte</strong></span> <span class='ocrx_word' id='word_1_428' title='bbox 854 4174 1015 4252; x_wconf 85' lang='lat' dir='ltr'><strong>eliciuntur,</strong></span> <span class='ocrx_word' id='word_1_429' title='bbox 1037 4175 1125 4254; x_wconf 88' lang='lat' dir='ltr'><strong>juxta</strong></span> <span class='ocrx_word' id='word_1_430' title='bbox 1145 4175 1289 4234; x_wconf 86' lang='lat' dir='ltr'><strong>dictamen</strong></span> <span class='ocrx_word' id='word_1_431' title='bbox 1309 4176 1352 4234; x_wconf 92' lang='lat' dir='ltr'><strong>in·</strong></span> 
     </span>
     <span class='ocr_line' id='line_1_45' title="bbox 151 4258 507 4335; baseline -0.003 -17"><span class='ocrx_word' id='word_1_432' title='bbox 151 4259 285 4319; x_wconf 85' lang='lat' dir='ltr'><strong>tellectus</strong></span> <span class='ocrx_word' id='word_1_433' title='bbox 298 4258 428 4335; x_wconf 80' lang='lat' dir='ltr'><strong>pmctici.</strong></span> <span class='ocrx_word' id='word_1_434' title='bbox 501 4269 507 4284; x_wconf 76' lang='lat'>⁸</span> 
     </span>
    </p>

    <p class='ocr_par' dir='ltr' id='par_1_9' title="bbox 153 4333 1357 4798">
     <span class='ocr_line' id='line_1_46' title="bbox 192 4333 1354 4416; baseline -0.001 -20"><span class='ocrx_word' id='word_1_435' title='bbox 192 4338 255 4398; x_wconf 91' lang='lat'>111.</span> <span class='ocrx_word' id='word_1_436' title='bbox 277 4337 325 4396; x_wconf 84' lang='lat' dir='ltr'><strong>Ex</strong></span> <span class='ocrx_word' id='word_1_437' title='bbox 349 4346 471 4416; x_wconf 74' lang='lat' dir='ltr'><strong>susque</strong></span> <span class='ocrx_word' id='word_1_438' title='bbox 494 4345 590 4397; x_wconf 87' lang='lat' dir='ltr'><strong>autem</strong></span> <span class='ocrx_word' id='word_1_439' title='bbox 612 4335 750 4396; x_wconf 73' lang='lat' dir='ltr'><strong>facultate</strong></span> <span class='ocrx_word' id='word_1_440' title='bbox 773 4333 896 4394; x_wconf 87' lang='lat' dir='ltr'><strong>liberum</strong></span> <span class='ocrx_word' id='word_1_441' title='bbox 919 4354 1018 4395; x_wconf 91' lang='lat' dir='ltr'><strong>eorum</strong></span> <span class='ocrx_word' id='word_1_442' title='bbox 1040 4333 1157 4414; x_wconf 82' lang='lat' dir='ltr'><strong>exurgit</strong></span> <span class='ocrx_word' id='word_1_443' title='bbox 1180 4333 1354 4412; x_wconf 86' lang='lat' dir='ltr'><strong>Arbitrium,</strong></span> 
     </span>
     <span class='ocr_line' id='line_1_47' title="bbox 153 4415 1355 4497; baseline -0.002 -19"><span class='ocrx_word' id='word_1_444' title='bbox 153 4419 238 4497; x_wconf 76' lang='lat' dir='ltr'><strong>cujus</strong></span> <span class='ocrx_word' id='word_1_445' title='bbox 252 4417 365 4495; x_wconf 87' lang='lat' dir='ltr'><strong>Angcli</strong></span> <span class='ocrx_word' id='word_1_446' title='bbox 385 4417 540 4496; x_wconf 85' lang='lat' dir='ltr'><strong>participes</strong></span> <span class='ocrx_word' id='word_1_447' title='bbox 559 4425 634 4494; x_wconf 90' lang='lat' dir='ltr'><strong>sunt,</strong></span> <span class='ocrx_word' id='word_1_448' title='bbox 657 4425 686 4476; x_wconf 88' lang='lat' dir='ltr'><strong>et</strong></span> <span class='ocrx_word' id='word_1_449' title='bbox 706 4415 824 4493; x_wconf 88' lang='lat' dir='ltr'><strong>quidem</strong></span> <span class='ocrx_word' id='word_1_450' title='bbox 844 4415 979 4476; x_wconf 92' lang='lat' dir='ltr'><strong>nobiliori</strong></span> <span class='ocrx_word' id='word_1_451' title='bbox 999 4434 1086 4494; x_wconf 82' lang='lat' dir='ltr'><strong>quem</strong></span> <span class='ocrx_word' id='word_1_452' title='bbox 1106 4415 1238 4475; x_wconf 88' lang='lat' dir='ltr'><strong>hemines</strong></span> <span class='ocrx_word' id='word_1_453' title='bbox 1258 4417 1355 4476; x_wconf 85' lang='lat' dir='ltr'><strong>modo.</strong></span> 
     </span>
     <span class='ocr_line' id='line_1_48' title="bbox 154 4493 1355 4576; baseline -0.001 -19"><span class='ocrx_word' id='word_1_454' title='bbox 154 4497 239 4558; x_wconf 86' lang='lat' dir='ltr'><strong>Istud</strong></span> <span class='ocrx_word' id='word_1_455' title='bbox 253 4517 332 4575; x_wconf 84' lang='lat' dir='ltr'><strong>vero,</strong></span> <span class='ocrx_word' id='word_1_456' title='bbox 348 4498 483 4576; x_wconf 82' lang='lat' dir='ltr'><strong>quamvis</strong></span> <span class='ocrx_word' id='word_1_457' title='bbox 496 4498 533 4557; x_wconf 93' lang='lat' dir='ltr'><strong>ab</strong></span> <span class='ocrx_word' id='word_1_458' title='bbox 547 4497 631 4557; x_wconf 88' lang='lat' dir='ltr'><strong>initio</strong></span> <span class='ocrx_word' id='word_1_459' title='bbox 644 4495 896 4558; x_wconf 87' lang='lat' dir='ltr'><strong>indeterminatum</strong></span> <span class='ocrx_word' id='word_1_460' title='bbox 910 4495 996 4557; x_wconf 90' lang='lat' dir='ltr'><strong>fuerit</strong></span> <span class='ocrx_word' id='word_1_461' title='bbox 1009 4495 1047 4556; x_wconf 84' lang='lat' dir='ltr'><strong>ad</strong></span> <span class='ocrx_word' id='word_1_462' title='bbox 1059 4493 1167 4556; x_wconf 88' lang='lat' dir='ltr'><strong>bonum</strong></span> <span class='ocrx_word' id='word_1_463' title='bbox 1188 4503 1217 4555; x_wconf 92' lang='lat' dir='ltr'><strong>et</strong></span> <span class='ocrx_word' id='word_1_464' title='bbox 1237 4496 1274 4554; x_wconf 85' lang='lat' dir='ltr'><strong>sd</strong></span> <span class='ocrx_word' id='word_1_465' title='bbox 1294 4517 1355 4556; x_wconf 85' lang='lat' dir='ltr'><strong>ma·</strong></span> 
     </span>
     <span class='ocr_line' id='line_1_49' title="bbox 153 4576 1356 4656; baseline 0.001 -19"><span class='ocrx_word' id='word_1_466' title='bbox 153 4577 224 4655; x_wconf 88' lang='lat' dir='ltr'><strong>lum,</strong></span> <span class='ocrx_word' id='word_1_467' title='bbox 239 4585 341 4656; x_wconf 85' lang='lat' dir='ltr'><strong>postea</strong></span> <span class='ocrx_word' id='word_1_468' title='bbox 355 4579 385 4637; x_wconf 90' lang='lat' dir='ltr'><strong>in</strong></span> <span class='ocrx_word' id='word_1_469' title='bbox 398 4577 483 4638; x_wconf 86' lang='lat' dir='ltr'><strong>bonis</strong></span> <span class='ocrx_word' id='word_1_470' title='bbox 496 4577 614 4656; x_wconf 89' lang='lat' dir='ltr'><strong>quidem</strong></span> <span class='ocrx_word' id='word_1_471' title='bbox 628 4596 666 4638; x_wconf 86' lang='lat' dir='ltr'><strong>cx</strong></span> <span class='ocrx_word' id='word_1_472' title='bbox 681 4577 738 4636; x_wconf 90' lang='lat' dir='ltr'><strong>Dei</strong></span> <span class='ocrx_word' id='word_1_473' title='bbox 758 4577 973 4638; x_wconf 84' lang='lat' dir='ltr'><strong>continuatione</strong></span> <span class='ocrx_word' id='word_1_474' title='bbox 987 4576 1217 4654; x_wconf 75' lang='lat' dir='ltr'><strong>determinatum,</strong></span> <span class='ocrx_word' id='word_1_475' title='bbox 1233 4587 1278 4637; x_wconf 88' lang='lat' dir='ltr'><strong>est</strong></span> <span class='ocrx_word' id='word_1_476' title='bbox 1292 4585 1356 4638; x_wconf 88' lang='lat' dir='ltr'><strong>tan·</strong></span> 
     </span>
     <span class='ocr_line' id='line_1_50' title="bbox 154 4655 1357 4796; baseline 0.002 -79"><span class='ocrx_word' id='word_1_477' title='bbox 154 4667 217 4796; x_wconf 48' lang='lat' dir='ltr'><strong>top</strong></span> <span class='ocrx_word' id='word_1_478' title='bbox 231 4657 270 4732; x_wconf 80' lang='lat' dir='ltr'><strong>ed</strong></span> <span class='ocrx_word' id='word_1_479' title='bbox 282 4658 401 4734; x_wconf 86' lang='lat' dir='ltr'><strong>bonum,</strong></span> <span class='ocrx_word' id='word_1_480' title='bbox 416 4657 446 4717; x_wconf 92' lang='lat' dir='ltr'><strong>in</strong></span> <span class='ocrx_word' id='word_1_481' title='bbox 461 4658 545 4716; x_wconf 82' lang='lat' dir='ltr'><strong>melis</strong></span> <span class='ocrx_word' id='word_1_482' title='bbox 559 4676 629 4717; x_wconf 87' lang='lat' dir='ltr'><strong>vero</strong></span> <span class='ocrx_word' id='word_1_483' title='bbox 643 4677 681 4717; x_wconf 87' lang='lat' dir='ltr'><strong>ex</strong></span> <span class='ocrx_word' id='word_1_484' title='bbox 694 4677 794 4718; x_wconf 89' lang='lat' dir='ltr'><strong>eorum</strong></span> <span class='ocrx_word' id='word_1_485' title='bbox 807 4666 935 4735; x_wconf 91' lang='lat' dir='ltr'><strong>peceato,</strong></span> <span class='ocrx_word' id='word_1_486' title='bbox 957 4660 1038 4737; x_wconf 85' lang='lat' dir='ltr'><strong>justa</strong></span> <span class='ocrx_word' id='word_1_487' title='bbox 1059 4655 1115 4718; x_wconf 88' lang='lat' dir='ltr'><strong>Dei</strong></span> <span class='ocrx_word' id='word_1_488' title='bbox 1136 4656 1297 4718; x_wconf 86' lang='lat' dir='ltr'><strong>desertione</strong></span> <span class='ocrx_word' id='word_1_489' title='bbox 1319 4655 1357 4718; x_wconf 81' lang='lat' dir='ltr'><strong>cd</strong></span> 
     </span>
     <span class='ocr_line' id='line_1_51' title="bbox 156 4747 402 4798; baseline 0.004 -2"><span class='ocrx_word' id='word_1_490' title='bbox 156 4757 186 4796; x_wconf 79' lang='lat' dir='ltr'><strong>nr</strong></span> <span class='ocrx_word' id='word_1_491' title='bbox 215 4758 264 4798; x_wconf 90' lang='lat' dir='ltr'><strong>um</strong></span> <span class='ocrx_word' id='word_1_492' title='bbox 278 4747 402 4798; x_wconf 85' lang='lat' dir='ltr'><strong>tantum.</strong></span> 
     </span>
    </p>
   </div>
   <div class='ocr_carea' id='block_1_6' title="bbox 0 0 1616 5174">
    <p class='ocr_par' dir='ltr' id='par_1_10' title="bbox 0 0 1616 5174">
     <span class='ocr_line' id='line_1_52' title="bbox 0 0 1616 5174; baseline 0 0"><span class='ocrx_word' id='word_1_493' title='bbox 0 0 1616 5174; x_wconf 95' lang='lat' dir='ltr'><strong> </strong></span> 
     </span>
    </p>
   </div>
  </div>
 </body>
</html>
