3158 5180
129 357 248 408 eunsr.
264 335 337 417 vn]
658 353 698 398 nn
712 357 890 398 ennarrans.

633 574 821 649 QUAESTIO
841 576 914 635 VII.

123 739 174 798 Aa
185 758 224 796 cx
237 756 290 796 usu
303 734 505 794 nemeaeum
525 755 545 792 a
558 735 639 808 Mose
646 736 750 810 posito,
765 736 928 812 Astrolopic
941 736 1100 811 judiciaria
1111 737 1207 794 calmi
1221 737 1338 813 possit!

468 813 505 873 N.
520 833 545 872 c.
564 813 748 892 Astrologcs,
763 823 793 873 et
808 813 995 874 Planetarios.

437 971 462 1030 Ι.
489 973 545 1031 Per
558 974 758 1051 Astrolopz'am,
779 973 815 1033 de
836 995 895 1051 qua
911 975 1039 1048 Quaestio
1060 975 1108 1034 hic
1122 981 1262 1050 movetur,
1278 995 1337 1034 non

396 1051 569 1130 intelligitur
582 1053 732 1130 naturalis,
746 1073 798 1112 aen
812 1055 933 1114 seientia
947 1053 982 1112 dc
997 1053 1097 1112 ordine
1112 1074 1145 1114 ac
1159 1063 1239 1114 motu
1253 1063 1335 1114 natu-

396 1131 450 1190 rali
464 1131 623 1210 Corporum
645 1133 815 1208 coelestium,
837 1153 902 1211 quac
923 1133 1025 1192 merito
1046 1133 1076 1190 in
1090 1133 1182 1214 pretio
1203 1133 1336 1210 habetur,

122 1221 159 1274 et
173 1232 314 1290 magnum
328 1211 359 1269 in
373 1211 434 1270 vita
446 1211 573 1270 humana
587 1232 671 1272 usum
686 1211 792 1288 habet;
818 1212 876 1272 Sed
889 1213 1057 1289 judiciaria,
1073 1233 1138 1290 quae
1153 1213 1213 1272 Ars
1228 1221 1272 1273 cst
1286 1233 1335 1272 eu·

124 1293 270 1352 riositatis
291 1291 459 1366 temeraria,
475 1301 504 1349 et
525 1291 737 1370 superstitionis
751 1293 844 1369 plena,
867 1313 925 1430 epp
945 1313 984 1350 ex
999 1292 1098 1352 Astiis
1112 1301 1254 1352 eteorum
1268 1313 1335 1351 con·

861 1394 875 1431 e

122 1043 196 1093 Quid
212 1042 246 1087 rit
263 1041 375 1086 Astrolo-

154 1102 198 1160 gia
204 1099 345 1158 Jndlctaria.

124 1371 346 1432 stellationibus
360 1370 393 1431 fit
403 1370 546 1448 judicium
561 1371 597 1430 de
610 1370 736 1448 homine,
751 1393 767 1430 e
781 1392 814 1430 us
829 1393 858 1430 m
919 1373 1075 1447 atrombus,
1089 1373 1259 1449 actionibus,
1276 1380 1335 1432 stu·

122 1453 194 1526 diis,
210 1450 373 1526 eventibus,
389 1449 504 1509 fortuna
517 1451 603 1527 omni,
620 1450 749 1528 adeoque
764 1393 800 1509 de
815 1453 875 1511 vita
896 1459 925 1510 et
938 1459 1047 1529 morte,
1077 1452 1151 1510 Item
1165 1452 1202 1510 de
1217 1472 1336 1510 conver-

123 1531 263 1590 sionibus
277 1529 477 1606 Imperiorum,
500 1538 529 1589 et
544 1530 842 1608 Rerumpubliearnm,
866 1539 894 1590 et
910 1531 1061 1606 similium,
1078 1551 1143 1608 quac
1157 1531 1293 1592 accidunt
1307 1531 1337 1590 in

122 1612 267 1670 societate
282 1609 371 1684 civili,
387 1617 416 1667 et
430 1629 495 1686 quae
509 1629 547 1668 cx
561 1629 596 1668 ea
609 1618 642 1669 ut
655 1610 751 1668 futura
766 1620 844 1668 certo
858 1619 888 1670 et
901 1610 1062 1670 indubitate
1076 1611 1281 1689 praedicuntur.

170 1689 212 1748 II.
229 1689 444 1748 Affinnativam
457 1696 612 1748 tenuerunt
625 1690 695 1747 olim
708 1689 937 1765 haemonam,
954 1690 1041 1768 impia
1058 1689 1256 1750 Gnosticorum
1269 1710 1335 1768 pro-

124 1790 213 1848 pago,
229 1769 282 1846 qui
295 1769 371 1826 inter
385 1767 441 1826 alia
455 1787 582 1828 errorum
596 1777 737 1847 portenta,
753 1769 889 1828 fatalibus
904 1769 995 1828 stellis
1016 1769 1176 1847 alligabant
1193 1771 1338 1845 heminae,

126 1857 160 1910 et
173 1849 269 1928 ipsum
283 1847 409 1906 hominis
424 1868 527 1925 eorpus
542 1849 699 1908 secundum
714 1847 866 1908 duodecim
881 1848 954 1906 Coeli
973 1848 1057 1925 signa
1070 1850 1260 1926 compositum
1274 1868 1339 1907 esse

127 1929 280 2003 docebant,
296 1935 371 2006 teste
385 1928 549 2004 Aupmtino.
586 1927 665 2003 Quos
685 1928 776 1987 secuti
795 1927 1045 2004 suntPlnnetnrii,
1061 1929 1212 2004 Astrolopr,
1234 1935 1263 1986 et
1281 1927 1336 1988 Ge·
1441 1953 1445 1960 r

131 2009 269 2084 manaa,
286 2008 338 2084 qui
355 2007 443 2084 juxta
456 2015 570 2084 tempus
590 2007 785 2084 generationis
799 2017 850 2066 aut
863 2005 1033 2082 nativitatis,
1048 2007 1200 2084 explorant
1214 2006 1338 2064 constel-

126 2088 262 2164 lationes,
272 2085 312 2145 id.
327 2087 448 2165 positus,
463 2095 604 2165 aspectus,
621 2095 651 2145 et
664 2085 792 2145 influxus
807 2086 970 2162 Astrorum,
993 2095 1022 2145 et
1043 2105 1080 2144 ex
1101 2087 1137 2144 iis
1158 2085 1337 2158 noscentium

127 2175 264 2228 naturam
287 2174 316 2225 et
330 2165 474 2228 fortunam
486 2166 693 2244 praenunciant.
730 2165 892 2226 Orthodoxi
906 2186 975 2224 vero
989 2165 1156 2244 negativam
1170 2173 1336 2224 constanter

127 2267 160 2307 se
182 2255 302 2308 uuntur.
1184 2248 1187 2254 '

161 2268 181 2326 q
386 2348 391 2358 ·
435 2325 497 2385 III.
519 2325 585 2386 Non
604 2325 750 2403 quaeritur,
771 2326 821 2385 An
836 2325 964 2404 Corpora
978 2325 1114 2384 Caelestia
1134 2325 1165 2384 in
1184 2323 1249 2382 hee
1269 2323 1336 2382 sub·

396 2404 517 2480 lunaria,
532 2413 561 2465 et
574 2393 767 2481 elementaria,
783 2406 841 2464 imo
856 2413 885 2464 at
903 2405 933 2463 in
948 2405 1042 2483 ipsum
1057 2424 1160 2482 eorpus
1179 2405 1338 2462 humanum

396 2505 531 2563 magnam
546 2485 606 2546 vim
620 2486 752 2561 habeant,
772 2495 801 2544 et
815 2505 867 2563 pro
881 2485 962 2545 vario
976 2493 1065 2560 motu,
1081 2493 1111 2544 et
1130 2484 1235 2562 positu,
1251 2491 1338 2560 atque

126 2565 245 2626 influxu
254 2564 337 2642 lucis,
349 2571 378 2624 et
386 2566 498 2641 caloris,
509 2565 701 2624 diversimode
711 2585 831 2643 corpora
839 2565 973 2638 afficiant,
980 2573 1013 2625 ut
1022 2573 1160 2639 crescant,
1168 2563 1216 2622 vel
1225 2563 1336 2622 decres-

124 2656 206 2723 cant,
214 2645 381 2721 alterantur,
389 2653 417 2704 at
426 2646 505 2704 varie
514 2653 669 2719 mutentur,
679 2645 758 2722 quod
767 2665 824 2704 non
833 2645 920 2704 modo
931 2645 1086 2722 Scriptura,
1097 2643 1149 2702 scd
1160 2643 1338 2721 experientia

125 2725 305 2786 universalis
320 2726 495 2804 comprobat.
520 2724 578 2784 Sed
587 2725 732 2803 quaritur,
743 2726 793 2782 An
802 2725 862 2784 vim
871 2726 944 2784 hane
955 2731 1109 2783 exerceant
1117 2723 1224 2801 pariter
1237 2723 1267 2779 in
1277 2721 1337 2780 ani-

125 2827 195 2866 moa
209 2805 368 2880 bominum,
381 2804 431 2881 qui
446 2813 555 2864 naturae
571 2813 638 2865 sunt
648 2805 814 2882 spiritualis,
825 2813 858 2863 ut
868 2804 973 2863 exinde
983 2803 1019 2863 dc
1033 2802 1277 2876 inclinationibus,
1290 2821 1336 2859 ac·

126 2887 269 2962 tionibus,
283 2892 313 2944 et
326 2885 478 2946 eventibus
492 2884 595 2944 futuris
610 2893 718 2944 certum
729 2883 872 2962 judicium
883 2881 945 2942 lieri
960 2889 1063 2960 queat;
1078 2882 1157 2958 quod
1168 2901 1317 2958 negamus.

173 2966 229 3025 IV.
252 2965 318 3024 Non
333 2963 478 3041 quaeritur,
495 2964 545 3023 An
561 2964 727 3024 Luminaria
740 2964 854 3040 possint
874 2961 932 3020 diei
951 2961 1040 3038 Signa
1054 2961 1200 3018 naturalia
1214 2969 1336 3036 tempes-

127 3054 235 3121 tatum,
255 3043 380 3122 frigoris,
405 3054 500 3120 aesttrs,
524 3045 670 3102 variarum
693 3043 759 3102 eccli
769 3041 1012 3116 vicissitudinum,
1028 3039 1192 3098 defectuum
1212 3037 1289 3096 Solis
1309 3047 1339 3097 et

126 3127 232 3201 Lunae,
248 3133 278 3184 et
292 3124 413 3184 eliorum
421 3125 576 3186 effectuum
589 3122 773 3195 naturalium,
787 3120 838 3197 qui
852 3141 888 3179 ex
903 3119 1019 3178 diverso
1030 3125 1110 3176 motu
1119 3125 1148 3176 et
1160 3117 1290 3194 positura
1301 3117 1339 3175 si-

127 3207 233 3266 derum
242 3204 382 3278 criuntur,
395 3205 443 3264 vel
452 3205 542 3281 Signa
552 3205 653 3278 cicilia,
665 3210 694 3260 et
703 3199 887 3274 oeconomica,
900 3218 964 3275 quae
979 3219 996 3257 a
1009 3197 1189 3256 naturalibus
1202 3196 1337 3272 pendent,

128 3297 165 3346 ut
179 3282 319 3362 temporis
334 3283 442 3360 arandi,
458 3283 624 3362 navigandi,
641 3281 763 3357 serendi,
775 3279 839 3356 dac,
849 3280 897 3338 vel
906 3281 995 3354 Siqua
1009 3278 1140 3352 moralia,
1152 3276 1257 3354 partim
1265 3297 1336 3353 per·

119 3365 259 3444 ⁸fectionis
281 3363 436 3440 creatoris,
452 3385 516 3442 qua
537 3363 567 3421 in
588 3363 652 3422 istis
673 3360 812 3420 mirandis
833 3359 967 3437 operibns
989 3358 1122 3432 cernitur,
1137 3355 1243 3434 partim
1257 3357 1341 3429 efflui

129 3455 417 3520 naturarumque
432 3452 544 3504 tantum
553 3441 693 3521 Opifieom
708 3449 842 3500 tenentur
856 3439 1001 3516 suspicere
1012 3447 1041 3498 et
1056 3437 1169 3514 colere,
1185 3436 1233 3496 vel
1248 3437 1337 3514 Siqua

129 3527 250 3603 mystica
262 3523 409 3582 variorum
423 3533 589 3598 eventuum,
604 3523 652 3582 vel
666 3522 696 3579 in
710 3522 760 3596 ira,
776 3521 825 3580 vel
845 3521 876 3580 in
896 3517 1006 3597 gratia;
1035 3525 1068 3577 ut
1089 3538 1178 3595 quum
1195 3517 1245 3578 Sol
1260 3517 1340 3576 stetit

131 3609 165 3666 in
180 3607 305 3680 Gibeon,
326 3603 391 3662 Jos.
407 3623 436 3661 x.
453 3607 499 3680 12,
516 3623 605 3680 quum
619 3601 783 3660 retrocessit
796 3601 896 3660 decem
918 3599 1057 3677 gradibus
1071 3597 1174 3656 diebus
1194 3597 1336 3670 Ezechiae,

131 3687 245 3764 tReg.
260 3704 312 3742 xx,
329 3685 375 3758 ll,
401 3691 430 3741 et
452 3703 542 3760 quum
565 3683 645 3742 Deus
659 3679 765 3740 dicitur
784 3681 904 3740 daturus
925 3680 1137 3758 aspramente,
1158 3685 1185 3734 et
1206 3677 1235 3733 in
1249 3686 1336 3749 terra,

132 3769 156 3830 J
157 3767 202 3827 oe'l
216 3765 246 3824 ii.
263 3767 310 3840 30,
326 3783 448 3839 quorum
463 3761 636 3840 significatio
651 3769 683 3821 ut
696 3759 925 3822 extraordinaria
943 3766 995 3834 cst,
1020 3766 1049 3816 et
1062 3775 1120 3814 non
1134 3753 1282 3827 naturalis,
1298 3753 1339 3811 ita

130 3869 171 3907 ex
185 3843 325 3924 peculiari
345 3844 521 3902 revelatione
535 3841 659 3919 pendere
674 3839 768 3899 debet.
813 3840 871 3899 Sed
891 3837 1037 3914 quaeritur,
1054 3836 1103 3892 An
1118 3834 1176 3892 sint
1189 3833 1278 3908 Siqna
1292 3853 1337 3892 oe·

132 3927 268 4000 casada,
284 3931 314 3984 et
326 3924 476 3999 naturalia,
492 3930 648 3991 eventuum
662 3920 823 3978 futurorum
836 3940 843 3978 ι
857 3937 915 3975 non
930 3923 1040 3974 tautum
1056 3911 1229 3975 annualium
1244 3918 1273 3970 et
1289 3929 1337 3970 ne·

133 4007 334 4076 eeasarimnm,
354 4001 506 4062 sedetiam
520 3999 756 4074 voluntariorum,
777 4006 805 4056 et
820 3993 1063 4072 ,contingentium
1079 3992 1207 4068 adeoque
1221 3990 1290 4048 vitae
1311 3999 1340 4049 et

135 4087 238 4148 mortis
248 4083 407 4159 hominum,
422 4091 463 4158 ut,
478 4102 536 4160 quo
551 4081 673 4159 quisque
687 4077 746 4136 lato
760 4085 846 4136 natus
861 4075 906 4149 sit,
922 4083 951 4132 et
965 4071 1036 4150 quid
1050 4071 1154 4150 cuique
1168 4069 1206 4128 sit
1219 4078 1337 4130 eventu-

134 4187 208 4242 rum,
223 4186 262 4225 ex
277 4162 376 4222 nstris
390 4171 469 4224 certo
482 4167 694 4240 proenoscatnr;
717 4155 796 4234 quod
809 4173 957 4231 negamus.

136 4283 192 4328 Non
203 4281 257 4328 dari
268 4277 381 4324 Am„
442 4241 480 4302 V.
503 4241 642 4302 Rationes
664 4245 739 4312 sunt,
764 4239 790 4294 l.
813 4233 888 4310 Quia
903 4233 983 4292 Deus
1000 4229 1087 4290 talem
1097 4228 1296 4322 Astrologiam
1309 4230 1339 4286 in

156 4333 382 4457 pertemptassent
403 4321 503 4460 §erbo
525 4338 698 4458 suptsevere
718 4314 862 4472 prplplillpet,
883 4311 1065 4452 eteffimippot,
1076 4309 1339 4466 Leiriibeipiiidipiilt,

278 4429 284 4442 ·
436 4419 719 4462 econvcmevoea
805 4415 891 4454 roam
1074 4414 1094 4463 ;·

136 4493 168 4544 ut
181 4487 280 4546 anima
293 4504 359 4562 qnae
373 4503 404 4542 se
418 4482 561 4542 convertit
575 4479 612 4537 ad
626 4479 704 4556 ipsos
718 4475 904 4536 exscindetur
918 4495 933 4532 e
947 4470 1042 4551 medio
1056 4464 1156 4548 populi
1175 4469 1228 4544 sui,
1245 4467 1339 4528 Lavit.

136 4586 188 4626 xx.
204 4571 253 4642 27,
275 4565 340 4626 Vas·
352 4571 402 4622 cet
414 4561 551 4636 mulieres,
566 4559 592 4618 si
604 4561 657 4618 erit
670 4578 706 4616 ex
720 4558 753 4615 iis
764 4557 853 4634 Pytho
867 4563 918 4613 oet
930 4552 1054 4626 Ariola,
1070 4549 1180 4610 omnino
1194 4557 1282 4608 morte
1295 4551 1339 4625 as-

125 4649 274 4727 ficinntor,
290 4643 431 4720 lapideus
445 4644 608 4714 οὐνιιυηεσν,
623 4639 706 4698 codis
719 4657 807 4698 causa
827 4645 866 4695 est
879 4636 908 4696 in
922 4633 969 4694 eis.
1005 4629 1088 4690 Alibi
1102 4629 1183 4690 Deua
1197 4627 1339 4690 confusio-

166 2391 253 2438 Statns
264 2391 345 2442 Quas·

211 2451 295 2496 tionis.
