3158 5180
117 401 231 450 ausser.
249 383 294 464 a]
608 405 646 445 ns
661 403 837 446 asserione.
1271 389 1327 444 417
1342 392 1346 402 ’

116 561 176 602 usu
196 542 283 601 libori
296 543 409 604 arbitrii
423 545 539 606 demum
554 545 592 605 sit
604 545 745 624 adeptus3
768 545 842 622 Quia
856 547 992 624 supponit
1005 547 1097 624 gratis
1110 548 1132 607 J
1134 546 1261 606 ustitiam
1276 565 1327 604 vo·
1426 605 1427 610 ,

113 622 273 680 luntariam
287 631 401 683 tantum
415 625 512 702 trusae,
527 634 613 703 prout
621 626 816 685 voluntarium
826 626 900 686 illud
913 633 966 702 est,
977 627 1057 704 quod
1070 647 1122 705 per
1131 635 1214 686 actus
1223 625 1327 684 volun-

113 702 186 760 tatis
197 703 367 779 acquiritur,
384 725 448 764 oum
463 727 497 766 ea
507 706 544 764 ab
553 706 665 783 origine
678 705 788 765 bomini
802 706 869 764 data
883 705 928 781 sit,
944 714 1031 783 atque
1041 706 1114 766 adeo
1123 712 1254 780 connata,
1269 723 1328 763 non

112 782 277 858 acquisita3
300 793 396 860 potest
410 805 479 862 ergo
501 786 559 844 dici
572 794 602 845 et
622 785 769 861 naturalis,
790 796 819 844 et
832 786 1003 862 voluntaria,
1025 787 1166 845 namralr'a
1186 787 1254 863 quia
1274 785 1326 842 bo·

112 861 186 918 mini
201 860 259 921 fuit
272 873 433 940 concreata,
447 867 616 940 υοιιιηιαήα,
639 874 701 925 tum
714 866 866 942 abactae,
888 865 957 943 quia
969 864 1025 925 fuit
1038 866 1069 923 in
1082 867 1240 940 voluntate,
1263 871 1326 923 tum

111 941 246 1016 effectuae,
262 942 332 1018 quia
346 951 428 1004 actus
440 945 547 1004 liberos
561 954 591 1005 et
604 945 783 1004 voluntarios
797 945 943 1022 produxit.

155 1019 255 1080 XIII.
278 1021 397 1099 Quarto,
420 1025 494 1100 Quia
508 1026 607 1084 Homo
621 1046 638 1083 a
653 1025 716 1083 Deo
738 1025 871 1084 conditus
885 1034 930 1085 est
944 1025 981 1083 ad
996 1025 1160 1085 Creatorem
1175 1044 1259 1085 sunm
1273 1044 1324 1102 eg-

111 1100 295 1159 noscendum
310 1109 340 1160 et
354 1104 514 1180 colendum,
538 1113 568 1165 et
581 1114 614 1165 ut
627 1105 785 1164 dominium
803 1105 833 1162 in
854 1112 973 1164 caemras
993 1114 1139 1164 creaturas
1159 1113 1324 1180 exerceret;

112 1178 168 1238 sed
187 1187 324 1239 neutrum
345 1183 439 1260 potuit
459 1193 595 1261 prestare
616 1184 678 1243 sine
696 1185 811 1262 justitia
831 1185 983 1262 originali;
1006 1185 1158 1260 Quomodo
1179 1185 1256 1244 enim
1277 1183 1326 1243 vel

114 1259 263 1336 sapienter
276 1267 307 1319 ct
322 1261 402 1338 juste
423 1265 564 1342 potuisset
586 1264 727 1323 dominari
747 1264 778 1322 in
798 1274 952 1338 creaturas,
974 1266 1023 1324 vel
1045 1265 1108 1324 Deo
1129 1265 1247 1341 servire,
1268 1264 1326 1324 nisi

114 1339 261 1416 sapientia
273 1347 304 1398 et
318 1345 470 1404 sanctitate
484 1345 587 1404 fuisset
600 1345 780 1403 instructus?

441 1423 532 1484 XIV.
554 1423 646 1483 Aliud
670 1433 715 1482 est
734 1425 841 1483 habere
857 1423 1003 1501 justitiam
1025 1423 1204 1501 originalem,
1231 1423 1325 1483 Aliud

376 1502 482 1563 babere
504 1523 568 1563 eam
589 1503 822 1579 immutabiliter;
857 1503 888 1562 si
902 1503 982 1561 illam
1002 1503 1151 1562 habuisset
1171 1503 1325 1581 posteriori

379 1582 474 1658 modo,
490 1603 544 1642 nee
567 1603 687 1662 peccare
707 1583 856 1660 potuisset,
880 1603 934 1642 nec
954 1583 1015 1642 ulle
1038 1584 1197 1643 tentatione
1217 1583 1323 1662 urgeri.

115 1659 176 1719 Sed
189 1660 260 1737 quia
272 1661 375 1722 hebuit
388 1683 450 1721 eam
462 1663 646 1738 mutabiliter,
661 1663 755 1740 potuit
768 1671 930 1740 utrumque,
945 1672 978 1721 ut
991 1672 1113 1722 eventus
1123 1663 1229 1724 docuit.
1251 1663 1273 1723 J
1274 1683 1323 1722 us·

113 1740 180 1798 titia
194 1759 266 1818 ergo
279 1741 437 1818 originalis,
453 1763 507 1801 neo
520 1743 576 1802 fuit
589 1743 750 1818 impotentia
763 1743 890 1801 absolata
906 1745 1053 1818 peccandi,
1068 1763 1121 1803 nee
1141 1743 1325 1820 impeccantia

115 1818 293 1897 simpliciter,
310 1821 363 1880 sed
370 1824 499 1898 potentia
512 1843 568 1882 non
585 1823 731 1899 peccandi,
747 1841 785 1881 ex
802 1821 918 1899 justitia
935 1823 1077 1898 mutabili,
1099 1843 1164 1900 quae
1184 1823 1325 1900 peccandi

115 1899 236 1976 quidem
249 1901 437 1977 voluntatem,
452 1901 582 1979 quaudiu
603 1901 706 1975 stabat,
729 1900 782 1960 sed
801 1921 860 1959 non
880 1901 1056 1976 facultatem,
1072 1901 1239 1962 auferebat:
1261 1902 1323 1961 Nec

118 1977 221 2037 debuit
234 1979 282 2038 illa
296 1981 394 2058 imago
413 2000 520 2059 ponere
541 1981 812 2059 impeccabilitatem
832 1980 863 2038 in
877 1980 1001 2054 bomine,
1024 1981 1118 2057 qualis
1133 1990 1177 2040 est
1197 1981 1228 2039 in
1250 1982 1323 2057 Deo,

118 2058 189 2134 quia
202 2058 294 2119 simile
308 2079 367 2119 non
381 2069 426 2121 est
439 2061 536 2122 idem:
557 2061 652 2141 potuit
666 2061 782 2138 quidem
797 2060 904 2119 imitari
925 2060 981 2118 Dei
995 2060 1177 2119 sanctitatem
1191 2069 1220 2119 et
1238 2061 1324 2138 justi·

117 2137 198 2212 tiam,
213 2140 294 2198 etad
313 2160 378 2199 eam
392 2142 537 2218 accedere,
553 2141 606 2200 sed
626 2141 727 2218 procul
740 2149 837 2200 tamen
851 2159 869 2199 a
889 2139 1041 2198 sanctitate
1056 2139 1120 2217 Dei,
1142 2160 1208 2217 quae
1222 2149 1267 2200 est
1280 2159 1324 2199 es·

119 2217 259 2294 sandalis,
273 2219 408 2297 perfecta,
425 2229 455 2280 et
469 2221 672 2281 Immutsbilis.

160 2297 233 2356 XV.
256 2299 395 2374 Quamvis
408 2301 482 2360 bene
496 2302 651 2378 colligatur
670 2319 707 2360 ex
730 2299 805 2360 Gen.
820 2301 839 2358 i.
854 2301 903 2376 26,
926 2299 1088 2377 Imaginem
1109 2299 1166 2358 Dei
1186 2299 1273 2358 etiam
1294 2298 1325 2358 in

118 2377 256 2436 Dominio
270 2379 435 2455 consistere,
451 2381 500 2440 vel
513 2379 587 2440 illud
600 2389 667 2458 post
680 2399 711 2439 se
724 2380 838 2439 trahere
853 2388 1074 2458 consequentem
1089 2380 1145 2438 boc
1159 2387 1255 2438 tamen
1266 2399 1325 2438 non

115 2457 205 2515 debet
218 2457 344 2536 intelligi
357 2462 494 2520 εωιιιιιίυο
507 2461 545 2520 ad
559 2461 710 2520 Iustitiam
721 2481 728 2537 ;
750 2479 818 2519 nam
832 2459 991 2519 dominium
1005 2460 1061 2518 boc
1071 2460 1233 2519 necessario
1245 2459 1325 2518 illam

115 2535 246 2614 requirit,
270 2546 300 2597 et
322 2541 526 2618 praesupponit,
549 2541 655 2619 quippe
677 2548 711 2600 ιιι
735 2539 903 2618 simpliciter
923 2547 1099 2616 exerceatur,
1121 2540 1271 2616 rationem,
1293 2547 1326 2599 ut

111 2618 194 2696 juste
208 2625 238 2675 et
251 2617 373 2694 placide,
390 2621 559 2698 sapientiam
574 2629 604 2680 et
613 2618 767 2701 justitiam,
782 2628 815 2680 ut
828 2629 967 2699 perpetuo
982 2627 1011 2678 et
1025 2628 1198 2696 constanter,
1208 2619 1324 2679 immor-

117 2697 270 2773 talitatem,
285 2699 421 2775 postulat.

158 2775 251 2836 XVI.
273 2777 406 2838 Adamas
426 2789 493 2857 post
512 2780 626 2858 lapsum
646 2779 749 2840 babuit
768 2779 863 2839 adhuc
883 2778 1049 2857 imaginem,
1072 2779 1147 2838 sicut
1167 2785 1196 2838 et
1216 2778 1326 2856 posteri

116 2857 182 2932 ejus
197 2855 284 2915 etiam
305 2859 391 2918 hodie
412 2860 528 2937 habent,
551 2860 777 2920 dumdiountur
790 2859 860 2918 facti
880 2858 917 2916 ad
932 2859 1087 2936 imaginem
1103 2859 1175 2934 Dei3
1198 2857 1251 2917 sed
1269 2859 1326 2917 boc

116 2935 342 3012 intelligendum
356 2947 470 2999 tautum
484 2940 642 2999 meandum
657 2939 736 3016 quid,
759 2937 855 3015 quoad
868 2938 1006 3014 reliquias
1027 2937 1166 3015 quasdam
1180 2939 1326 2996 naturales

116 3015 271 3093 imaginis;
293 3017 417 3077 sednon
430 3019 572 3096 absolute,
587 3018 684 3097 quoad
697 3019 851 3096 qualitates
866 3017 1029 3094 spirituales
1043 3026 1072 3075 et
1083 3016 1324 3092 supernaturales,

116 3115 182 3172 quar
196 3095 282 3172 plane
297 3107 364 3156 suut
378 3099 499 3176 amissae,
520 3108 550 3158 et
563 3097 718 3158 restaurari
731 3097 838 3156 debent
856 3097 887 3154 in
900 3095 985 3154 nobis
1004 3115 1057 3173 per
1070 3095 1193 3173 gratiam
1206 3113 1325 3172 regene-

117 3175 248 3234 rationis.

158 3255 267 3315 XVII.
290 3255 360 3315 Alia
378 3267 423 3317 est
435 3261 548 3335 justitio
565 3258 669 3335 predae
689 3263 719 3317 et
737 3257 838 3333 plenia
860 3255 891 3314 in
914 3255 1029 3314 Christo
1050 3253 1166 3314 Adamo
1189 3253 1325 3332 secundo,

119 3331 188 3393 Alia
201 3335 317 3411 joadan
329 3347 460 3412 naturoe,·
482 3339 539 3397 Illa
553 3345 598 3397 est
614 3336 802 3397 immutabilis
823 3343 853 3395 et
865 3334 1088 3394 indefectibilisr
1112 3334 1171 3394 Sed
1190 3335 1248 3394 ista
1268 3354 1327 3394 non

115 3413 201 3552 itaqu,
217 3415 297 3474 unde
310 3417 414 3476 mirum
428 3437 487 3478 non
501 3428 546 3478 est
567 3417 591 3476 si
605 3417 691 3476 bomo
709 3417 808 3497 justus
822 3415 967 3490 defecerit,
989 3415 1058 3493 quia
1071 3423 1133 3475 crat
1149 3416 1248 3494 justus
1262 3435 1325 3476 mu·

117 3501 148 3552 ta
168 3495 178 3552 i
192 3495 255 3553 'ten
1384 3535 1389 3544 ·

157 3573 286 3634 XVIII.
310 3575 353 3636 Ut
372 3597 441 3636 care
462 3586 490 3637 et
503 3577 618 3654 apirian
638 3576 758 3655 physice
779 3585 898 3656 accepta
918 3575 1065 3654 disparata
1085 3583 1161 3652 sunt,
1177 3595 1235 3635 non
1257 3595 1324 3635 con-

115 3654 213 3728 traria,
222 3654 270 3712 Ita
283 3655 371 3713 etiam
385 3675 416 3715 se
426 3657 536 3716 habent
545 3657 694 3733 utriusque
709 3657 862 3734 appetitus,
874 3656 1084 3728 inclinationes,
1094 3665 1124 3714 et
1134 3657 1262 3714 actiones
1276 3675 1328 3732 per

115 3752 164 3808 se;
186 3734 380 3811 repugnantia
392 3756 457 3814 qua
471 3736 574 3795 inillis
594 3735 818 3814 deprehenditur
836 3757 921 3810 nunc,
944 3755 995 3812 per
1009 3733 1143 3792 accidens
1157 3754 1194 3792 ex
1208 3743 1327 3810 peccato

114 3821 184 3872 nata
207 3822 271 3888 eet3
293 3813 391 3873 Antea
412 3816 489 3874 enim
508 3835 619 3874 summa
641 3824 703 3874 erat
726 3816 884 3890 harmonia,
905 3823 934 3873 et
958 3817 1059 3885 aba&
1079 3812 1109 3870 in
1133 3813 1326 3891 appetitibus;

115 3891 229 4030 Gnqrplus
243 3892 350 3970 quippe
369 3895 480 3971 animae,
502 3913 569 3953 cero
589 3894 694 3954 rationi
714 3893 935 3970 obsequebatur,
957 3913 1017 3951 non
1037 3891 1187 3967 violenter,
1210 3891 1262 3950 sed
1276 3909 1327 3948 na-

195 3972 260 4031 iter.

157 4050 255 4110 XIX.
279 4051 428 4129 Sapientis
450 4053 558 4112 Adami
578 4053 609 4110 in
622 4051 712 4109 variis
731 4049 832 4124 eluxit,
854 4057 917 4109 tum
937 4049 967 4107 in
988 4049 1129 4126 tenuata-ip
1149 4048 1326 4124 animalium,

116 4148 183 4206 quas
196 4150 257 4189 non
270 4130 346 4190 facta
360 4139 405 4191 est
417 4152 469 4210 pro
484 4132 611 4207 arbitrio,
627 4139 656 4190 et
670 4130 707 4189 ad
721 4149 829 4187 meram
843 4128 1066 4203 distinctionem,
1089 4127 1191 4186 sodex
1206 4129 1325 4204 ratione,

115 4216 146 4267 et
159 4211 367 4270 convenienter
380 4211 535 4289 cujuslibet
548 4220 666 4284 natura,
680 4210 755 4269 Gen.
769 4209 799 4266 ii.
812 4209 858 4283 19,
873 4216 935 4266 tum
949 4208 980 4265 in
993 4207 1158 4266 miraculosi
1167 4208 1239 4266 Evae
1253 4226 1326 4267 uxo·

115 4288 157 4346 ris
170 4297 253 4348 ortus
267 4290 441 4366 cognitione,
462 4291 546 4368 cujus
560 4299 692 4350 neumam
703 4297 732 4348 et
746 4287 871 4347 officium
892 4287 994 4364 spiritu
1007 4286 1175 4365 prophetico
1190 4287 1325 4363 declarat,

115 4385 147 4426 v.
163 4371 212 4427 23.
256 4368 327 4443 Nec,
343 4370 457 4428 siccati
475 4370 631 4446 primorum
652 4377 804 4446 parentum
824 4374 890 4445 post
910 4374 1060 4443 peccatum
1075 4364 1210 4426 dicuntur
1223 4368 1326 4444 aperti,

113 4455 149 4504 ut
163 4457 373 4524 cognoscerent
387 4469 417 4508 se
432 4449 542 4524 nudos;
565 4450 694 4527 sequitur
704 4449 760 4508 hoc
774 4455 859 4506 antea
871 4447 1030 4523 ignorasse,
1040 4445 1109 4522 quia
1119 4446 1211 4524 aperti
1225 4446 1325 4505 dicun-

113 4534 171 4599 tur,
187 4547 247 4586 non
262 4535 348 4604 prout
362 4537 443 4587 erant
457 4529 545 4588 creati
558 4547 577 4586 a
591 4528 663 4603 Deo,
686 4527 738 4586 sed
760 4534 847 4605 prout
868 4526 1014 4585 obscurati
1027 4525 1140 4585 fueram
1159 4545 1177 4584 a
1192 4525 1325 4603 Diabolo,

115 4607 166 4681 qui
183 4626 235 4684 spe
251 4607 379 4668 scientiae
393 4618 423 4666 et
437 4607 587 4684 dignitatis
607 4608 714 4666 divina
729 4627 779 4666 eos
792 4609 958 4682 lactaverat,
975 4625 1063 4683 aqua
1082 4613 1149 4684 post
1161 4605 1274 4684 lapsum
1295 4626 1327 4666 se

115 4686 264 4745 excidisse
279 4684 393 4746 funesta
407 4687 585 4764 experientia
598 4687 768 4748 didicerunt.
810 4687 1005 4765 Agnoveruut
1018 4705 1088 4763 ergo
1103 4705 1134 4744 se
1145 4707 1208 4746 esse
1223 4685 1326 4762 nudos,

1071 4771 1089 4824 2
1105 4785 1124 4823 o

149 1481 243 1530 Fontes
255 1483 323 1529 Solu·

183 1542 289 1587 tlonnxn.
