3158 5180
121 335 237 386 Quaen.
252 315 309 396 vn]
483 400 489 412 Ι
632 338 671 381 nn
686 338 863 381 cnesrioss.
1274 323 1331 380 401

118 475 166 536 tio
181 477 316 555 Expsnsi
326 477 362 537 fit
376 479 503 538 seeundo
516 480 571 540 hoo
585 479 641 556 die,
656 489 685 540 et
699 481 846 562 adaptatio
860 483 924 562 ejus
938 483 976 542 nd
995 483 1169 561 separandas
1183 499 1273 559 equas
1294 481 1331 542 eb

118 557 217 634 aquis,
233 577 267 616 su
304 577 353 617 ras
367 558 405 617 ab
418 557 525 619 inferis.
569 561 638 620 “Et
651 561 727 622 dixit
741 563 830 638 Deus,
846 563 883 622 sn
898 563 1067 642 Expansum
1081 561 1221 622 inmedio
1242 581 1330 638 sque·

118 655 201 712 rum,
213 635 254 696 Et
278 639 355 697 sciat
369 638 582 699 distinctionem
597 641 673 700 inter
684 661 775 720 aquas
789 651 818 704 et
832 645 951 722 aquas,''
967 665 995 704 v.
1011 647 1039 704 6.

223 771 229 784 ,
428 717 470 777 X.
502 719 638 780 Alterum
662 741 734 798 opus
761 723 846 782 istius
870 724 928 783 diei
954 721 1017 798 fuit,
1048 723 1158 782 Dioisa‘o
1186 742 1328 799 aquarum

115 769 147 814 ρ’
170 769 273 874 Μᾞ
293 786 366 830 aque
386 798 566 936 pppplriorum
590 801 628 858 ab
649 801 839 880 inferioribus,
865 803 904 863 id.
920 803 1040 862 nubium
1061 801 1223 862 extantium
1243 821 1329 880 supra

389 877 395 891 '
468 898 514 936 sm
529 881 650 958 expansi
669 891 788 959 partem,
804 882 841 941 sb
862 883 953 960 aquis,
969 901 1034 960 quse
1058 882 1137 941 infra-
1158 883 1328 959 Expensum

116 962 208 1014 terrea
222 955 382 1034 permixtae,
398 965 428 1017 et
441 959 523 1018 velut
543 960 730 1038 circumfusae,
745 961 920 1022 indistinctae
941 981 1032 1040 usque
1054 963 1091 1020 sd
1112 962 1230 1022 tertium
1251 961 1328 1020 diem

122 1091 149 1136 A
282 1090 320 1135 m
387 1035 475 1097 fluere.
524 1041 623 1116 Aquae
645 1041 722 1098 enim
745 1043 904 1118 supm‘ores
925 1061 984 1101 non
1007 1042 1064 1100 elio
1085 1061 1172 1119 quem
1191 1043 1233 1100 ad
1244 1043 1328 1100 nudes

149 1102 359 1195 eres*
550 1198 847 1275 t,
860 1201 1313 1278 n

114 1271 209 1333 bileus
231 1272 463 1352 interpretantur,
489 1277 536 1336 Ps.
552 1277 607 1338 civ.
623 1281 650 1354 3,
676 1281 694 1313 “
706 1279 902 1340 Contebulans
924 1280 1007 1358 equis
1022 1221 1178 1340 Coenaddla
1198 1300 1258 1356 sua,
1273 1299 1324 1358 po-

115 1372 195 1412 nens
209 1353 302 1413 nubes
315 1353 346 1412 in
361 1356 526 1416 vehiculum
540 1359 654 1434 suum,'’
670 1359 710 1418 Et
723 1359 793 1420 Job.
808 1361 890 1420 xxvi.
906 1363 933 1436 8,
952 1364 970 1396 “
981 1359 1161 1437 Constringit
1182 1380 1273 1438 eques
1294 1361 1325 1418 in

113 1433 248 1492 nubibus
263 1433 332 1508 suis,
347 1433 389 1493 its
402 1444 507 1496 utnon
521 1438 669 1498 scindatur
681 1439 773 1498 nubes
788 1440 842 1500 sub
856 1441 927 1518 ipsis
938 1441 967 1518 ;’'
988 1441 1010 1502 J
1012 1455 1051 1500 er.
1066 1461 1096 1500 x.
1113 1443 1159 1516 13,
1177 1440 1257 1499 “Ad
1273 1461 1324 1499 vo·

113 1533 184 1571 eem
199 1513 250 1572 dat
262 1513 477 1575 multitudinem
490 1537 572 1595 equae
585 1519 617 1576 in
630 1519 720 1595 ooelis,
736 1528 766 1579 et
778 1521 933 1580 escendere
947 1521 1016 1580 fecit
1029 1541 1152 1599 vapores
1166 1540 1184 1579 s
1196 1519 1254 1579 fine
1268 1529 1324 1580 ter·

112 1593 189 1650 roa.”
233 1593 424 1653 Confinnetur
438 1615 475 1655 ex
489 1597 552 1674 ipsa
561 1599 681 1658 nubium
689 1607 800 1676 nature,
811 1619 875 1676 quse
886 1601 960 1660 nihil
967 1598 1049 1660 eliud
1058 1610 1133 1676 sunt,
1144 1619 1231 1679 quam
1242 1620 1325 1678 uquae

112 1672 149 1728 vi
162 1671 269 1732 'caloris
283 1672 411 1734 diuturni
425 1686 596 1754 evaporetae,
612 1686 641 1737 et
654 1677 760 1755 frigore
780 1679 855 1739 eteris
869 1699 968 1740 nrrsus
989 1690 1137 1755 concrete,
1153 1701 1232 1758 quas,
1248 1679 1323 1740 Plin.

113 1751 172 1810 lib.
186 1753 227 1811 iii.
242 1773 267 1810 e.
284 1755 310 1828 1,
327 1774 417 1831 aquas
437 1757 467 1814 in
480 1759 547 1817 ech>
566 1767 669 1816 stantes
683 1767 777 1818 voest.
831 1760 963 1836 Denique
978 1760 1078 1818 Moses
1099 1780 1190 1839 aquas
1210 1769 1322 1820 tentum

115 1831 251 1909 duplices
264 1832 342 1908 fecit,
358 1835 527 1912 superiores,
543 1846 572 1896 et
586 1837 754 1898 inferiores:
775 1838 876 1898 Nubes
889 1849 994 1914 autem,
1007 1859 1071 1916 quse
1086 1849 1154 1900 sunt
1164 1861 1255 1917 aquae,
1265 1858 1324 1898 non

115 1921 244 1988 possunt
256 1933 319 1972 esse
333 1913 482 1974 inferiores
494 1939 501 1992 ;
523 1917 603 1996 Ergo
617 1937 734 1977 neeesse
749 1926 793 1976 est
806 1925 839 1976 ut
852 1918 889 1976 ed
898 1918 1059 1998 superiores
1073 1917 1252 1978 referantur:
1274 1918 1323 1976 Li·

117 1999 172 2049 cet
184 1992 256 2050 enim
269 1993 419 2054 inferiores
432 1997 544 2073 possint
557 1997 616 2056 dici
630 1997 813 2073 originaliter,
829 2007 859 2056 et
872 1999 1051 2073 terminatius,
1067 1998 1136 2074 quia
1149 2018 1187 2056 ex
1201 1998 1265 2056 loeo
1279 1999 1322 2055 i'n-

114 2070 217 2128 feriori
231 2072 341 2132 oductae
356 2083 430 2152 sunt,
446 2095 504 2135 non
519 2085 586 2137 sunt
599 2085 696 2137 tamen
709 2077 866 2153 mliecdve„
877 2086 908 2137 et
919 2077 1030 2136 rationo
1041 2079 1123 2152 situs,
1135 2077 1322 2155 quandosur·

114 2169 184 2208 snm
198 2161 306 2211 eveotae
320 2163 397 2214 sunt.

441 2237 500 2298 XI.
524 2239 678 2319 Perperam
689 2259 758 2318 ergo
770 2240 936 2318 Lutherani,
948 2250 1015 2320 post
1044 2241 1177 2318 lerosque
1188 2235 1322 2298 Scholas-

380 2317 461 2394 ticos,
476 2319 623 2380 finxerunt
636 2341 726 2398 aquas
739 2323 949 2398 superserere,
972 2329 1005 2380 ut
1040 2320 1207 2380 'ffieiliorem
1222 2339 1322 2378 ascen·

379 2398 489 2457 sionem
504 2400 611 2460 Christi
625 2409 654 2460 et
667 2400 796 2460 fidelium
816 2401 847 2459 in
866 2401 971 2460 coelum
992 2401 1131 2477 reddant3
1155 2400 1227 2458 Cum
1247 2399 1322 2458 tales

110 2492 199 2554 squas
220 2477 294 2536 nulli
307 2478 373 2537 usui
387 2497 449 2537 esse
463 2480 583 2556 possint,
606 2501 660 2539 neo
680 2481 717 2539 ed
737 2481 965 2558 refrigerendum
986 2481 1124 2540 coelorum
1145 2489 1175 2539 et
1195 2479 1321 2538 siderum

110 2555 258 2633 ardorem,
280 2555 442 2635 qui'nnllus
456 2567 500 2619 est
514 2559 544 2617 in
558 2559 637 2638 ipsis,
659 2581 713 2620 neo
726 2561 764 2620 ad
778 2561 1024 2639 comprimendum
1039 2561 1136 2636 coelos,
1159 2578 1199 2618 ne¹
1209 2559 1320 2618 violen-

12 2707 13 2720 ,
110 2637 158 2696 tie
171 2646 323 2697 ventorum
339 2638 441 2715 agitati
455 2639 600 2716 vacillent,
617 2642 658 2700 sie
672 2639 748 2699 eni'm
769 2663 787 2700 a
801 2641 865 2700 Deo
878 2639 984 2700 firmati
998 2651 1066 2700 sunt
1080 2641 1164 2700 orbes
1179 2641 1319 2714 coelestes,

108 2726 146 2776 ut
162 2718 243 2776 nulla
263 2727 415 2777 ventorum
428 2719 459 2776 vi
473 2729 580 2796 queant
593 2720 697 2796 luxeri,
719 2722 777 2780 imo
791 2721 918 2780 utnulla
931 2721 968 2779 ed
990 2741 1039 2780 eos
1053 2741 1145 2799 usque
1166 2721 1320 2798 pertinget·

110 2797 179 2856 Nec
193 2798 219 2856 si
232 2818 316 2875 aquea
330 2797 462 2875 quaedsm
475 2797 611 2859 dicuntur
623 2821 713 2877 supra
726 2805 831 2877 coelam,
848 2802 896 2860 Ps.
912 2801 1014 2860 cxlviii
1028 2805 1056 2877 4,
1080 2801 1177 2860 stetim
1192 2809 1259 2859 sunt
1273 2820 1320 2858 su-

108 2897 168 2954 pra
182 2878 288 2938 ooelum
302 2879 466 2953 aethereum,
489 2879 540 2938 sed
554 2899 641 2957 supra
654 2888 778 2956 nereum,
800 2880 879 2958 quod
892 2881 999 2957 passim
1014 2879 1119 2939 eoelum
1134 2880 1220 2938 etiam
1234 2899 1320 2937 voca·

108 2965 171 3016 tm.
214 2958 276 3017 Nec
291 2955 322 3016 si'
329 2958 421 3017 nubes
431 2979 494 3018 esse
508 2979 566 3018 non
579 2970 701 3038 possunt
714 2961 744 3018 in
759 2961 840 3036 coelo,
856 2961 913 3018 nisi
926 2980 977 3037 por
993 2959 1069 3017 Solis
1083 2957 1283 3017 attractionem
1292 2959 1322 3015 in

108 3047 222 3096 narare
235 3039 383 3097 corntitnta
390 3062 403 3112 ,·
423 3041 553 3117 sequitur
565 3060 624 3099 non
644 3041 773 3118 potuisse
787 3041 895 3099 elevari
909 3037 1135 3097 extraordinarie
1150 3057 1167 3095 a
1181 3039 1244 3096 Deo
1260 3039 1321 3096 sine

112 3117 185 3176 Sole
199 3118 230 3176 in
243 3125 350 3178 natura
363 3121 561 3180 cotemnenda.
604 3120 687 3179 Licet
700 3128 797 3179 eutem
812 3118 945 3177 dieantur
956 3137 1047 3193 supra
1061 3119 1240 3193 Espamem,
1262 3135 1321 3174 non

111 3199 216 3258 statim
235 3198 342 3258 debent
354 3197 443 3258 fuisse
464 3220 551 3277 supra
564 3209 654 3259 totsm
674 3199 857 3258 latitudinem
876 3197 1014 3274 Expsnsi,
1038 3196 1090 3254 sed
1103 3216 1190 3274 supra
1209 3204 1320 3272 portem

111 3278 199 3354 ejus:
221 3279 286 3337 Imo
300 3298 359 3336 non
373 3285 431 3336 tam
446 3279 580 3339 dicuntur
589 3281 677 3339 fixisse
687 3300 777 3356 supra
791 3281 971 3355 Enpcnsnm,
986 3297 1043 3353 seps
1055 3278 1085 3336 ts
1099 3295 1186 3353 quem
1201 3279 1321 3352 desuper

110 3357 257 3434 Eoepanso
270 3365 340 3438 ,sp-t
353 3365 409 3435 bes,
425 3369 458 3418 ut
471 3361 607 3419 innuatur
627 3379 685 3417 non
699 3368 816 3419 evectas
836 3357 924 3418 fuisse
939 3377 1030 3436 eques
1044 3376 1131 3434 supra
1144 3365 1237 3416 totum
1259 3357 1319 3415 Ex·

110 3457 246 3514 pensum,
268 3448 302 3499 ut
315 3449 407 3500 totum
422 3449 499 3499 esset
512 3440 595 3518 equis
609 3437 737 3517 inferius,
760 3435 929 3499 sed'fuissse
949 3445 1065 3497 evectas
1080 3457 1202 3512 sursum,
1217 3445 1249 3496 ut
1263 3457 1321 3496 una

110 3535 179 3576 eum
195 3519 335 3597 Expanso
349 3528 446 3580 essent
470 3540 557 3597 supra
577 3528 606 3578 ct
630 3517 760 3598 desuper,
782 3521 879 3599 potius
900 3527 1033 3596 respectu
1051 3518 1152 3594 nostri,
1174 3537 1261 3594 qusm
1276 3538 1319 3577 re·

110 3607 214 3675 spectu
227 3600 318 3660 totius
339 3600 479 3678 Expansi
521 3599 654 3676 Denique
675 3610 828 3660 catcrocw
850 3601 998 3676 cereum,
1022 3597 1096 3658 Gen.
1118 3598 1169 3656 vii.
1186 3601 1232 3672 11,
1254 3618 1320 3674 quae

110 3679 257 3756 perruptis
278 3681 411 3740 claustris
432 3679 587 3738 maximam
604 3681 684 3738 illem
705 3701 844 3759 aquarum
857 3681 918 3738 vim
938 3679 1128 3757 profuderunt
1148 3678 1178 3734 in
1199 3677 1319 3751 diluvio,

111 3757 219 3834 qussrus
238 3759 319 3838 prior
332 3761 457 3820 mundus
477 3760 598 3819 obrutus
618 3761 720 3837 periit;
742 3782 800 3820 non
822 3760 901 3819 eliud
921 3767 1031 3833 notant,
1054 3777 1141 3834 quem
1156 3756 1318 3832 copiosissi-

109 3855 175 3897 mos
189 3835 297 3898 imbres
311 3840 580 3921 metaphoricequi
593 3860 631 3899 ex
645 3840 771 3900 nubibus
785 3839 883 3898 densis
897 3838 1089 3932 defluxerunt.
1249 3913 1294 3971 'ns

112 3953 357 4075 demitti·
374 3919 487 4061 all
490 3919 526 4059 ¹132
536 3921 634 4060 llll„
642 3918 1028 4075 ltrttff'tttttdat'tl
1028 3925 1063 4052 ⁶?
1065 3933 1317 4070 willel,

200 4087 265 4119 mm.
375 4090 409 4141 ut
422 4090 498 4141 terra
511 4081 548 4140 sb
563 4081 599 4140 iis
612 4079 741 4154 liberata,
764 4087 863 4155 aptum
878 4097 911 4135 ao
926 4075 1101 4136 conveniens
1115 4073 1317 4150 animantibus,

112 4175 146 4215 sc
165 4161 327 4236 proesertim
346 4162 520 4236 hominibus,
542 4179 615 4238 quos
636 4169 783 4218 creaturus
804 4167 873 4230 erat,
894 4155 1071 4214 domicilium
1090 4160 1174 4228 esset,
1195 4172 1281 4229 quam
1302 4175 1320 4212 a

111 4239 286 4316 proprietate
307 4241 398 4318 ipsius
423 4241 653 4301 characteristica
673 4240 787 4298 aridam
805 4237 930 4312 vocavit,
951 4233 1059 4294 relictis
1079 4241 1176 4292 tamen
1197 4232 1319 4314 disposi-

111 4319 205 4396 tisque
230 4321 337 4397 partim
362 4322 483 4381 occultis
511 4329 540 4380 et
561 4319 753 4379 subterraneis
781 4316 923 4376 meatibus
947 4315 1039 4374 veluti
1062 4313 1149 4388 tubis,
1171 4333 1223 4393 per
1246 4333 1319 4393 quos

111 4419 252 4476 perennes
275 4399 398 4460 sontium
423 4401 570 4476 scatebrae,
594 4409 623 4460 et
646 4419 752 4477 magne
776 4397 896 4458 flumina
915 4393 1069 4474 irrigandis
1090 4394 1174 4454 terris
1195 4413 1232 4452 ex
1253 4413 1318 4453 vas-

110 4479 223 4540 tissimo
238 4479 290 4540 illo
304 4481 490 4540 collectarum
505 4499 643 4559 equarum
657 4479 870 4558 conceptaculo,
890 4476 969 4555 quod
982 4495 1060 4535 mare
1080 4483 1214 4549 vocatur,
1225 4493 1318 4532 erum-

110 4569 189 4637 pant.
234 4560 297 4621 Nec
318 4559 402 4620 facile
416 4561 531 4620 admitti
551 4569 654 4638 potest,
670 4561 748 4638 quod
763 4559 937 4637 quibusdam
957 4555 1073 4635 placuit,
1096 4575 1169 4633 opus
1182 4553 1261 4613 istud
1282 4555 1320 4614 ad

109 4639 271 4700 secundum
292 4639 374 4700 diem
384 4643 535 4719 pertinere,
557 4649 590 4700 ut
603 4659 654 4720 per
667 4641 840 4720 hysterosim
861 4640 909 4702 hio
922 4645 1093 4782 apponetup,
1111 4635 1250 4712 reddique
1269 4635 1318 4699 dc·

1099 4735 1115 4778 c
