3158 5180
250 328 310 388 410
728 344 819 386 aoous
833 343 969 395 omerus.
1247 323 1376 407 [curaer.
1391 347 1454 392 vm.

248 485 471 563 nonpeecassel,
481 482 560 561 qnod
574 491 766 544 commentum
780 484 835 546 fuit
844 483 956 562 Pelagii
967 494 997 544 et
1009 484 1116 562 Socini,
1130 503 1148 544 a
1162 485 1354 546 Praeadamita
1366 487 1456 568 adep-

248 575 349 642 tatum,
366 575 465 625 contra
480 583 618 641 expresse
631 564 717 624 Pauli
729 565 827 640 verba,
850 564 901 643 qui
923 572 1043 624 mortem
1066 585 1118 644 per
1131 575 1280 643 peceatum
1295 567 1459 644 ingressam

249 665 312 704 esse
326 647 437 722 asserit,
460 645 545 704 Rom.
560 665 589 703 v.
607 648 653 719 12,
679 653 708 703 et
730 645 851 722 opsonia
873 645 984 720 peccati
1007 665 1072 704 esse
1094 653 1223 720 mortem,
1250 647 1335 706 Rom.
1351 647 1391 707 vi.
1407 651 1458 710 23.

250 726 403 802 Perperam
419 725 506 784 etiam
519 723 639 801 fingitur
648 723 710 782 dari
724 725 843 802 aliquod
851 733 1009 802 peecatum,
1020 724 1098 802 quod
1109 745 1167 784 non
1176 725 1214 784 sit
1222 735 1322 784 eontra
1336 726 1459 804 Legem,

247 824 312 864 cum
326 806 399 864 nihil
413 804 493 864 aliud
507 805 544 863 sit
558 825 646 881 quam
659 805 764 881 despui,
784 813 814 864 et
833 811 955 863 mortem
968 804 1032 864 dari
1052 824 1116 881 quae
1138 824 1197 863 non
1211 805 1248 863 sit
1261 805 1374 884 legalis,
1391 828 1459 866 curn

247 904 305 944 non
319 886 443 960 alinnde,
459 903 546 961 quam
561 904 599 943 ex
613 884 644 942 vi
658 885 755 962 Legis,
777 885 898 963 ejusque
918 886 1065 958 sanctione
1079 884 1267 944 constitutum
1282 885 1320 944 sit
1333 886 1460 946 homini·

247 964 302 1024 bus
313 965 402 1024 semel
416 965 497 1024 mori.

287 1044 378 1104 VIII.
402 1045 520 1121 Quarto,
537 1043 679 1102 Homines
693 1051 834 1105 uocantur
866 1059 978 1105 neem
991 1043 1052 1124 filii
1072 1043 1184 1119 Adurni,
1210 1044 1287 1104 Psal.
1302 1045 1377 1106 xlix.
1393 1049 1412 1104 2
1428 1057 1460 1107 et

249 1125 314 1184 lxii.
330 1127 358 1202 9,
374 1133 404 1184 et
424 1124 495 1184 alibi
516 1123 633 1202 passim.
676 1124 757 1200 Ergo
770 1123 904 1185 Adamus
917 1125 1027 1203 primus
1040 1144 1144 1201 parens
1158 1123 1213 1182 fuit
1227 1125 1364 1184 omnium.
1396 1127 1461 1186 Nec

250 1205 307 1264 diei
321 1213 417 1283 potest
427 1206 448 1265 J
450 1204 549 1264 udaeos
563 1205 641 1263 solos
652 1205 731 1282 filios
745 1205 852 1264 Adami
864 1205 922 1264 dici
936 1205 967 1263 in
980 1203 1129 1282 singulari,
1145 1203 1278 1264 Gentiles
1292 1225 1362 1263 vero
1379 1205 1459 1265 Ρη·-

248 1283 389 1344 adamitae
403 1285 461 1344 diei
477 1285 556 1364 filios
575 1284 716 1344 bominum
737 1284 769 1342 in
795 1284 908 1362 plurali,
932 1305 967 1344 ec
988 1284 1067 1362 quod
1081 1284 1221 1362 originem
1236 1303 1318 1342 suam
1339 1283 1460 1364 ducant,

247 1383 305 1422 non
320 1364 357 1423 ab
370 1385 429 1424 uno
442 1364 566 1439 homine,
583 1363 634 1422 sed
648 1383 666 1420 a
678 1364 809 1441 pluribus
823 1365 922 1441 primae
944 1363 1096 1424 creationis
1109 1363 1293 1442 homnibus,
1317 1364 1393 1440 Quia
1407 1385 1461 1443 ap-

248 1444 367 1521 pellatio
386 1445 442 1504 ista
461 1444 586 1503 filiorum
600 1443 873 1520 Adampromiseue
887 1445 1023 1504 tribuitur
1036 1455 1066 1503 ct
1079 1445 1101 1503 J
1102 1443 1192 1503 udeeis
1207 1451 1236 1501 et
1250 1442 1406 1520 Gentibus,
1428 1448 1461 1503 et

248 1523 274 1584 si
288 1524 403 1602 qnando
416 1525 470 1584 filii
494 1524 643 1584 homiuum
666 1532 807 1585 vocanttn
826 1525 857 1582 in
880 1524 994 1602 plurali,
1017 1544 1075 1583 non
1090 1523 1147 1582 alia
1160 1521 1193 1582 fit
1206 1522 1243 1581 de
1257 1543 1354 1599 eausa,
1370 1544 1461 1600 quarn

249 1604 317 1680 quie
331 1604 481 1680 respicitur
495 1603 532 1662 ad
547 1623 649 1663 causas
662 1603 855 1680 intermediae,
877 1613 907 1662 et
920 1605 1121 1681 generationes
1135 1612 1298 1680 sequentes,
1313 1623 1373 1660 non
1387 1624 1461 1664 vero

251 1682 288 1741 ad
303 1682 423 1760 primam
439 1684 556 1760 stirpem
571 1691 684 1742 tantum
695 1683 809 1760 generis
822 1685 950 1752 humani.

286 1761 346 1821 IX.
370 1763 485 1838 Quinto,
503 1763 535 1822 Si
549 1763 691 1822 innumeri
705 1764 836 1824 homines
860 1773 926 1824 ante
951 1763 1098 1822 Adamum
1122 1761 1231 1822 conditi
1244 1761 1377 1838 fuissent,
1399 1783 1461 1824 non

246 1860 319 1919 opus
332 1843 435 1902 fuisset
448 1843 551 1902 iterata
564 1843 695 1902 homines
710 1863 747 1902 ex
761 1844 880 1921 pulvere
894 1845 1046 1918 creatione,
1069 1863 1134 1902 eum
1149 1841 1294 1901 ordinaria
1308 1845 1460 1919 generatio

245 1921 361 1982 abunde
375 1922 504 1982 sufficere
518 1923 678 2002 potuisset,
694 1923 756 1982 Nee
771 1923 828 1982 dici
841 1923 991 2001 potuisset,
1006 1943 1064 1996 non
1080 1922 1229 1981 inventum
1243 1921 1333 1982 luisse
1347 1923 1461 1982 homini

247 2001 424 2078 adjutorium
433 2001 526 2061 simile
535 2003 600 2080 ipsi,
612 2003 787 2080 simyrisdcs
795 2003 946 2062 mulierum
952 2004 1014 2079 jam
1026 2002 1205 2076 extitissent;
1217 1999 1278 2060 Nec
1288 2001 1377 2062 homo
1388 2001 1460 2062 fuis·

248 2089 292 2140 set
306 2083 393 2156 solus,
409 2090 442 2140 ut
456 2081 561 2141 dicitur
574 2083 604 2141 ii.
622 2085 668 2142 18.
684 2083 745 2142 Nec
765 2091 826 2142 turn
840 2082 955 2141 demum
972 2081 1103 2140 Ademus
1117 2082 1235 2140 nomina
1247 2081 1351 2140 bestiis
1364 2081 1457 2162 impo-

249 2179 318 2220 nere
324 2161 431 2237 debuit,
440 2163 508 2238 quia
514 2161 720 2236 Praecdamitaa,
731 2162 837 2238 quibus
840 2161 1006 2238 jammultis
1012 2169 1079 2220 ante
1085 2161 1191 2220 seculis
1197 2161 1381 2220 commissum
1390 2162 1459 2221 fnis-

249 2249 294 2299 set
307 2240 337 2297 in
351 2241 459 2299 bestias
470 2241 629 2317 imperium,
645 2260 695 2299 eas
709 2239 898 2316 proculdubio
908 2241 972 2318 jam
985 2239 1100 2302 nomine
1114 2239 1211 2317 aliquo
1225 2239 1457 2318 insignivissent.

285 2319 328 2376 X.
351 2319 492 2395 Demque,
511 2319 542 2377 Si
556 2329 622 2378 ante
638 2318 784 2378 Adamum
797 2321 941 2379 innumeri
954 2320 1086 2388 homines
1099 2319 1278 2395 extiterunt;
1301 2319 1382 2398 Ergo
1403 2342 1455 2380 no·

244 2417 300 2456 vus
316 2397 453 2473 Mundus,
469 2407 498 2456 et
511 2417 589 2456 nova
603 2397 742 2472 Ecclesia,
759 2405 789 2456 et
802 2417 878 2457 nova
887 2399 990 2458 salutis
1000 2399 1192 2478 adipiscenda
1206 2397 1289 2474 ratio,
1304 2419 1358 2477 pro
1372 2401 1458 2460 novis

242 2477 306 2534 istis
320 2475 485 2535 hominibus
507 2476 700 2553 excogitanda
717 2477 784 2552 erit,
811 2497 876 2536 curn
899 2487 961 2538 tota
974 2479 1077 2540 salutis
1090 2479 1222 2538 humanae
1237 2479 1400 2538 oeconomia
1419 2481 1458 2542 cd

243 2554 352 2614 Adami
365 2564 504 2632 posteros,
519 2576 579 2615 non
592 2556 630 2615 ad
644 2564 760 2633 gentem
775 2556 1031 2620 Praedamitarum
1044 2559 1193 2636 pertineat.
1237 2557 1310 2617 Cum
1325 2579 1406 2636 crgo,
1428 2568 1457 2620 ct

244 2635 338 2694 Mosis
351 2635 479 2710 historia,
506 2643 536 2695 et
557 2637 692 2694 universa
716 2636 872 2714 Scriptura
898 2646 928 2696 et
949 2647 1030 2698 recta
1049 2637 1122 2696 ratio
1137 2636 1274 2716 figmento
1285 2637 1354 2698 huic
1368 2637 1455 2699 reira-

243 2723 366 2792 gentur;
388 2723 421 2774 ut
435 2723 464 2774 ct
479 2717 618 2775 Gentium
632 2736 721 2792 prope
743 2717 871 2775 omnium
886 2737 1051 2794 consensus,
1075 2715 1153 2795 apud
1166 2737 1239 2794 ques
1252 2718 1381 2778 hominis
1394 2719 1453 2796 pri·

243 2795 283 2852 mi
298 2795 443 2870 memoria,
458 2795 527 2854 licet
540 2795 619 2854 varie
634 2803 776 2872 corrupta,
790 2805 818 2854 et
829 2796 941 2858 fabulis
953 2797 1052 2856 multis
1064 2798 1216 2856 obscurata
1227 2795 1344 2872 sitnon
1358 2807 1455 2858 tamen

242 2893 361 3012 prorsus
375 2875 527 2934 obliterata
541 2884 570 2934 at
583 2875 679 2935 deleta
697 2875 768 2951 fuit;
792 2877 884 2936 Nemo
906 2897 966 2950 non
985 2876 1065 2936 videt
1079 2876 1136 2955 piis
1158 2877 1292 2935 omnibus
1317 2885 1454 2954 tanquam

255 2954 429 3014 alsissimum
444 2963 473 3014 ct
487 2955 615 3033 impium,
639 2955 718 3032 quod
731 2975 790 3014 non
805 2956 862 3014 elio
883 2957 984 3031 tendit,
1007 2977 1094 3032 quam
1108 2955 1145 3014 ad
1160 2955 1299 3016 Historiae
1314 2956 1454 3018 Mosaicae

243 3035 403 3110 veritatem,
419 3043 448 3094 et
461 3035 553 3094 Verbi
567 3035 659 3094 divini
671 3036 795 3096 abanim
813 3036 1040 3112 convellendam,
1065 3045 1095 3098 et
1118 3035 1302 3114 Religionem
1324 3047 1452 3098 nostram

242 3115 368 3174 ludibrio
383 3115 592 3194 exponendam,
608 3116 709 3174 merito
723 3115 911 3194 rejiciendum
926 3135 997 3174 esse.
1097 3167 1100 3172 .

546 3195 606 3254 XI.
629 3195 735 3255 Vestes
757 3203 786 3254 et
808 3195 912 3256 tunicae
934 3195 1072 3272 pelliceae,
1088 3213 1161 3271 quas
1181 3193 1316 3253 Adamus
1338 3203 1369 3254 ct
1390 3196 1454 3256 Eva
1567 3171 1568 3260 l

263 3260 354 3306 Fontes
365 3261 470 3306 Solutlo-

330 3333 396 3362 num.
505 3362 566 3414 tum
581 3353 717 3413 coriarios
731 3363 760 3413 et
774 3355 932 3431 pelliones:
954 3353 1022 3431 quia
1037 3353 1118 3414 Deus
1132 3353 1237 3414 dicitur
1257 3354 1329 3430 ipsis
1351 3354 1452 3414 fecisse

505 3283 571 3352 poet
591 3283 741 3352 peccatum
763 3283 920 3352 gestanmt,
935 3295 994 3332 non
1016 3275 1154 3333 evincunt
1176 3273 1259 3332 datos
1282 3273 1373 3334 fuisse
1391 3276 1452 3354 jam
1567 3283 1568 3310 ³

242 3430 407 3490 immedIate
420 3432 534 3490 tunicas
548 3433 613 3490 illas
627 3451 665 3490 ex
678 3433 804 3510 pellibus
818 3434 992 3509 animalium,
1005 3434 1079 3494 Gen.
1093 3432 1135 3491 iii.
1151 3436 1199 3491 21.
1222 3433 1262 3493 Et
1277 3433 1301 3494 ei
1313 3433 1377 3511 jam
1393 3443 1453 3495 turn
1567 3481 1568 3484 η

241 3511 380 3586 temporis
393 3510 482 3568 moris
495 3510 551 3570 fuit
563 3511 690 3588 pellibus
704 3513 793 3587 indui,
808 3515 866 3574 Gur
875 3513 1008 3584 Adamus
1022 3521 1052 3572 et
1066 3515 1132 3572 Eva
1144 3511 1215 3572 nudi
1231 3518 1453 3574 romanserunt?

241 3588 282 3647 Et
295 3589 366 3670 quid
387 3610 459 3668 opus
480 3589 543 3664 fuit,
557 3598 711 3667 postquam
732 3592 891 3654 nuditatem
913 3613 995 3654 suam
1016 3599 1223 3670 cognoverunt,
1238 3591 1366 3652 ficulnea
1386 3614 1452 3654 oon·
1567 3645 1568 3686 ,

241 3689 324 3728 suere
339 3669 416 3746 folia,
432 3669 537 3746 quibus
552 3690 615 3729 eam
629 3679 768 3748 tegerent,
785 3693 850 3731 cum
864 3673 948 3732 facile
963 3681 1059 3732 vestes
1073 3671 1190 3730 aliunde
1211 3670 1267 3730 sibi
1288 3673 1453 3749 potuissent

243 3752 432 3889 mlldlllaboi?
443 3827 576 3889 Adamas
596 3829 674 3890 bona
694 3831 762 3890 filiis
784 3831 845 3893 suis
867 3831 974 3890 adultis
997 3830 1105 3906 diuisit,
1121 3831 1191 3906 dum
1212 3839 1304 3890 terras
1325 3831 1453 3895 arandae

240 3908 321 3968 dedit
335 3911 436 3984 Caino,
459 3918 488 3969 et
501 3909 590 3969 Abeli
611 3931 682 3970 oves
701 3911 869 3988 pascendas,
885 3910 1042 3970 dividendo
1055 3913 1106 3986 jas
1118 3911 1199 3988 fecit,
1215 3930 1273 3969 non
1293 3911 1407 3984 incenit,
1422 3921 1451 3970 et
1567 3895 1568 3936 3

238 3987 316 4046 bona
330 3989 430 4048 divisit
444 3997 555 4048 tentum
570 3990 644 4048 inter
657 3990 742 4065 filios,
758 4009 816 4048 non
835 3991 889 4050 hos
910 3991 947 4050 ab
968 3991 1033 4050 aliis
1047 3989 1211 4066 allophylis,
1228 3990 1355 4068 quitum
1371 3991 1451 4050 vive-

240 4077 312 4142 rent,
329 4069 482 4146 separavit.
528 4069 612 4128 Unde
626 4070 718 4145 liquet
731 4069 839 4146 primos
853 4089 904 4128 eos
917 4069 1005 4130 fuisse
1019 4079 1085 4146 post
1099 4069 1254 4146 Adamum,
1270 4067 1322 4146 qui
1336 4090 1375 4127 ex
1390 4071 1453 4147 ejus

237 4146 345 4207 lumbis
358 4149 477 4226 egressi,
488 4149 628 4208 mundum
643 4149 766 4208 incolere
780 4158 811 4208 et
823 4150 956 4208 excolere
971 4158 1128 4226 coeperunt,
1141 4168 1206 4207 cum
1220 4157 1287 4208 ante
1301 4147 1452 4209 Adamurn

240 4224 339 4285 nullus
353 4227 467 4286 dicatur
480 4229 566 4286 homo
580 4228 712 4288 extitisse
726 4227 776 4305 qui
790 4228 898 4290 coleret
912 4238 1026 4304 terram,
1042 4229 1117 4288 Gen.
1131 4227 1161 4286 ii.
1177 4229 1205 4289 5,.

279 4305 374 4366 XIII.
399 4307 482 4366 Licet
495 4315 578 4366 extre
592 4307 712 4366 dubium
733 4309 771 4368 sit
791 4308 997 4385 agriculturam
1017 4308 1142 4384 primum
1156 4305 1224 4364 vitae
1239 4325 1334 4384 genus
1349 4306 1450 4383 fuisse,

237 4385 316 4460 quod
331 4395 457 4446 sectatus
472 4387 510 4445 sit
524 4385 657 4446 Adamue
670 4407 737 4446 cum
751 4387 827 4463 filiis,
843 4395 873 4448 et
893 4389 924 4446 in
944 4409 979 4446 ea
991 4386 1172 4464 potissimum
1188 4405 1219 4444 se
1235 4387 1401 4445 exercuerit
1422 4386 1452 4444 in

237 4465 382 4540 georgica,
398 4473 429 4523 et
442 4466 582 4540 bucolim,
598 4467 666 4543 quia
680 4467 772 4543 prima
784 4467 934 4527 hominum
955 4487 1024 4528 eura
1044 4467 1145 4526 debuit
1166 4473 1296 4542 spectare
1312 4465 1409 4542 prima
1423 4473 1453 4524 et

236 4541 362 4600 maxime
376 4545 539 4602 necessaria
551 4545 638 4622 hujus
653 4546 721 4604 vite
739 4545 922 4620 adminicula,
938 4566 1002 4624 quae
1024 4545 1169 4623 praecipue
1191 4564 1228 4610 ex
1251 4541 1305 4603 hac
1327 4553 1454 4622 utraque

234 4623 389 4694 petuntur3
413 4623 480 4680 Non
499 4633 652 4700 propterea
671 4625 890 4702 supponendum
904 4625 1001 4687 varios
1020 4634 1088 4686 ante
1103 4623 1249 4686 Adamum
1269 4621 1360 4682 fuisse
1383 4623 1454 4682 arti-
