3174 5174
126 361 241 418 aner.
255 343 305 427 n]
632 358 676 403 nn
690 361 826 404 suenus.
1275 346 1333 404 sat

126 505 298 568 edomanda
324 502 464 565 liselesies
491 502 612 564 lristorio
635 502 726 582 ratio;
757 504 845 564 simili
866 504 925 566 fere
949 503 1045 582 modo,
1069 505 1184 586 quoin
1206 503 1335 566 historiis

124 589 296 666 Regnorum
310 605 368 645 non
381 583 416 644 fit
429 603 542 663 semper
554 583 662 644 mentio
676 593 810 645 aoeurata
822 584 944 664 originis
956 585 1047 645 vieini
1059 587 1151 666 regni.

167 669 211 726 X.
234 667 332 727 Locus
345 665 368 725 J
369 665 417 725 obi
427 664 553 723 xxxviii.
569 667 596 740 6,
613 668 640 741 7,
652 664 684 722 in
696 683 755 743 quo
769 665 861 725 stelle
871 665 1029 743 matutinae,
1041 675 1071 726 et
1081 667 1152 726 Filii
1163 665 1219 726 Dei
1232 664 1333 726 dieun-

125 757 174 808 tur
195 747 348 826 jubilasse,
363 765 429 806 oum
448 744 582 804 fundaret
594 752 695 821 teram,
718 745 827 806 evincit
839 745 956 824 quidem
972 755 1083 807 oreatos
1096 747 1187 808 buseo
1204 747 1236 805 in
1255 745 1333 825 prin·

125 829 211 906 cipio,
227 835 258 887 et
271 827 370 887 statim
384 826 415 884 in
427 825 529 886 laudes
544 823 688 884 Creatoris
698 826 744 886 sui
754 825 892 904 erupisse.
928 825 988 886 sod
1000 827 1074 886 nihil
1084 847 1122 888 ex
1135 827 1187 887 illo
1199 826 1332 902 habetur,

123 909 204 967 uude
217 907 319 985 eolligi
338 906 438 984 possit,
460 923 511 964 eos
530 905 617 984 louge
631 913 698 964 ante
717 905 891 984 principium
909 907 1074 968 Monoleum
1087 907 1220 968 eonditos
1233 906 1332 966 fuisso

126 987 192 1047 Iuro
206 1007 273 1048 eum
287 986 393 1046 exinde
404 993 525 1062 constet,
537 1003 588 1045 eos
602 1003 665 1044 esse
675 994 786 1064 partem
797 985 943 1064 quandam
952 987 1100 1065 Universi,
1111 989 1186 1049 ratio
1197 985 1261 1047 dari
1272 1001 1333 1045 non

124 1076 230 1146 potest,
241 1087 331 1145 quare
344 1085 412 1144 pers
425 1066 476 1124 ills
489 1085 507 1124 o
520 1073 582 1126 toto
596 1084 649 1124 suo
662 1084 715 1144 per
727 1073 771 1126 tot
781 1066 880 1128 misle
889 1067 1028 1128 manserit
1037 1077 1187 1146 separata3
1209 1066 1249 1128 Et
1262 1063 1334 1144 quid

123 1167 199 1228 opus
219 1147 307 1208 luerit
320 1147 439 1224 spiritus
458 1145 531 1206 istos
550 1145 771 1206 ministratorios
790 1152 873 1207 tanto
892 1145 1030 1226 temporis
1050 1147 1205 1210 intervallo
1225 1161 1332 1224 ereum

123 1237 282 1308 antequam
296 1235 394 1288 essent
406 1225 445 1286 ad
458 1243 532 1305 quos
544 1224 735 1303 mitterentur,
750 1226 913 1306 quibusque
925 1227 1130 1290 ministrarent.

599 1463 793 1541 eumenio
815 1464 858 1527 11.

248 1623 1073 1706 snspuncaaroeneapseaauatemas
1094 1625 1209 1687 nam.

126 1823 331 1932 ”enee
347 1824 371 1932 e·
390 1784 727 1944 ..lumem
738 1783 1331 1944 ttnltffitttltttttu

155 1897 365 2062 maligma
390 1947 518 2086 ωιωέἰω
533 1946 627 2085 oin?
638 1887 1160 2088 ‘Pxpei’teiiihmgetqffltiffim
1192 1887 1331 2041 {rimam

126 2118 310 2182 auaeorpora
323 2044 973 2184 Angzlor'eitriiiirnebmzuqisilesasunltussoaetsrslt.
987 2107 1038 2167 lib.
1045 2047 1111 2167 loligo
1105 2045 1202 2167 (iffi
1213 2043 1332 2184 girorii&

125 2189 158 2242 et
170 2191 273 2242 sonus
286 2183 439 2246 Ptaxeem.
473 2187 548 2263 Aup.
559 2185 601 2246 lib
610 2205 661 2246 xv.
677 2185 714 2245 de
729 2185 761 2246 O.
776 2187 814 2246 D.
829 2204 855 2246 o.
870 2185 917 2264 23,
930 2195 960 2246 et
973 2195 1043 2247 tom.
1057 2187 1108 2264 iii,
1124 2185 1160 2247 de
1171 2185 1252 2247 'l'rin
1266 2186 1286 2246 l.
1301 2191 1330 2264 2,

127 2281 153 2324 u.
179 2267 207 2322 7.
228 2265 357 2326 Bauer.
379 2266 410 2325 in
430 2265 524 2326 Genti
549 2266 642 2326 uero.
659 2267 688 2326 5.
707 2267 819 2326 Autlor·
838 2266 905 2326 labri
923 2269 958 2326 de
978 2269 1073 2328 Euole.
1095 2271 1207 2344 doymo.
1229 2265 1331 2345 quiin

125 2349 196 2404 tenu
204 2343 247 2405 iii.
262 2363 381 2422 operum
396 2345 475 2424 Aug.
490 2346 646 2425 reponitur,
662 2366 687 2406 o
697 2344 744 2422 19,
754 2346 805 2424 qni
818 2355 916 2426 operte
929 2347 1031 2408 definit
1044 2345 1177 2426 Angelos
1191 2367 1255 2406 esse
1269 2361 1331 2406 eure

126 2443 249 2501 poreos3
265 2443 340 2502 quos
355 2427 481 2486 Vorsttsu
493 2426 632 2504 sequitur,
647 2423 736 2505 Apol.
753 2445 839 2504 exeg.
852 2445 915 2504 eap.
930 2429 960 2486 7.
973 2427 1106 2488 &eundo
1119 2447 1189 2488 vero
1204 2443 1331 2487 eommu-

126 2503 174 2562 nis
182 2511 235 2580 est,
248 2513 278 2564 et
286 2515 402 2585 recepta
410 2515 470 2566 tam
478 2507 556 2585 apud
564 2505 742 2583 Pontifioios,
749 2519 836 2584 quam
844 2507 923 2586 apud
928 2507 1059 2584 Nostros,
1069 2527 1156 2586 quam
1164 2507 1331 2568 retinemus.

126 2621 149 2669 2
164 2632 249 2670 ‚mm
266 2623 309 2682 qui
329 2637 371 2670 ns·
431 2587 475 2646 II.
497 2586 604 2661 Primo,
616 2585 685 2665 quia
700 2585 849 2666 Scriptura
862 2605 999 2666 expresse
1013 2597 1100 2649 voest
1112 2609 1163 2649 eos
1179 2586 1331 2666 πηΰμιτις

14 2697 16 2706 >
155 2684 223 2784 ξιτ,
240 2693 296 2740 qus
315 2695 369 2740 pro
390 2685 528 2745 quorsum
552 2675 649 2728 eutem
670 2677 844 2727 vomuntur
860 2668 992 2745 δρίήιω,
1019 2669 1045 2728 oi
1068 2671 1198 2747 corporei
1211 2671 1333 2730 essent?

189 2744 239 2784 sur.
332 2816 335 2826 Ι
389 2765 455 2806 eum
469 2745 587 2825 spiritns
601 2747 743 2825 eorporis
759 2747 900 2808 diametro
912 2757 1082 2826 opponatis,
1098 2747 1170 2808 Luo.
1184 2747 1267 2808 xxiv.
1282 2749 1332 2823 39,

126 2825 253 2903 speses
266 2847 381 2886 men
394 2836 422 2886 st
434 2847 498 2887 ossa
510 2845 567 2886 non
580 2827 669 2904 aaut
690 2827 786 2904 inquit
799 2827 940 2903 Christus,
954 2829 1026 2888 simet
1039 2829 1137 2888 videtis
1156 2847 1201 2888 me
1220 2831 1331 2890 babere.

128 2903 240 2965 Eadem
254 2906 291 2966 de
306 2921 394 2966 eausa
406 2906 569 2966 referuntur
582 2907 657 2966 inter
669 2908 704 2966 sl
717 2907 822 2988 algua,
835 2905 897 2966 Col.
912 2907 931 2966 i
945 2910 991 2984 16,
1007 2909 1105 2968 etheo
1118 2909 1206 2968 modo
1219 2909 1257 2968 ab
1270 2927 1332 2967 orn»

128 2985 215 3046 nibus
229 2985 287 3045 Dei
301 2987 435 3066 operibus
449 3007 515 3065 quse
534 2985 565 3045 in
586 3005 689 3046 sensus
709 2986 860 3046 inoumunt
873 2985 1110 3063 distinguuntur:
1132 2987 1215 3046 Lioet
1234 2997 1332 3048 autem

128 3065 224 3126 ventis
238 3075 268 3126 et
280 3065 403 3126 flemma
417 3067 495 3146 ignis
508 3075 727 3145 comparentem
741 3085 800 3125 non
808 3065 874 3124 ideo
888 3065 1018 3143 corporei
1031 3065 1147 3124 dioendi
1161 3074 1245 3143 sunt;
1260 3068 1332 3128 alies

128 3165 231 3224 eorpus
245 3155 324 3207 esset
335 3147 520 3208 tribuendum
535 3147 608 3222 Deo,
623 3146 674 3224 qui
693 3163 725 3205 se
738 3143 802 3204 istis
816 3143 987 3205 adumbrare
1000 3143 1095 3204 voluit
1108 3163 1185 3224 ssspe
1198 3145 1333 3208 similitu·

128 3225 245 3286 dinibus
257 3249 265 3303 ς
286 3225 340 3286 aed
360 3227 510 3304 analogice
524 3227 566 3288 iu
579 3225 722 3302 diomtur,
736 3234 770 3286 ut
789 3233 904 3286 wustet
916 3243 968 3286 eos
980 3241 1045 3284 esse
1057 3223 1150 3286 nsua
1168 3233 1331 3305 ventorum,

125 3315 159 3367 et
170 3306 304 3384 fulguris,
319 3305 518 3368 vebeissimos
533 3307 590 3366 Dei
602 3304 733 3366 nunoioe.

169 3387 230 3446 111.
254 3386 398 3464 Secundo,
411 3387 486 3464 Quia
499 3387 558 3446 illis
571 3386 738 3446 tribuuntur
751 3383 948 3446 imolenses
961 3381 1143 3464 operationes
1156 3381 1331 3466 spirituales,

14 3487 15 3544 p
128 3485 192 3544 qaae
207 3487 225 3526 a
238 3475 341 3526 natura
354 3485 491 3545 corporea
528 3466 652 3526 rofioisoi
671 3473 828 3544 nequeunt,
843 3465 944 3544 quales
965 3473 1033 3528 nint
1052 3465 1217 3527 intelleotns
1237 3476 1332 3528 atvo—

14 3555 15 3572 ³
128 3546 234 3622 lantes,
249 3555 278 3606 et
288 3556 371 3608 aetus
384 3547 436 3626 qui
449 3547 508 3607 ab'
533 3544 541 3562 ⁸
573 3547 745 3607 eliciuntur·

130 3626 347 3686 immaterialem
361 3627 523 3688 ueefflsario
536 3627 694 3705 postulant.
735 3545 1334 3706 Ϋὲἓζῗῗπξθὲἰῗὲἓῗέξοᾞίῗὴῗ

129 3713 193 3766 rent
213 3707 412 3785 quantitatem,
434 3716 522 3786 atque
542 3708 615 3768 adeo
635 3706 871 3785 impenetrabiles
891 3715 997 3782 esseut,
1012 3725 1067 3766 nee
1080 3707 1178 3783 plures
1198 3707 1286 3766 simul
1301 3708 1332 3766 in

128 3786 231 3847 eodem
244 3786 309 3846 loeo
322 3807 387 3848 esse
400 3796 527 3866 possent,
537 3787 616 3866 quod
629 3787 663 3846 iit
676 3799 782 3862 minen,
797 3786 866 3863 quia
880 3787 950 3862 lepio
961 3789 1119 3844 demonum
1128 3784 1234 3844 dieitur
1243 3785 1333 3847 finisse

129 3867 160 3926 in
172 3885 231 3926 uno
246 3867 460 3946 Energnmeuq
475 3867 547 3928 Lao.
561 3867 623 3926 viii.
636 3867 687 3926 30.
716 3865 834 3940 Quarto,
848 3865 926 3942 qnia,
941 3865 966 3923 si
979 3883 1100 3942 eorpora
1109 3865 1171 3942 jam
1185 3864 1333 3942 haberent,

14 3983 15 3996 .
130 3966 187 4006 nou
201 3957 322 4024 possent
333 3967 389 4008 nee
402 3947 541 4008 deberent
554 3946 612 4007 elia
624 3963 745 4024 corpore
757 3961 912 4020 neumare,
927 3943 1006 4021 qnod
1020 3952 1133 4004 eonetet
1145 3951 1243 4004 tamen
1256 3961 1334 4024 saepe

14 4021 16 4076 l
129 4027 207 4106 ipsos
220 4025 323 4104 faeere,
338 4047 428 4106 quum
443 4045 474 4088 ee
488 4026 631 4086 videndos
644 4023 812 4103 praebentin
825 4023 981 4102 assumptis
994 4022 1172 4100 eor-poribus.

169 4105 225 4167 IV.
249 4106 389 4183 Quamvis
402 4121 473 4168 vero
487 4106 651 4186 spirituales
664 4104 806 4180 dieantur,
820 4103 1032 4164 nonoensendi
1046 4112 1115 4163 sunt
1127 4111 1233 4180 tamen,
1249 4101 1333 4164 abso·

122 4185 191 4248 luta
211 4195 242 4246 et
255 4206 368 4248 summe
389 4187 572 4266 simplicitate
593 4185 729 4264 gaudere,
764 4203 809 4244 na
823 4183 879 4242 soli
893 4184 958 4243 Deo
971 4183 1117 4261 competit,
1132 4203 1151 4242 a
1163 4201 1222 4262 qua
1237 4183 1333 4244 inlini·

128 4277 190 4328 tum
211 4267 330 4343 distent,
345 4287 405 4328 nou
418 4266 498 4346 quod
511 4287 549 4326 ex
562 4265 683 4326 materis
695 4282 729 4324 eo
777 4271 867 4338 seam,
882 4263 935 4323 sed
948 4262 1017 4341 quia
1032 4263 1231 4323 aeoidentibus
1244 4263 1335 4342 subji-

121 4347 253 4424 ·eiuntur,
269 4357 299 4408 et
313 4349 355 4408 sio
369 4348 400 4407 in
419 4347 457 4407 iis
471 4347 689 4424 usunguuuuu
702 4361 815 4423 semper
828 4363 922 4422 genus
934 4352 966 4406 et
978 4341 1147 4420 numae
1161 4343 1293 4423 potentia
1304 4352 1335 4406 ot

122 4435 220 4503 setun
235 4427 401 4508 subjeetum
414 4435 444 4488 et
458 4425 601 4487 aeeidens.

435 4507 475 4568 V.
503 4507 615 4585 Corpus
627 4503 677 4566 vel
690 4503 844 4584 opponitur
857 4501 976 4580 umbra,
992 4521 1043 4564 eeu
1056 4501 1140 4579 stu,
1155 4510 1185 4565 et
1197 4501 1335 4582 phantas-

166 4573 338 4678 nomma-
394 4588 474 4664 mati,
498 4595 528 4647 et
540 4591 624 4648 notat
642 4603 703 4646 rem
716 4605 786 4647 vere
803 4585 986 4663 existentem,
1000 4584 1050 4646 vel
1069 4583 1183 4664 proprie
1202 4592 1286 4646 notat
1305 4585 1337 4646 id

393 4667 474 4747 quod
487 4665 635 4730 materiale
654 4674 708 4742 est,
723 4674 754 4726 et
772 4685 811 4727 ex
823 4665 956 4745 partibus
973 4664 1174 4746 qosutiuttvts
1193 4665 1336 4745 oemposi-
