3160 5194
181 334 231 395 xri
555 347 725 394 srrsroua
746 349 999 398 nearciacum.

180 511 264 574 Dum
281 511 334 574 alii
351 515 488 575 vastatos
514 530 615 592 agros,
635 510 737 576 Urbes
752 519 860 592 captas
884 519 917 576 et
934 512 1099 593 expilatae,
1115 513 1255 576 incensos
1270 511 1393 600 Pagos,

179 608 356 674 Provincias
373 607 503 688 excisas,
514 618 547 671 et
563 616 684 673 coeterae
698 631 767 691 quae
783 610 890 674 insunt
905 610 986 675 bello
1003 609 1223 686 lamentabilia,
1235 609 1303 672 dira
1310 609 1379 674 risu

179 715 212 772 et
229 707 385 789 immania,
402 726 464 770 non
489 704 557 771 sine
580 727 698 771 summo
723 709 817 771 animi
834 730 962 774 moerore
976 729 1101 773 cernere
1116 715 1276 790 coguntur,
1301 713 1334 771 et
1359 729 1379 771 a

178 805 289 886 patriis
314 805 439 868 sedibus
464 803 563 868 avulsi
588 812 727 870 extorres
751 827 787 870 ac
802 807 942 888 palantes
959 806 1070 872 misere
1095 813 1270 888 vagantum
1310 804 1378 869 Nos

178 905 236 968 sub
251 904 315 968 vite
339 911 372 966 et
386 903 446 966 sub
462 903 522 967 ficu
537 911 644 968 nostra
658 925 740 985 pane
754 912 862 970 nostro
876 905 1043 986 tranquille
1068 925 1237 985 vescamur,
1254 912 1287 968 ct
1312 903 1378 966 alta

177 1022 254 1082 pace
267 1000 428 1064 fruamuri
455 1000 662 1082 Ingratissimi
678 1023 751 1068 saue
765 1023 901 1068 essemus
917 1004 1102 1080 mortalium,
1115 1001 1175 1066 nisi
1186 1003 1266 1065 hauc
1282 1002 1375 1066 liber-

177 1106 274 1164 tatem
300 1108 333 1166 et
357 1111 463 1180 pacem
490 1121 607 1164 merum
625 1100 695 1180 Dei,
721 1123 778 1184 pro
803 1102 903 1168 salute
927 1108 1036 1166 nostra
1059 1100 1255 1182 excubantis,
1283 1101 1375 1163 bene-

177 1199 280 1262 ficium
295 1197 581 1278 interpretaremur.
607 1199 666 1262 Ille
683 1201 765 1264 solus
780 1201 870 1264 nobis
885 1201 951 1265 hoec
968 1201 1032 1264 otia
1048 1200 1133 1282 fecit,
1152 1205 1184 1262 et
1202 1198 1297 1272 faoit3
1315 1198 1374 1262 Ille

175 1316 254 1361 unus
269 1297 321 1376 qui
337 1295 419 1360 tanti
433 1297 569 1362 muneris
586 1297 678 1362 semel
694 1297 821 1363 Author
834 1300 905 1375 fuit,
922 1298 1059 1379 ejsudem
1074 1298 1182 1362 Stator
1196 1304 1230 1360 et
1242 1295 1376 1362 Conser-

147 1468 148 1472 ,
175 1401 265 1458 vator
281 1395 425 1476 deinceps
449 1416 516 1460 esse
536 1395 642 1459 voluit.
685 1395 761 1474 Quis
786 1397 867 1460 enim
893 1397 972 1461 alius
995 1404 1046 1461 tot
1071 1393 1316 1478 conjurationum
1341 1401 1375 1458 et

173 1493 381 1573 proditionum
413 1495 542 1558 technas
566 1500 681 1574 praeter
705 1515 825 1562 omnem
849 1495 1007 1560 hominum
1023 1493 1269 1576 expectationem
1294 1500 1374 1556 rete-

173 1610 246 1672 gere
261 1614 270 1666 ;
297 1591 372 1670 Quis
388 1590 467 1656 alius
483 1598 532 1655 tot
548 1591 739 1657 incursiones
756 1599 788 1656 et
803 1592 962 1657 molimina
977 1615 1055 1658 ausu
1071 1592 1203 1658 nefando
1218 1593 1302 1656 facta
1322 1611 1375 1654 re·

167 1689 288 1769 *pellere
303 1696 336 1753 et
352 1689 443 1752 irrita
456 1691 587 1756 reddere
607 1690 786 1771 potuisset
824 1692 883 1770 Qui
901 1691 1150 1774 Hieroglypbicis
1167 1690 1371 1768 delectantur,

172 1787 403 1852 Providentiam
420 1788 523 1852 omnia
537 1795 764 1853 sustentantem
778 1791 1003 1868 adumbratum,
1014 1789 1131 1854 Urbem
1147 1789 1232 1852 nullo
1244 1786 1373 1852 tibicine

170 1885 291 1964 fultam,
308 1886 341 1949 in
356 1895 426 1950 atre
440 1887 541 1950 medio
554 1887 731 1970 pendulam,
757 1889 867 1971 grandi
883 1889 1010 1953 brachio
1025 1887 1146 1953 celitus
1171 1893 1280 1951 ererto
1304 1905 1373 1949 sus-
1421 1955 1424 1960 ,
1476 1960 1481 1968 ,

171 1989 334 2061 tentatam,
352 1985 508 2068 ingeniose
523 1986 698 2052 describere
716 1987 825 2052 solent.
860 1987 986 2054 Genera
1001 1995 1111 2052 nostra
1126 2007 1187 2050 non
1201 1983 1372 2048 umbratice

170 2090 204 2148 et
218 2083 440 2162 emblematice,
458 2085 513 2149 sed
529 2105 610 2163 rere,
628 2095 677 2151 est
693 2085 780 2151 Urbs
795 2087 850 2150 illa
865 2107 933 2168 qun
951 2087 1016 2151 sola
1029 2085 1090 2150 Dei
1105 2104 1210 2163 manu,
1230 2101 1293 2144 non
1311 2083 1372 2146 hu-

170 2182 269 2246 manis
285 2183 395 2247 mediis
410 2190 466 2246 aut
479 2184 632 2264 praesidiis
648 2191 862 2249 sustentetur:
894 2185 972 2247 Non
990 2193 1139 2257 sacratu,
1156 2201 1223 2243 soca
1236 2181 1369 2259 mribus,

168 2283 227 2344 acci
240 2281 369 2363 Spiritu
384 2302 465 2360 meo,
480 2281 582 2361 inquit
598 2281 764 2344 Dominae.
808 2280 928 2343 Verum
943 2279 1034 2360 longe
1050 2279 1151 2358 majus
1165 2283 1198 2340 et
1218 2275 1370 2340 illustrius

169 2377 287 2442 censeri
302 2378 396 2441 debet
417 2377 550 2441 alterum
564 2377 642 2441 illud
657 2377 849 2459 beneficium,
875 2377 957 2458 quod
980 2377 1169 2458 praecipuum
1193 2379 1242 2439 est
1257 2373 1368 2438 divinos

167 2475 374 2540 Protsotionis
398 2475 642 2555 ffludumentum,
664 2479 721 2540 snb
746 2477 834 2557 cujus
857 2477 969 2540 umbra
991 2477 1141 2539 hactenus
1157 2473 1219 2538 tuti
1234 2471 1366 2553 quiesci-

168 2594 260 2648 mus;
285 2573 426 2638 eoelestis
451 2575 596 2640 nimirum
613 2573 751 2651 Veritas,
776 2582 810 2639 et
834 2575 970 2656 purioris
979 2573 1152 2655 Religionis
1178 2572 1363 2654 depositum,

167 2675 256 2754 cujus
271 2671 479 2736 inestimabili
494 2673 576 2738 dono
600 2675 692 2738 beare
708 2694 765 2738 nos
790 2673 889 2737 voluit
904 2675 1000 2754 Deus,
1018 2693 1075 2755 per
1092 2693 1184 2752 quarn
1200 2670 1366 2752 profligata

166 2769 301 2835 Romani
318 2771 532 2836 Anti-Christi
557 2773 733 2853 tyrannide,
752 2772 868 2836 Errore
893 2773 1096 2853 triumphato,
1116 2771 1224 2852 fugata
1248 2768 1363 2848 Super-

167 2869 304 2946 stitione‚
323 2869 419 2936 Idolis
445 2870 566 2947 dirutis,
593 2870 739 2936 discussis
755 2870 920 2947 Tenebris,
941 2871 1012 2934 Lar
1038 2869 1092 2933 illa
1114 2867 1271 2948 salutaris,
1295 2887 1364 2947 qua

165 2969 250 3032 Post
266 2967 426 3032 Tenebras
435 2969 502 3050 jam
516 2969 587 3033 olim
605 2971 798 3050 sperabatur,
813 2976 885 3034 orta
898 2976 947 3034 est
957 2968 1088 3033 feliciter
1098 2969 1138 3032 iis
1153 2967 1207 3048 qui
1218 2966 1367 3046 jacebant

165 3066 198 3129 in
215 3068 353 3132 tenebris
367 3069 484 3134 umbro
500 3069 618 3132 mortis.
670 3067 760 3131 Beati
777 3067 879 3146 codes,
895 3088 971 3149 quos
996 3063 1363 3135 conmonuemus,

166 3172 202 3228 ut
218 3165 328 3229 inillis
343 3187 468 3230 aureum
485 3166 641 3232 Veritatis
656 3165 880 3230 Candelabrum
906 3167 1081 3248 collocaret,
1108 3186 1147 3232 ex
1172 3183 1233 3245 quo
1250 3161 1363 3226 divina
1401 3235 1407 3250 Ι

164 3263 242 3328 lucis
256 3263 336 3326 radii
353 3265 548 3346 undiquaque
563 3265 665 3329 diffusi
680 3285 822 3347 magnam
840 3265 933 3330 Orbis
950 3265 1124 3331 Reformati
1139 3268 1260 3343 partem
1274 3259 1360 3322 illus-

163 3363 306 3425 trarunti
339 3362 429 3425 Felix
444 3362 560 3428 Civitas
584 3371 618 3427 st
636 3363 785 3441 Ecclesia,
803 3383 895 3444 quam
909 3371 1000 3428 tanto
1022 3363 1139 3426 bonore
1153 3359 1297 3439 dignatus
1312 3361 1361 3419 est

164 3459 316 3542 Christus,
334 3467 371 3523 ut
385 3479 451 3524 eam
476 3461 509 3524 in
525 3462 619 3526 Arca
636 3461 833 3536 domicilium,
852 3462 1013 3544 Evangelii
1030 3463 1141 3534 sedern,
1167 3463 1200 3522 et
1215 3453 1360 3520 Nominis

163 3558 212 3622 sni
229 3558 396 3622 sacrarium
412 3559 609 3642 consecrarit,
628 3580 697 3641 quse
712 3568 750 3624 ut
765 3566 801 3623 ut
816 3561 931 3624 mundo
945 3560 1182 3626 exosalurorem
1197 3561 1230 3620 et
1243 3553 1361 3618 rabiem

163 3656 289 3720 Diaboli
318 3667 353 3721 et
385 3656 597 3722 Anti-Christi
628 3658 662 3722 iu
692 3677 726 3722 se
750 3658 848 3741 magis
871 3659 1028 3741 magisque
1056 3655 1206 3722 concitari
1232 3651 1360 3733 sentiat,

162 3755 231 3820 Deo
247 3763 352 3820 manen
371 3756 495 3838 dilecta,
520 3764 554 3821 et
569 3757 669 3821 instar
688 3757 813 3838 pupilla
828 3757 907 3822 oculi
923 3759 1026 3839 chara,
1044 3758 1101 3820 sub
1116 3757 1226 3819 umbra
1242 3751 1360 3814 alarum

162 3854 230 3934 ejus
255 3855 391 3919 suaviter
405 3855 570 3935 delitescit,
588 3876 649 3919 non
664 3855 755 3919 bonis
769 3861 892 3919 tantum
910 3857 974 3922 suis
988 3855 1061 3919 leta
1079 3854 1225 3937 gaudeus,
1243 3851 1298 3915 sed
1324 3872 1361 3916 ea

162 3953 256 4017 etiam
280 3953 421 4033 pluribus
445 3953 515 4017 aliis
538 3961 629 4035 grata
651 3953 842 4036 impertiens,
870 3975 999 4034 quarum
1021 3955 1091 4017 ideo
1115 3952 1163 4018 rel
1182 3953 1286 4016 Mater
1311 3951 1361 4014 vel

163 4050 282 4114 Nutrix
297 4053 357 4116 dici
373 4053 498 4136 meruit,
514 4073 582 4134 quae
597 4071 654 4117 sua
674 4053 868 4131 incunabula,
886 4054 933 4118 sel
950 4053 1151 4132 incrementa,
1169 4055 1241 4132 post
1256 4049 1358 4114 Deum

162 4148 233 4212 huic
249 4157 362 4212 nostroe
379 4151 492 4216 debere
508 4171 543 4215 se
557 4153 763 4233 profitentur!
799 4151 861 4216 Sed
879 4173 915 4216 eo
931 4151 1053 4216 nomine
1073 4149 1267 4232 potissimum
1283 4151 1360 4214 bea-

161 4254 206 4329 ta,
233 4247 315 4326 quod
340 4248 513 4312 admirabili
538 4249 780 4316 Reformationis
805 4249 966 4332 privilegio
990 4249 1139 4332 singulari
1163 4247 1225 4312 Dei
1251 4249 1357 4311 favore
1429 4319 1432 4326 ,

161 4363 281 4424 semper
293 4345 425 4421 fruatur,
437 4352 470 4410 et
485 4346 739 4428 pretiosissimum
750 4348 921 4431 Religionis
937 4354 1072 4424 κειμήλιον
1086 4347 1146 4413 sibi
1163 4344 1355 4412 commissum

159 4441 312 4509 illibatum
326 4443 475 4508 baemnus
491 4445 640 4509 servarit!
674 4447 750 4512 Haec
766 4452 815 4511 est
828 4448 938 4529 gloria,
953 4447 1029 4512 Hac
1044 4466 1158 4512 corona
1168 4451 1284 4517 nostra,
1295 4463 1356 4521 (1¹¹³

160 4539 228 4604 aliis
242 4542 320 4604 bene
336 4541 442 4607 multis
456 4551 608 4608 terrarum
623 4545 745 4626 populis
760 4545 871 4625 quibus
886 4544 1016 4609 similem
1033 4543 1196 4627 denegarit
1211 4541 1352 4622 gratiam,

159 4637 397 4723 antistamuset
406 4641 540 4724 glorioso
549 4641 666 4708 Peculii
677 4643 748 4719 Dei,
760 4650 793 4708 et
804 4645 907 4708 Sacrae
917 4643 1019 4708 Sionis
1029 4643 1152 4712 nomine
1161 4639 1353 4724 insignimur.
