3160 5194
243 349 317 416 xxvi
606 371 794 418 rumsnrro
811 372 858 419 nn
878 371 1073 421 sucronem.

243 531 381 614 palatum
396 531 571 606 multorum,
590 551 718 611 quorum
733 534 824 597 nimis
843 536 930 597 ferax
946 541 995 598 est
1009 536 1067 600 hoe
1084 535 1230 615 seculum,
1257 534 1369 615 quibus
1395 558 1449 602 rc·

217 704 220 710 ,
243 637 313 694 tera
325 629 464 708 sordent,
479 635 512 692 et
527 627 604 692 nihil
620 631 680 694 nisi
696 638 848 696 musteum
862 639 895 696 et
910 652 1018 697 recens
1034 633 1192 714 probatur,
1210 632 1263 712 qui
1284 639 1450 717 cccccccccc

244 733 278 791 et
294 732 483 809 ἰδιογνώμονες,
499 727 558 790 sibi
575 728 648 792 solis
665 729 833 810 sapientes,
849 730 981 794 rationis
999 750 1062 794 succ
1074 730 1272 811 jndicioplns
1286 752 1374 812 mque
1388 735 1449 796 tri-

243 825 354 900 buunt,
369 824 456 904 quasi
471 845 614 890 mensura
627 834 711 890 esset
727 825 879 903 veritatis,
894 835 928 890 et
942 830 999 892 sub
1013 828 1152 911 specioso
1165 829 1291 909 majoris
1308 829 1398 912 lucis,
1414 841 1452 895 et

243 921 405 1004 penitioris
422 922 574 1006 indaginis
588 925 729 988 veritatis
754 931 846 990 antea
859 925 1021 1008 ignorata,
1045 932 1211 1007 pretextu,
1239 933 1313 989 ante
1330 945 1364 991 sc
1379 935 1447 992 tra-

244 1020 312 1084 dita
340 1020 516 1098 convellere,
541 1024 619 1086 bene
636 1023 805 1088 mustitnta
820 1024 992 1105 destruere,
1011 1030 1045 1088 et
1060 1029 1132 1094 lelna
1158 1029 1289 1094 taratauc
1303 1032 1337 1088 et
1352 1035 1448 1110 coplae

246 1123 329 1201 δόξας
343 1119 443 1182 instar
469 1121 662 1184 oraculorum
685 1121 853 1185 obtrudere
869 1127 1070 1201 prmsnmnnt,
1095 1127 1128 1186 et
1143 1143 1162 1184 a
1179 1141 1213 1186 se
1226 1122 1447 1187 dissentientes

243 1223 390 1298 tanquam
406 1219 494 1282 bona
505 1219 617 1282 mentis
633 1239 754 1296 vacuos,
768 1219 938 1302 imperitos,
967 1225 1000 1283 et
1024 1219 1180 1284 veteribus
1194 1220 1333 1284 formulis
1349 1221 1446 1285 serri-

244 1315 318 1379 liter
334 1315 485 1392 addictos,
501 1317 663 1381 traducere
677 1337 738 1381 uon
750 1318 945 1382 erubescunt.
983 1317 1046 1381 Sed
1056 1317 1139 1398 quod
1152 1317 1199 1380 illi
1214 1317 1291 1380 ritio
1306 1325 1444 1394 vertunt,

245 1414 292 1478 rel
307 1413 438 1477 inscitia
452 1414 605 1491 tribuunt,
623 1416 655 1479 id
670 1435 726 1496 ego
740 1435 808 1478 cum
824 1433 896 1478 rere
912 1415 1048 1478 cordatis
1072 1415 1157 1478 laudi
1171 1415 1260 1492 duco,
1286 1420 1319 1478 et
1334 1417 1448 1495 praci-

244 1531 338 1592 puum
353 1512 623 1576 commendationis
639 1518 852 1594 argumentum
866 1512 1010 1576 arbitror.
1061 1511 1094 1575 N
1095 1533 1145 1576 am
1172 1533 1241 1578 cnm
1266 1513 1447 1593 antiquissi-

244 1628 326 1672 mnm
342 1609 481 1689 quodque
498 1609 541 1672 sit
556 1610 756 1684 verissimum,
770 1609 855 1672 nulla
868 1609 1004 1673 melioris
1019 1616 1100 1673 notce
1113 1611 1241 1690 scriptio
1252 1610 1319 1673 dari
1330 1617 1444 1691 potest,

242 1707 276 1769 in
304 1714 485 1788 argumento
507 1707 681 1787 prasertim
696 1727 793 1781 sacro,
822 1726 913 1786 quam
930 1727 997 1787 qua
1023 1707 1125 1770 minus
1141 1707 1314 1771 novitatum
1330 1709 1445 1781 habet;

244 1803 365 1868 Vetera
378 1805 428 1868 hic
442 1805 569 1885 optima,
586 1810 703 1886 etqua
730 1804 771 1867 ad
794 1805 925 1885 primam
954 1804 1172 1884 antiquitatem
1188 1811 1320 1880 exacta3
1341 1804 1446 1868 tristi-

244 1923 304 1984 que
316 1903 510 1983 experientia
522 1902 614 1966 nimis
631 1910 821 1984 compertum
837 1909 896 1980 est,
908 1922 999 1984 quam
1012 1902 1183 1984 periculoso
1195 1921 1276 1982 sape
1287 1905 1445 1977 aberrent,

244 2001 296 2082 qui
323 2008 413 2065 notos
439 2002 580 2066 attritos
604 2002 655 2068 hie
678 2001 770 2067 calles
801 2007 960 2082 spernunt,
985 2008 1021 2064 ut
1036 2006 1195 2065 sectentur
1210 2019 1313 2076 novos,
1331 1999 1385 2079 qni
1410 1999 1446 2062 in

244 2101 314 2164 avia
328 2107 364 2166 et
381 2099 553 2181 praecipitia
566 2106 603 2163 ut
616 2100 781 2181 plurimum
795 2099 962 2162 abducunt.

293 2197 419 2278 Fateor,
437 2216 498 2260 non
515 2197 739 2275 aspernandum
756 2215 823 2258 esse
840 2194 1060 2257 Recentiorum
1075 2192 1268 2267 industriam,
1286 2193 1339 2270 qui
1354 2191 1446 2257 lucu-

242 2293 374 2358 lentiora
388 2293 469 2355 dona
482 2311 502 2353 a
518 2291 587 2353 Deo
600 2290 767 2365 consecuti,
779 2296 816 2352 et
825 2289 974 2369 peculiari
997 2289 1111 2369 ingenii
1126 2287 1265 2351 acumine
1278 2288 1446 2369 pollentes,

241 2409 310 2452 oum
325 2387 416 2450 laudo
431 2392 622 2466 occupantur
632 2387 664 2448 in
676 2385 845 2468 Scripturis
855 2383 1042 2465 scrutandis,
1054 2383 1228 2449 atrocitate
1243 2383 1444 2462 illustrandc;

243 2485 287 2548 Et
315 2483 456 2564 ingratus
482 2490 564 2547 esset
592 2485 626 2547 in
643 2483 744 2547 Deum
769 2481 877 2546 talium
902 2482 1053 2546 donorum
1081 2482 1249 2558 authorem,
1267 2483 1320 2564 qui
1337 2484 1445 2548 debita

240 2583 331 2646 lande
358 2579 428 2644 illos
456 2581 603 2645 handum
616 2581 718 2657 vellet,
736 2581 783 2646 rel
798 2580 894 2644 nollet
908 2599 949 2644 ex
962 2579 1023 2643 illis
1039 2581 1197 2660 proficere.
1249 2581 1311 2644 Sed
1321 2587 1358 2644 ut
1383 2584 1442 2646 sub

239 2681 297 2744 hoo
313 2684 470 2760 praetextu
484 2684 592 2742 vetera
607 2677 802 2759 superciliose
827 2677 1018 2758 rejiciantur,
1044 2684 1078 2742 et
1103 2677 1221 2742 novitia
1246 2679 1390 2760 dogmata
1409 2681 1442 2742 iu

242 2775 413 2840 Ecclesiam
429 2775 626 2853 inducantur,
641 2777 727 2857 quasi
746 2776 793 2839 illi
818 2775 872 2856 qni
897 2775 986 2838 nobis
1001 2775 1191 2855 praeiverunt
1214 2776 1247 2838 in
1264 2776 1392 2857 caligine
1409 2784 1443 2840 et

239 2873 378 2937 tenebris
405 2873 506 2939 adhuc
531 2875 645 2938 versati
671 2873 755 2950 sint·
768 2893 825 2938 nee
850 2872 1042 2954 Religionem
1059 2875 1098 2937 ab
1115 2873 1271 2938 erroribus
1286 2873 1349 2937 suis
1365 2873 1442 2937 satis

239 2972 492 3054 repurgaverint:
517 2969 586 3036 Hoc
602 2991 676 3035 sane
692 2977 725 3034 et
740 2972 829 3034 lama
844 2976 1003 3034 tantorum
1018 2969 1166 3034 Virorum
1175 2978 1224 3035 est
1239 2971 1397 3050 injurium,
1409 2977 1442 3035 et

240 3069 397 3152 Religioni
412 3072 605 3151 probrosum,
622 3075 655 3134 et
670 3069 731 3150 piis
747 3069 872 3132 auribus
896 3068 1135 3134 intolerandum.
1185 3068 1442 3132 Commendentur

241 3188 316 3248 ergo
331 3167 419 3231 Libri
432 3167 483 3230 alii
495 3188 514 3230 a
527 3167 676 3247 ueritate,
691 3167 750 3230 hoo
764 3165 895 3248 elogium
909 3165 1003 3228 nolim
1019 3167 1091 3230 huic
1105 3185 1173 3229 meo
1188 3166 1364 3239 vindicare;
1380 3165 1442 3228 imo

240 3263 274 3326 id
290 3263 396 3326 sedulo
413 3265 491 3344 cari,
519 3283 558 3328 ne
574 3265 649 3344 quid
665 3284 777 3328 norum
791 3265 928 3338 haberet,
955 3269 989 3326 et
1004 3283 1023 3326 a
1038 3262 1145 3327 Verbo
1161 3263 1231 3340 Dei,
1257 3269 1291 3326 et
1305 3263 1440 3326 formulis

241 3359 373 3443 publicis
387 3379 428 3422 ex
443 3361 497 3423 illo
511 3361 544 3423 in
561 3359 709 3424 Eccleciis
725 3361 840 3424 nostris
865 3359 1000 3440 receptis
1024 3359 1180 3433 alienum
1204 3365 1238 3423 et
1251 3366 1288 3423 ut
1304 3359 1380 3423 nihil
1394 3359 1438 3422 ibi

241 3458 463 3534 adstrueretur,
482 3457 562 3536 quod
573 3457 859 3536 probatissimorum
868 3463 902 3519 et
909 3456 1033 3537 optimae
1042 3463 1123 3520 notse
1134 3457 1355 3540 Theologorum
1371 3477 1439 3520 nos-

240 3563 358 3620 trorum
374 3554 491 3618 οιιΙιιιΙο
505 3573 565 3618 ιιοιι
582 3554 826 3618 confirmaretur.
867 3552 1006 3617 Laudem
1020 3573 1113 3634 porro
1127 3576 1168 3620 ex
1183 3555 1241 3620 hae
1257 3575 1327 3618 mea
1339 3555 1442 3635 opella

241 3673 298 3717 nec
318 3657 460 3732 expecto,
475 3671 532 3715 nec
546 3657 668 3731 expeto,
678 3651 733 3715 sed
747 3650 824 3714 satis
835 3651 915 3714 bene
928 3671 1047 3715 mecum
1059 3658 1161 3716 actum
1176 3654 1302 3733 putabo,
1325 3653 1440 3732 siaequi

241 3751 374 3831 bonique
388 3749 528 3814 considas
543 3749 602 3812 hcc
619 3749 828 3830 qualecunque
842 3768 943 3812 meum
952 3744 990 3812 de
1003 3749 1143 3814 Ecclesia
1160 3750 1221 3813 Dei
1231 3751 1310 3814 bene
1319 3769 1441 3814 meren-
1568 3815 1576 3846 ,

242 3849 274 3913 di
289 3849 434 3923 studium,
460 3853 493 3912 et
510 3846 537 3910 si
563 3845 674 3926 aliquis
699 3845 772 3910 iude
787 3847 918 3927 fructus,
934 3845 1040 3908 diviua
1054 3847 1269 3911 benedictione
1293 3847 1439 3912 accedam

241 3954 286 4030 te,
319 3948 359 4011 ad
390 3945 545 4009 Veritatis
576 3943 814 4007 illustrationem
847 3949 881 4008 et
910 3943 1036 4007 Piorum
1062 3945 1298 4008 edificationem
1321 3945 1439 4008 redeat.

241 4044 371 4121 Quodsi
387 4065 448 4108 uon
464 4044 618 4126 ingratam
632 4041 703 4122 tihi,
719 4061 777 4105 nee
800 4040 891 4121 plene
914 4041 1054 4106 inutilem
1067 4041 1200 4121 primam
1214 4042 1294 4106 hauc
1310 4041 1441 4105 Laboris

239 4141 300 4202 mci
316 4149 548 4222 partem,qnam
568 4140 717 4204 selamin
741 4139 839 4204 lucem
863 4138 988 4219 prodire
1012 4157 1094 4219 agre
1107 4137 1220 4218 patior,
1236 4139 1331 4202 fuisso
1346 4139 1442 4202 intel-

238 4236 354 4316 lexero,
369 4237 501 4301 alacrius
518 4239 558 4301 ad
572 4239 851 4318 alterampergam,
866 4236 1022 4301 etfaciam
1037 4255 1106 4298 cum
1122 4236 1204 4298 bono
1220 4236 1298 4312 Deo,
1315 4236 1342 4300 si
1358 4236 1441 4299 vires

240 4333 396 4410 vitamque
403 4331 511 4413 largiri
520 4335 673 4415 dignetur,
685 4341 722 4397 ut
733 4341 847 4415 quanto
857 4352 951 4416 ocyus
965 4333 1057 4396 fidem
1073 4333 1179 4396 datam
1193 4334 1357 4397 exsolvam.
1383 4331 1440 4393 In-

240 4429 331 4493 terim
345 4428 422 4508 quia
435 4429 526 4492 homo
539 4449 617 4506 sum,
632 4438 665 4493 et
681 4431 759 4496 nihil
777 4421 901 4494 humaui
918 4450 938 4494 a
953 4451 1002 4494 me
1026 4430 1159 4495 alienum
1173 4437 1259 4512 puto,
1285 4429 1439 4508 siquida

240 4545 290 4589 me
306 4525 355 4589 hic
371 4525 488 4588 dictum
503 4526 605 4601 inerit,
632 4529 713 4606 quod
738 4547 807 4592 cum
834 4528 997 4608 Scriptura
1009 4529 1101 4594 unica
1117 4529 1189 4592 lidei
1203 4534 1317 4590 nostrae
1333 4524 1439 4606 regula
