<?xml version="1.0" encoding="UTF-8"?>
<!DOCTYPE html PUBLIC "-//W3C//DTD XHTML 1.0 Transitional//EN"
    "http://www.w3.org/TR/xhtml1/DTD/xhtml1-transitional.dtd">
<html xmlns="http://www.w3.org/1999/xhtml" xml:lang="en" lang="en">
 <head>
  <title>
</title>
<meta http-equiv="Content-Type" content="text/html;charset=utf-8" />
  <meta name='ocr-system' content='tesseract 3.04.00' />
  <meta name='ocr-capabilities' content='ocr_page ocr_carea ocr_par ocr_line ocrx_word'/>
</head>
<body>
  <div class='ocr_page' id='page_1' title='image "./francisciturret01pictgoog_0386.png"; bbox 0 0 3044 5180; ppageno 0'>
   <div class='ocr_carea' id='block_1_1' title="bbox 99 349 1304 432">
    <p class='ocr_par' dir='ltr' id='par_1_1' title="bbox 99 349 1304 432">
     <span class='ocr_line' id='line_1_1' title="bbox 99 349 1304 432; baseline 0.007 -20"><span class='ocrx_word' id='word_1_1' title='bbox 99 371 210 420; x_wconf 72' lang='lat' dir='ltr'><strong>Quesr.</strong></span> <span class='ocrx_word' id='word_1_2' title='bbox 226 349 297 432; x_wconf 79' lang='lat' dir='ltr'><strong>run]</strong></span> <span class='ocrx_word' id='word_1_3' title='bbox 555 371 594 412; x_wconf 84' lang='lat' dir='ltr'><strong>nn</strong></span> <span class='ocrx_word' id='word_1_4' title='bbox 609 371 903 415; x_wconf 74' lang='lat' dir='ltr'><strong>ramnasrrnsrroue.</strong></span> <span class='ocrx_word' id='word_1_5' title='bbox 1246 365 1304 424; x_wconf 85' lang='lat'><strong>331</strong></span> 
     </span>
    </p>
   </div>
   <div class='ocr_carea' id='block_1_2' title="bbox 92 511 1311 2181">
    <p class='ocr_par' dir='ltr' id='par_1_2' title="bbox 407 511 1307 598">
     <span class='ocr_line' id='line_1_2' title="bbox 407 511 1307 598; baseline 0.012 -28"><span class='ocrx_word' id='word_1_6' title='bbox 407 511 498 572; x_wconf 86' lang='lat' dir='ltr'>XVI.</span> <span class='ocrx_word' id='word_1_7' title='bbox 519 513 628 574; x_wconf 79' lang='lat' dir='ltr'><strong>Electio</strong></span> <span class='ocrx_word' id='word_1_8' title='bbox 641 521 739 574; x_wconf 81' lang='lat' dir='ltr'><strong>nostra</strong></span> <span class='ocrx_word' id='word_1_9' title='bbox 790 521 848 573; x_wconf 88' lang='lat' dir='ltr'><strong>test</strong></span> <span class='ocrx_word' id='word_1_10' title='bbox 852 514 973 593; x_wconf 65' lang='lat' dir='ltr'><strong>firmari</strong></span> <span class='ocrx_word' id='word_1_11' title='bbox 980 535 999 574; x_wconf 85' lang='lat' dir='ltr'><em>a</em></span> <span class='ocrx_word' id='word_1_12' title='bbox 1004 517 1165 594; x_wconf 80' lang='lat' dir='ltr'><strong>posteriori,</strong></span> <span class='ocrx_word' id='word_1_13' title='bbox 1175 532 1307 598; x_wconf 85' lang='lat' dir='ltr'><strong>respectu</strong></span> 
     </span>
    </p>

    <p class='ocr_par' dir='ltr' id='par_1_3' title="bbox 255 589 1306 669">
     <span class='ocr_line' id='line_1_3' title="bbox 255 589 1306 669; baseline 0.01 -20"><span class='ocrx_word' id='word_1_14' title='bbox 255 589 270 619; x_wconf 87' lang='lat'><strong>⁰</strong></span> <span class='ocrx_word' id='word_1_15' title='bbox 281 589 308 620; x_wconf 66' lang='lat'><strong>“¹</strong></span> <span class='ocrx_word' id='word_1_16' title='bbox 366 610 461 650; x_wconf 73' lang='lat' dir='ltr'><strong>mnes</strong></span> <span class='ocrx_word' id='word_1_17' title='bbox 474 591 564 652; x_wconf 79' lang='lat' dir='ltr'><strong>nostri</strong></span> <span class='ocrx_word' id='word_1_18' title='bbox 588 591 618 650; x_wconf 92' lang='lat' dir='ltr'><strong>iu</strong></span> <span class='ocrx_word' id='word_1_19' title='bbox 632 591 737 669; x_wconf 87' lang='lat' dir='ltr'><strong>corde;</strong></span> <span class='ocrx_word' id='word_1_20' title='bbox 786 600 800 652; x_wconf 91' lang='lat' dir='ltr'><strong>t</strong></span> <span class='ocrx_word' id='word_1_21' title='bbox 819 593 874 654; x_wconf 90' lang='lat' dir='ltr'><strong>hoc</strong></span> <span class='ocrx_word' id='word_1_22' title='bbox 896 613 983 656; x_wconf 88' lang='lat' dir='ltr'><strong>sensu</strong></span> <span class='ocrx_word' id='word_1_23' title='bbox 996 595 1086 656; x_wconf 84' lang='lat' dir='ltr'><strong>verba</strong></span> <span class='ocrx_word' id='word_1_24' title='bbox 1109 597 1188 656; x_wconf 91' lang='lat' dir='ltr'><strong>Petri</strong></span> <span class='ocrx_word' id='word_1_25' title='bbox 1201 599 1306 659; x_wconf 86' lang='lat' dir='ltr'><strong>intelli·</strong></span> 
     </span>
    </p>

    <p class='ocr_par' dir='ltr' id='par_1_4' title="bbox 272 664 1307 751">
     <span class='ocr_line' id='line_1_4' title="bbox 272 664 1307 751; baseline 0.012 -24"><span class='ocrx_word' id='word_1_26' title='bbox 272 664 279 677; x_wconf 85' lang='lat'><em>&#39;</em></span> <span class='ocrx_word' id='word_1_27' title='bbox 367 668 463 748; x_wconf 87' lang='lat' dir='ltr'><strong>genda</strong></span> <span class='ocrx_word' id='word_1_28' title='bbox 476 679 553 746; x_wconf 84' lang='lat' dir='ltr'><strong>sunt,</strong></span> <span class='ocrx_word' id='word_1_29' title='bbox 566 671 587 730; x_wconf 79' lang='lat'>2</span> <span class='ocrx_word' id='word_1_30' title='bbox 602 672 665 731; x_wconf 88' lang='lat' dir='ltr'><strong>Pet.</strong></span> <span class='ocrx_word' id='word_1_31' title='bbox 679 672 699 731; x_wconf 92' lang='lat' dir='ltr'><strong>i.</strong></span> <span class='ocrx_word' id='word_1_32' title='bbox 716 675 762 732; x_wconf 91' lang='grc'><strong>10.</strong></span> <span class='ocrx_word' id='word_1_33' title='bbox 783 691 872 749; x_wconf 89' lang='lat' dir='ltr'><strong>quum</strong></span> <span class='ocrx_word' id='word_1_34' title='bbox 893 673 979 751; x_wconf 85' lang='lat' dir='ltr'><strong>jubet</strong></span> <span class='ocrx_word' id='word_1_35' title='bbox 1001 674 1103 736; x_wconf 83' lang='lat' dir='ltr'><strong>fideles</strong></span> <span class='ocrx_word' id='word_1_36' title='bbox 1127 677 1307 739; x_wconf 74' lang='lat' dir='ltr'><strong>vocationem</strong></span> 
     </span>
    </p>

    <p class='ocr_par' dir='ltr' id='par_1_5' title="bbox 99 747 1307 836">
     <span class='ocr_line' id='line_1_5' title="bbox 99 747 1307 836; baseline 0.006 -24"><span class='ocrx_word' id='word_1_37' title='bbox 99 758 225 812; x_wconf 84' lang='lat' dir='ltr'><strong>suamet</strong></span> <span class='ocrx_word' id='word_1_38' title='bbox 237 750 410 812; x_wconf 89' lang='lat' dir='ltr'><strong>electionem</strong></span> <span class='ocrx_word' id='word_1_39' title='bbox 421 747 542 826; x_wconf 63' lang='grc' dir='ltr'><strong>βέιιοῦι,</strong></span> <span class='ocrx_word' id='word_1_40' title='bbox 549 752 668 829; x_wconf 77' lang='lat' dir='ltr'><strong>fimum</strong></span> <span class='ocrx_word' id='word_1_41' title='bbox 679 751 807 826; x_wconf 85' lang='lat' dir='ltr'><strong>reddere,</strong></span> <span class='ocrx_word' id='word_1_42' title='bbox 823 752 892 829; x_wconf 88' lang='lat' dir='ltr'><strong>quia</strong></span> <span class='ocrx_word' id='word_1_43' title='bbox 903 773 956 831; x_wconf 86' lang='lat' dir='ltr'><strong>per</strong></span> <span class='ocrx_word' id='word_1_44' title='bbox 963 754 1077 831; x_wconf 85' lang='lat' dir='ltr'><strong>praxim</strong></span> <span class='ocrx_word' id='word_1_45' title='bbox 1085 756 1225 816; x_wconf 90' lang='lat' dir='ltr'><strong>bonorum</strong></span> <span class='ocrx_word' id='word_1_46' title='bbox 1239 777 1307 836; x_wconf 91' lang='lat' dir='ltr'><strong>ope·</strong></span> 
     </span>
    </p>

    <p class='ocr_par' dir='ltr' id='par_1_6' title="bbox 99 829 1308 913">
     <span class='ocr_line' id='line_1_6' title="bbox 99 829 1308 913; baseline 0.006 -23"><span class='ocrx_word' id='word_1_47' title='bbox 99 851 174 906; x_wconf 88' lang='lat' dir='ltr'><strong>rum,</strong></span> <span class='ocrx_word' id='word_1_48' title='bbox 189 839 222 891; x_wconf 88' lang='lat' dir='ltr'><strong>et</strong></span> <span class='ocrx_word' id='word_1_49' title='bbox 234 829 471 892; x_wconf 86' lang='lat' dir='ltr'><strong>sanctificationis</strong></span> <span class='ocrx_word' id='word_1_50' title='bbox 483 831 620 905; x_wconf 88' lang='lat' dir='ltr'><strong>studium,</strong></span> <span class='ocrx_word' id='word_1_51' title='bbox 643 831 751 890; x_wconf 78' lang='lat' dir='ltr'><strong>veritas</strong></span> <span class='ocrx_word' id='word_1_52' title='bbox 772 831 921 892; x_wconf 72' lang='lat' dir='ltr'><strong>electionis</strong></span> <span class='ocrx_word' id='word_1_53' title='bbox 944 833 1038 911; x_wconf 87' lang='lat' dir='ltr'><strong>magis</strong></span> <span class='ocrx_word' id='word_1_54' title='bbox 1051 854 1085 894; x_wconf 90' lang='lat' dir='ltr'><strong>ac</strong></span> <span class='ocrx_word' id='word_1_55' title='bbox 1106 835 1200 913; x_wconf 84' lang='lat' dir='ltr'><strong>megia</strong></span> <span class='ocrx_word' id='word_1_56' title='bbox 1224 839 1308 898; x_wconf 88' lang='lat' dir='ltr'><strong>nobis</strong></span> 
     </span>
    </p>

    <p class='ocr_par' dir='ltr' id='par_1_7' title="bbox 99 909 1308 993">
     <span class='ocr_line' id='line_1_7' title="bbox 99 909 1308 993; baseline 0.006 -23"><span class='ocrx_word' id='word_1_57' title='bbox 99 911 267 986; x_wconf 69' lang='lat' dir='ltr'><strong>innotescit,</strong></span> <span class='ocrx_word' id='word_1_58' title='bbox 280 918 312 970; x_wconf 89' lang='lat' dir='ltr'><strong>et</strong></span> <span class='ocrx_word' id='word_1_59' title='bbox 324 910 356 968; x_wconf 93' lang='lat' dir='ltr'><strong>in</strong></span> <span class='ocrx_word' id='word_1_60' title='bbox 370 909 505 970; x_wconf 78' lang='lat' dir='ltr'><strong>cordibus</strong></span> <span class='ocrx_word' id='word_1_61' title='bbox 518 909 624 970; x_wconf 88' lang='lat' dir='ltr'><strong>nostrie</strong></span> <span class='ocrx_word' id='word_1_62' title='bbox 646 909 846 988; x_wconf 55' lang='lat' dir='ltr'><strong>confirmatum</strong></span> <span class='ocrx_word' id='word_1_63' title='bbox 870 912 929 972; x_wconf 87' lang='lat' dir='ltr'><strong>Sed</strong></span> <span class='ocrx_word' id='word_1_64' title='bbox 942 931 1000 972; x_wconf 91' lang='lat' dir='ltr'><strong>non</strong></span> <span class='ocrx_word' id='word_1_65' title='bbox 1020 913 1087 974; x_wconf 87' lang='lat' dir='ltr'><strong>inde</strong></span> <span class='ocrx_word' id='word_1_66' title='bbox 1101 915 1231 993; x_wconf 76' lang='lat' dir='ltr'><strong>aequitem</strong></span> <span class='ocrx_word' id='word_1_67' title='bbox 1244 936 1308 976; x_wconf 88' lang='lat' dir='ltr'><strong>eam</strong></span> 
     </span>
    </p>

    <p class='ocr_par' dir='ltr' id='par_1_8' title="bbox 99 989 1307 1146">
     <span class='ocr_line' id='line_1_8' title="bbox 100 989 1307 1070; baseline 0.006 -20"><span class='ocrx_word' id='word_1_68' title='bbox 100 991 209 1050; x_wconf 87' lang='lat' dir='ltr'><strong>debere</strong></span> <span class='ocrx_word' id='word_1_69' title='bbox 218 989 383 1050; x_wconf 75' lang='lat' dir='ltr'><strong>confirmari</strong></span> <span class='ocrx_word' id='word_1_70' title='bbox 396 1008 415 1048; x_wconf 90' lang='lat' dir='ltr'><strong>a</strong></span> <span class='ocrx_word' id='word_1_71' title='bbox 426 989 524 1068; x_wconf 82' lang='lat' dir='ltr'><strong>priori,</strong></span> <span class='ocrx_word' id='word_1_72' title='bbox 534 997 564 1048; x_wconf 88' lang='lat' dir='ltr'><strong>et</strong></span> <span class='ocrx_word' id='word_1_73' title='bbox 571 996 704 1066; x_wconf 86' lang='lat' dir='ltr'><strong>respectu</strong></span> <span class='ocrx_word' id='word_1_74' title='bbox 712 989 804 1068; x_wconf 89' lang='lat' dir='ltr'><strong>ipsius</strong></span> <span class='ocrx_word' id='word_1_75' title='bbox 815 991 928 1052; x_wconf 88' lang='lat' dir='ltr'><strong>consilii</strong></span> <span class='ocrx_word' id='word_1_76' title='bbox 943 992 1007 1067; x_wconf 89' lang='lat' dir='ltr'><strong>Dei,</strong></span> <span class='ocrx_word' id='word_1_77' title='bbox 1019 994 1098 1070; x_wconf 91' lang='lat' dir='ltr'><strong>quod</strong></span> <span class='ocrx_word' id='word_1_78' title='bbox 1111 1004 1145 1055; x_wconf 91' lang='lat' dir='ltr'><strong>nt</strong></span> <span class='ocrx_word' id='word_1_79' title='bbox 1152 997 1307 1065; x_wconf 60' lang='lat' dir='ltr'><strong>mlum,</strong></span> 
     </span>
     <span class='ocr_line' id='line_1_9' title="bbox 99 1067 811 1146; baseline 0.004 -19"><span class='ocrx_word' id='word_1_80' title='bbox 99 1069 178 1128; x_wconf 91' lang='lat' dir='ltr'><strong>idem</strong></span> <span class='ocrx_word' id='word_1_81' title='bbox 192 1089 256 1130; x_wconf 89' lang='lat' dir='ltr'><strong>sem</strong></span> <span class='ocrx_word' id='word_1_82' title='bbox 293 1089 308 1127; x_wconf 97' lang='lat' dir='ltr'><strong>r</strong></span> <span class='ocrx_word' id='word_1_83' title='bbox 322 1075 427 1144; x_wconf 85' lang='lat' dir='ltr'><strong>manet,</strong></span> <span class='ocrx_word' id='word_1_84' title='bbox 442 1089 496 1129; x_wconf 90' lang='lat' dir='ltr'><strong>uec</strong></span> <span class='ocrx_word' id='word_1_85' title='bbox 506 1068 618 1128; x_wconf 86' lang='lat' dir='ltr'><strong>irritum</strong></span> <span class='ocrx_word' id='word_1_86' title='bbox 632 1067 694 1128; x_wconf 88' lang='lat' dir='ltr'><strong>fieri</strong></span> <span class='ocrx_word' id='word_1_87' title='bbox 707 1077 811 1146; x_wconf 86' lang='lat' dir='ltr'><strong>potest.</strong></span> 
     </span>
    </p>

    <p class='ocr_par' dir='ltr' id='par_1_9' title="bbox 92 1144 1311 2100">
     <span class='ocr_line' id='line_1_10' title="bbox 139 1144 1307 1233; baseline 0.009 -27"><span class='ocrx_word' id='word_1_88' title='bbox 139 1148 253 1208; x_wconf 86' lang='lat' dir='ltr'>XVII.</span> <span class='ocrx_word' id='word_1_89' title='bbox 298 1168 338 1208; x_wconf 88' lang='lat' dir='ltr'><strong>ox</strong></span> <span class='ocrx_word' id='word_1_90' title='bbox 351 1144 467 1224; x_wconf 69' lang='grc' dir='ltr'><strong>ι’ὶιιμοι</strong></span> <span class='ocrx_word' id='word_1_91' title='bbox 479 1168 538 1207; x_wconf 83' lang='grc' dir='ltr'>ιιοιι</span> <span class='ocrx_word' id='word_1_92' title='bbox 552 1149 714 1208; x_wconf 75' lang='lat' dir='ltr'><strong>nseennio</strong></span> <span class='ocrx_word' id='word_1_93' title='bbox 728 1149 850 1210; x_wconf 78' lang='lat' dir='ltr'><strong>sumitur</strong></span> <span class='ocrx_word' id='word_1_94' title='bbox 862 1150 1079 1230; x_wconf 80' lang='lat' dir='ltr'><strong>participialiter</strong></span> <span class='ocrx_word' id='word_1_95' title='bbox 1088 1173 1141 1231; x_wconf 91' lang='lat' dir='ltr'><strong>pro</strong></span> <span class='ocrx_word' id='word_1_96' title='bbox 1155 1174 1190 1214; x_wconf 88' lang='lat' dir='ltr'><strong>eo</strong></span> <span class='ocrx_word' id='word_1_97' title='bbox 1199 1157 1251 1233; x_wconf 91' lang='lat' dir='ltr'><strong>qui</strong></span> <span class='ocrx_word' id='word_1_98' title='bbox 1264 1176 1307 1216; x_wconf 89' lang='lat' dir='ltr'><strong>re·</strong></span> 
     </span>
     <span class='ocr_line' id='line_1_11' title="bbox 97 1227 1310 1306; baseline 0.009 -20"><span class='ocrx_word' id='word_1_99' title='bbox 97 1228 241 1306; x_wconf 89' lang='lat' dir='ltr'><strong>probatus</strong></span> <span class='ocrx_word' id='word_1_100' title='bbox 254 1235 300 1288; x_wconf 86' lang='lat' dir='ltr'><strong>est</strong></span> <span class='ocrx_word' id='word_1_101' title='bbox 315 1248 333 1286; x_wconf 84' lang='lat' dir='ltr'><strong>e</strong></span> <span class='ocrx_word' id='word_1_102' title='bbox 346 1227 418 1302; x_wconf 89' lang='lat' dir='ltr'><strong>Deo,</strong></span> <span class='ocrx_word' id='word_1_103' title='bbox 433 1235 464 1287; x_wconf 90' lang='lat' dir='ltr'><strong>et</strong></span> <span class='ocrx_word' id='word_1_104' title='bbox 476 1228 514 1287; x_wconf 82' lang='lat' dir='ltr'><strong>ed</strong></span> <span class='ocrx_word' id='word_1_105' title='bbox 527 1235 663 1287; x_wconf 75' lang='lat' dir='ltr'><strong>oeternum</strong></span> <span class='ocrx_word' id='word_1_106' title='bbox 676 1237 798 1288; x_wconf 89' lang='lat' dir='ltr'><strong>mortem</strong></span> <span class='ocrx_word' id='word_1_107' title='bbox 812 1229 1041 1306; x_wconf 70' lang='lat' dir='ltr'><strong>predestinatus,</strong></span> <span class='ocrx_word' id='word_1_108' title='bbox 1066 1232 1118 1293; x_wconf 88' lang='lat' dir='ltr'><strong>sed</strong></span> <span class='ocrx_word' id='word_1_109' title='bbox 1131 1236 1310 1296; x_wconf 80' lang='lat' dir='ltr'><strong>nomrieoliter</strong></span> 
     </span>
     <span class='ocr_line' id='line_1_12' title="bbox 98 1306 1309 1390; baseline 0.008 -24"><span class='ocrx_word' id='word_1_110' title='bbox 98 1327 177 1384; x_wconf 68' lang='lat' dir='ltr'><strong>saepe</strong></span> <span class='ocrx_word' id='word_1_111' title='bbox 190 1315 350 1385; x_wconf 83' lang='lat' dir='ltr'><strong>usurpatur</strong></span> <span class='ocrx_word' id='word_1_112' title='bbox 362 1327 415 1384; x_wconf 88' lang='lat' dir='ltr'><strong>pro</strong></span> <span class='ocrx_word' id='word_1_113' title='bbox 428 1307 535 1384; x_wconf 91' lang='lat' dir='ltr'><strong>inepto,</strong></span> <span class='ocrx_word' id='word_1_114' title='bbox 558 1306 702 1383; x_wconf 91' lang='lat' dir='ltr'><strong>inidoneo,</strong></span> <span class='ocrx_word' id='word_1_115' title='bbox 718 1308 792 1368; x_wconf 91' lang='lat' dir='ltr'><strong>sicut</strong></span> <span class='ocrx_word' id='word_1_116' title='bbox 814 1308 942 1370; x_wconf 67' lang='lat' dir='ltr'><strong>vicissim</strong></span> <span class='ocrx_word' id='word_1_117' title='bbox 965 1307 1063 1388; x_wconf 66' lang='grc' dir='ltr'><strong>δι’ωμις</strong></span> <span class='ocrx_word' id='word_1_118' title='bbox 1077 1313 1221 1390; x_wconf 86' lang='lat' dir='ltr'><strong>significat</strong></span> <span class='ocrx_word' id='word_1_119' title='bbox 1242 1337 1309 1376; x_wconf 92' lang='lat' dir='ltr'><strong>eum</strong></span> 
     </span>
     <span class='ocr_line' id='line_1_13' title="bbox 97 1386 1310 1471; baseline 0.007 -25"><span class='ocrx_word' id='word_1_120' title='bbox 97 1387 150 1464; x_wconf 91' lang='lat' dir='ltr'><strong>qni</strong></span> <span class='ocrx_word' id='word_1_121' title='bbox 163 1387 265 1464; x_wconf 85' lang='lat' dir='ltr'><strong>probre</strong></span> <span class='ocrx_word' id='word_1_122' title='bbox 280 1395 325 1447; x_wconf 89' lang='lat' dir='ltr'><strong>est</strong></span> <span class='ocrx_word' id='word_1_123' title='bbox 337 1395 422 1460; x_wconf 76' lang='lat' dir='ltr'><strong>notu,</strong></span> <span class='ocrx_word' id='word_1_124' title='bbox 433 1395 464 1448; x_wconf 91' lang='lat' dir='ltr'><strong>et</strong></span> <span class='ocrx_word' id='word_1_125' title='bbox 476 1396 561 1465; x_wconf 89' lang='lat' dir='ltr'><strong>aptus</strong></span> <span class='ocrx_word' id='word_1_126' title='bbox 571 1405 609 1448; x_wconf 86' lang='lat' dir='ltr'><strong>ac</strong></span> <span class='ocrx_word' id='word_1_127' title='bbox 621 1386 744 1448; x_wconf 89' lang='lat' dir='ltr'><strong>idoneus</strong></span> <span class='ocrx_word' id='word_1_128' title='bbox 756 1387 794 1446; x_wconf 84' lang='lat' dir='ltr'><strong>ed</strong></span> <span class='ocrx_word' id='word_1_129' title='bbox 807 1407 880 1465; x_wconf 91' lang='lat' dir='ltr'><strong>opus</strong></span> <span class='ocrx_word' id='word_1_130' title='bbox 893 1389 931 1448; x_wconf 86' lang='lat' dir='ltr'><strong>ad</strong></span> <span class='ocrx_word' id='word_1_131' title='bbox 951 1390 1029 1468; x_wconf 88' lang='lat' dir='ltr'><strong>quod</strong></span> <span class='ocrx_word' id='word_1_132' title='bbox 1042 1401 1171 1454; x_wconf 79' lang='lat' dir='ltr'><strong>vocetur.</strong></span> <span class='ocrx_word' id='word_1_133' title='bbox 1214 1395 1310 1471; x_wconf 81' lang='lat' dir='ltr'><strong>Quum</strong></span> 
     </span>
     <span class='ocr_line' id='line_1_14' title="bbox 97 1466 1310 1547; baseline 0.01 -24"><span class='ocrx_word' id='word_1_134' title='bbox 97 1485 171 1544; x_wconf 82' lang='lat' dir='ltr'><strong>ergo</strong></span> <span class='ocrx_word' id='word_1_135' title='bbox 186 1467 299 1526; x_wconf 86' lang='lat' dir='ltr'><strong>Paulus</strong></span> <span class='ocrx_word' id='word_1_136' title='bbox 312 1466 392 1541; x_wconf 84' lang='lat' dir='ltr'><strong>dicit,</strong></span> <span class='ocrx_word' id='word_1_137' title='bbox 408 1469 435 1525; x_wconf 93' lang='lat' dir='ltr'><strong>l.</strong></span> <span class='ocrx_word' id='word_1_138' title='bbox 450 1466 515 1524; x_wconf 86' lang='lat' dir='ltr'><strong>Cor.</strong></span> <span class='ocrx_word' id='word_1_139' title='bbox 529 1467 571 1524; x_wconf 88' lang='lat' dir='ltr'><strong>ix.</strong></span> <span class='ocrx_word' id='word_1_140' title='bbox 586 1469 634 1524; x_wconf 74' lang='lat'><strong>27.</strong></span> <span class='ocrx_word' id='word_1_141' title='bbox 655 1468 693 1526; x_wconf 83' lang='lat' dir='ltr'><strong>Se</strong></span> <span class='ocrx_word' id='word_1_142' title='bbox 706 1471 874 1528; x_wconf 77' lang='lat' dir='ltr'><strong>contendere</strong></span> <span class='ocrx_word' id='word_1_143' title='bbox 888 1489 991 1546; x_wconf 73' lang='lat' dir='ltr'><strong>corpus</strong></span> <span class='ocrx_word' id='word_1_144' title='bbox 1007 1491 1098 1547; x_wconf 80' lang='lat' dir='ltr'><strong>suum,</strong></span> <span class='ocrx_word' id='word_1_145' title='bbox 1120 1493 1157 1532; x_wconf 81' lang='lat' dir='ltr'><strong>ne</strong></span> <span class='ocrx_word' id='word_1_146' title='bbox 1169 1495 1232 1533; x_wconf 85' lang='lat' dir='ltr'><strong>cum</strong></span> <span class='ocrx_word' id='word_1_147' title='bbox 1244 1476 1310 1535; x_wconf 79' lang='lat' dir='ltr'><strong>aliie</strong></span> 
     </span>
     <span class='ocr_line' id='line_1_15' title="bbox 92 1542 1309 1630; baseline 0.007 -25"><span class='ocrx_word' id='word_1_148' title='bbox 92 1546 308 1622; x_wconf 78' lang='lat' dir='ltr'><strong>proedieooerit,</strong></span> <span class='ocrx_word' id='word_1_149' title='bbox 323 1546 382 1623; x_wconf 69' lang='lat' dir='ltr'><strong>epae</strong></span> <span class='ocrx_word' id='word_1_150' title='bbox 395 1546 552 1606; x_wconf 71' lang='grc' dir='ltr'><strong>ἱιιυοιιίαειιν</strong></span> <span class='ocrx_word' id='word_1_151' title='bbox 564 1542 689 1622; x_wconf 51' lang='lat' dir='ltr'><strong>adep«,</strong></span> <span class='ocrx_word' id='word_1_152' title='bbox 704 1566 762 1606; x_wconf 90' lang='lat' dir='ltr'><strong>non</strong></span> <span class='ocrx_word' id='word_1_153' title='bbox 776 1548 840 1608; x_wconf 81' lang='lat' dir='ltr'><strong>vult</strong></span> <span class='ocrx_word' id='word_1_154' title='bbox 853 1567 1014 1628; x_wconf 80' lang='lat' dir='ltr'><strong>supponere</strong></span> <span class='ocrx_word' id='word_1_155' title='bbox 1028 1570 1152 1630; x_wconf 87' lang='lat' dir='ltr'><strong>seposse</strong></span> <span class='ocrx_word' id='word_1_156' title='bbox 1166 1573 1203 1612; x_wconf 81' lang='lat' dir='ltr'><strong>ex</strong></span> <span class='ocrx_word' id='word_1_157' title='bbox 1217 1555 1309 1615; x_wconf 89' lang='lat' dir='ltr'><strong>electo</strong></span> 
     </span>
     <span class='ocr_line' id='line_1_16' title="bbox 97 1624 1308 1712; baseline 0.01 -29"><span class='ocrx_word' id='word_1_158' title='bbox 97 1625 164 1684; x_wconf 87' lang='lat' dir='ltr'><strong>fieri</strong></span> <span class='ocrx_word' id='word_1_159' title='bbox 177 1624 342 1704; x_wconf 86' lang='lat' dir='ltr'><strong>reprobum,</strong></span> <span class='ocrx_word' id='word_1_160' title='bbox 357 1624 410 1684; x_wconf 92' lang='lat' dir='ltr'><strong>aed</strong></span> <span class='ocrx_word' id='word_1_161' title='bbox 423 1625 517 1684; x_wconf 89' lang='lat' dir='ltr'><strong>innuit</strong></span> <span class='ocrx_word' id='word_1_162' title='bbox 529 1633 642 1686; x_wconf 81' lang='lat' dir='ltr'><strong>tantum</strong></span> <span class='ocrx_word' id='word_1_163' title='bbox 656 1645 688 1686; x_wconf 87' lang='lat' dir='ltr'><strong>se</strong></span> <span class='ocrx_word' id='word_1_164' title='bbox 701 1646 805 1704; x_wconf 91' lang='lat' dir='ltr'><strong>corpus</strong></span> <span class='ocrx_word' id='word_1_165' title='bbox 819 1647 902 1688; x_wconf 90' lang='lat' dir='ltr'><strong>suum</strong></span> <span class='ocrx_word' id='word_1_166' title='bbox 922 1629 954 1688; x_wconf 92' lang='lat' dir='ltr'><strong>in</strong></span> <span class='ocrx_word' id='word_1_167' title='bbox 976 1631 1144 1692; x_wconf 84' lang='lat' dir='ltr'><strong>servitutem</strong></span> <span class='ocrx_word' id='word_1_168' title='bbox 1168 1633 1308 1712; x_wconf 82' lang='lat' dir='ltr'><strong>redigere,</strong></span> 
     </span>
     <span class='ocr_line' id='line_1_17' title="bbox 95 1701 1310 1792; baseline 0.01 -29"><span class='ocrx_word' id='word_1_169' title='bbox 95 1725 134 1764; x_wconf 93' lang='lat' dir='ltr'><strong>ne</strong></span> <span class='ocrx_word' id='word_1_170' title='bbox 150 1705 189 1766; x_wconf 93' lang='lat' dir='ltr'><strong>ob</strong></span> <span class='ocrx_word' id='word_1_171' title='bbox 204 1706 295 1765; x_wconf 83' lang='lat' dir='ltr'><strong>vitam</strong></span> <span class='ocrx_word' id='word_1_172' title='bbox 308 1704 532 1766; x_wconf 88' lang='lat' dir='ltr'><strong>licentiosiorem</strong></span> <span class='ocrx_word' id='word_1_173' title='bbox 544 1701 659 1782; x_wconf 56' lang='lat' dir='ltr'><strong>tilam</strong></span> <span class='ocrx_word' id='word_1_174' title='bbox 674 1714 704 1766; x_wconf 90' lang='lat' dir='ltr'><strong>et</strong></span> <span class='ocrx_word' id='word_1_175' title='bbox 723 1706 762 1764; x_wconf 84' lang='lat' dir='ltr'><strong>ed</strong></span> <span class='ocrx_word' id='word_1_176' title='bbox 775 1707 932 1786; x_wconf 74' lang='lat' dir='ltr'><strong>Evangelii</strong></span> <span class='ocrx_word' id='word_1_177' title='bbox 945 1709 1179 1786; x_wconf 69' lang='lat' dir='ltr'><strong>predicationem</strong></span> <span class='ocrx_word' id='word_1_178' title='bbox 1193 1713 1310 1792; x_wconf 87' lang='lat' dir='ltr'><strong>ineptus</strong></span> 
     </span>
     <span class='ocr_line' id='line_1_18' title="bbox 98 1783 1311 1887; baseline 0.008 -42"><span class='ocrx_word' id='word_1_179' title='bbox 98 1784 289 1878; x_wconf 68' lang='lat' dir='ltr'><strong>redderetur3</strong></span> <span class='ocrx_word' id='word_1_180' title='bbox 308 1783 416 1877; x_wconf 67' lang='lat' dir='ltr'><strong>plludit</strong></span> <span class='ocrx_word' id='word_1_181' title='bbox 436 1783 599 1880; x_wconf 73' lang='lat' dir='ltr'><strong>scilicetad</strong></span> <span class='ocrx_word' id='word_1_182' title='bbox 619 1785 743 1879; x_wconf 81' lang='lat' dir='ltr'><strong>pugiles,</strong></span> <span class='ocrx_word' id='word_1_183' title='bbox 768 1807 890 1864; x_wconf 91' lang='lat' dir='ltr'><strong>quorum</strong></span> <span class='ocrx_word' id='word_1_184' title='bbox 905 1788 925 1846; x_wconf 93' lang='lat' dir='ltr'><strong>ii</strong></span> <span class='ocrx_word' id='word_1_185' title='bbox 940 1790 999 1880; x_wconf 29' lang='lat' dir='ltr'><strong>‘qui</strong></span> <span class='ocrx_word' id='word_1_186' title='bbox 1020 1790 1158 1884; x_wconf 78' lang='lat' dir='ltr'><strong>desidiosi</strong></span> <span class='ocrx_word' id='word_1_187' title='bbox 1180 1803 1261 1886; x_wconf 71' lang='lat' dir='ltr'><strong>erent</strong></span> <span class='ocrx_word' id='word_1_188' title='bbox 1281 1803 1311 1887; x_wconf 78' lang='lat' dir='ltr'><strong>et</strong></span> 
     </span>
     <span class='ocr_line' id='line_1_19' title="bbox 98 1864 1311 2028; baseline 0.008 -26"><span class='ocrx_word' id='word_1_189' title='bbox 98 1883 181 2002; x_wconf 68' lang='lat' dir='ltr'><strong>{tt</strong></span> <span class='ocrx_word' id='word_1_190' title='bbox 193 1864 1180 2022; x_wconf 52' lang='lat' dir='ltr'><strong>{iffitttttttttttltttttttt..”¹itttitttt</strong></span> <span class='ocrx_word' id='word_1_191' title='bbox 1193 1872 1311 2028; x_wconf 64' lang='lat' dir='ltr'><strong>titt:</strong></span> 
     </span>
     <span class='ocr_line' id='line_1_20' title="bbox 98 2021 870 2100; baseline 0.001 -17"><span class='ocrx_word' id='word_1_192' title='bbox 98 2043 169 2100; x_wconf 84' lang='lat' dir='ltr'><strong>quse</strong></span> <span class='ocrx_word' id='word_1_193' title='bbox 182 2041 267 2084; x_wconf 86' lang='lat' dir='ltr'><strong>nsum</strong></span> <span class='ocrx_word' id='word_1_194' title='bbox 281 2022 439 2084; x_wconf 87' lang='lat' dir='ltr'><strong>mediorum</strong></span> <span class='ocrx_word' id='word_1_195' title='bbox 455 2043 512 2082; x_wconf 93' lang='lat' dir='ltr'><strong>non</strong></span> <span class='ocrx_word' id='word_1_196' title='bbox 526 2021 663 2099; x_wconf 84' lang='lat' dir='ltr'><strong>excludit,</strong></span> <span class='ocrx_word' id='word_1_197' title='bbox 674 2025 726 2084; x_wconf 90' lang='lat' dir='ltr'><strong>sed</strong></span> <span class='ocrx_word' id='word_1_198' title='bbox 738 2024 870 2084; x_wconf 85' lang='lat' dir='ltr'><strong>includit</strong></span> 
     </span>
    </p>

    <p class='ocr_par' dir='ltr' id='par_1_10' title="bbox 144 2101 1308 2181">
     <span class='ocr_line' id='line_1_21' title="bbox 144 2101 1308 2181; baseline 0.006 -19"><span class='ocrx_word' id='word_1_199' title='bbox 144 2102 272 2162; x_wconf 85' lang='lat' dir='ltr'>XVIII.</span> <span class='ocrx_word' id='word_1_200' title='bbox 294 2101 414 2162; x_wconf 83' lang='lat' dir='ltr'><strong>Electus</strong></span> <span class='ocrx_word' id='word_1_201' title='bbox 426 2111 523 2180; x_wconf 80' lang='lat' dir='ltr'><strong>potest</strong></span> <span class='ocrx_word' id='word_1_202' title='bbox 535 2103 657 2162; x_wconf 87' lang='lat' dir='ltr'><strong>deficere</strong></span> <span class='ocrx_word' id='word_1_203' title='bbox 671 2104 702 2164; x_wconf 92' lang='lat' dir='ltr'><strong>in</strong></span> <span class='ocrx_word' id='word_1_204' title='bbox 714 2124 796 2164; x_wconf 83' lang='lat' dir='ltr'><strong>sensu</strong></span> <span class='ocrx_word' id='word_1_205' title='bbox 809 2105 905 2179; x_wconf 67' lang='lat' dir='ltr'><strong>diruto,</strong></span> <span class='ocrx_word' id='word_1_206' title='bbox 921 2124 979 2181; x_wconf 88' lang='lat' dir='ltr'><strong>qua</strong></span> <span class='ocrx_word' id='word_1_207' title='bbox 998 2106 1085 2166; x_wconf 88' lang='lat' dir='ltr'><strong>homo</strong></span> <span class='ocrx_word' id='word_1_208' title='bbox 1106 2106 1137 2164; x_wconf 92' lang='lat' dir='ltr'><strong>in</strong></span> <span class='ocrx_word' id='word_1_209' title='bbox 1161 2127 1192 2168; x_wconf 89' lang='lat' dir='ltr'><strong>se</strong></span> <span class='ocrx_word' id='word_1_210' title='bbox 1214 2110 1308 2169; x_wconf 88' lang='lat' dir='ltr'><strong>consi-</strong></span> 
     </span>
    </p>
   </div>
   <div class='ocr_carea' id='block_1_3' title="bbox 99 2181 1425 2262">
    <p class='ocr_par' dir='ltr' id='par_1_11' title="bbox 99 2181 1425 2262">
     <span class='ocr_line' id='line_1_22' title="bbox 99 2181 1425 2262; baseline 0.005 -18"><span class='ocrx_word' id='word_1_211' title='bbox 99 2181 241 2244; x_wconf 74' lang='lat' dir='ltr'><strong>deretur:</strong></span> <span class='ocrx_word' id='word_1_212' title='bbox 264 2181 316 2242; x_wconf 88' lang='lat' dir='ltr'><strong>sed</strong></span> <span class='ocrx_word' id='word_1_213' title='bbox 329 2201 388 2243; x_wconf 93' lang='lat' dir='ltr'><strong>non</strong></span> <span class='ocrx_word' id='word_1_214' title='bbox 401 2182 433 2240; x_wconf 91' lang='lat' dir='ltr'><strong>in</strong></span> <span class='ocrx_word' id='word_1_215' title='bbox 451 2203 533 2244; x_wconf 82' lang='lat' dir='ltr'><strong>sensu</strong></span> <span class='ocrx_word' id='word_1_216' title='bbox 552 2185 702 2262; x_wconf 77' lang='lat' dir='ltr'><strong>composito</strong></span> <span class='ocrx_word' id='word_1_217' title='bbox 724 2193 866 2261; x_wconf 88' lang='lat' dir='ltr'><strong>quatenus</strong></span> <span class='ocrx_word' id='word_1_218' title='bbox 890 2184 1007 2262; x_wconf 91' lang='lat' dir='ltr'><strong>electus,</strong></span> <span class='ocrx_word' id='word_1_219' title='bbox 1031 2185 1120 2246; x_wconf 83' lang='lat' dir='ltr'><strong>relate</strong></span> <span class='ocrx_word' id='word_1_220' title='bbox 1144 2187 1182 2246; x_wconf 86' lang='lat' dir='ltr'><strong>ad</strong></span> <span class='ocrx_word' id='word_1_221' title='bbox 1203 2187 1312 2249; x_wconf 88' lang='lat' dir='ltr'><strong>decreti</strong></span> <span class='ocrx_word' id='word_1_222' title='bbox 1420 2189 1425 2198; x_wconf 78' lang='lat'>&#39;</span> 
     </span>
    </p>
   </div>
   <div class='ocr_carea' id='block_1_4' title="bbox 97 2261 1312 4734">
    <p class='ocr_par' dir='ltr' id='par_1_12' title="bbox 100 2261 929 2338">
     <span class='ocr_line' id='line_1_23' title="bbox 100 2261 929 2338; baseline 0.004 -18"><span class='ocrx_word' id='word_1_223' title='bbox 100 2261 198 2322; x_wconf 79' lang='lat' dir='ltr'><strong>divini</strong></span> <span class='ocrx_word' id='word_1_224' title='bbox 210 2261 482 2338; x_wconf 70' lang='lat' dir='ltr'><strong>immutabilitatem,</strong></span> <span class='ocrx_word' id='word_1_225' title='bbox 494 2269 523 2322; x_wconf 88' lang='lat' dir='ltr'><strong>et</strong></span> <span class='ocrx_word' id='word_1_226' title='bbox 537 2262 675 2324; x_wconf 78' lang='lat' dir='ltr'><strong>mvietsm</strong></span> <span class='ocrx_word' id='word_1_227' title='bbox 690 2263 746 2323; x_wconf 89' lang='lat' dir='ltr'><strong>Dei</strong></span> <span class='ocrx_word' id='word_1_228' title='bbox 760 2263 929 2324; x_wconf 79' lang='lat' dir='ltr'><strong>custodiam.</strong></span> 
     </span>
    </p>

    <p class='ocr_par' dir='ltr' id='par_1_13' title="bbox 97 2341 1312 4332">
     <span class='ocr_line' id='line_1_24' title="bbox 144 2341 1312 2420; baseline 0.008 -20"><span class='ocrx_word' id='word_1_229' title='bbox 144 2341 241 2400; x_wconf 85' lang='lat' dir='ltr'>XIX.</span> <span class='ocrx_word' id='word_1_230' title='bbox 262 2343 350 2400; x_wconf 74' lang='lat' dir='ltr'><strong>Liber</strong></span> <span class='ocrx_word' id='word_1_231' title='bbox 362 2341 398 2401; x_wconf 89' lang='lat' dir='ltr'><strong>de</strong></span> <span class='ocrx_word' id='word_1_232' title='bbox 412 2361 470 2419; x_wconf 90' lang='lat' dir='ltr'><strong>qno</strong></span> <span class='ocrx_word' id='word_1_233' title='bbox 485 2342 584 2402; x_wconf 87' lang='lat' dir='ltr'><strong>Moses</strong></span> <span class='ocrx_word' id='word_1_234' title='bbox 597 2350 679 2420; x_wconf 88' lang='lat' dir='ltr'><strong>optat</strong></span> <span class='ocrx_word' id='word_1_235' title='bbox 692 2343 790 2419; x_wconf 89' lang='lat' dir='ltr'><strong>deleri,</strong></span> <span class='ocrx_word' id='word_1_236' title='bbox 806 2343 901 2404; x_wconf 81' lang='lat' dir='ltr'><strong>Exod.</strong></span> <span class='ocrx_word' id='word_1_237' title='bbox 923 2344 1017 2404; x_wconf 84' lang='lat' dir='ltr'><strong>xxxii.</strong></span> <span class='ocrx_word' id='word_1_238' title='bbox 1032 2346 1081 2406; x_wconf 78' lang='lat'><strong>32.</strong></span> <span class='ocrx_word' id='word_1_239' title='bbox 1102 2354 1220 2408; x_wconf 91' lang='lat' dir='ltr'><strong>nonest</strong></span> <span class='ocrx_word' id='word_1_240' title='bbox 1242 2348 1312 2408; x_wconf 74' lang='lat' dir='ltr'><strong>liber</strong></span> 
     </span>
     <span class='ocr_line' id='line_1_25' title="bbox 99 2421 1310 2504; baseline 0.006 -22"><span class='ocrx_word' id='word_1_241' title='bbox 99 2422 168 2482; x_wconf 80' lang='lat' dir='ltr'><strong>ritoe</strong></span> <span class='ocrx_word' id='word_1_242' title='bbox 180 2430 300 2496; x_wconf 55' lang='grc' dir='ltr'><strong>σῶμα,</strong></span> <span class='ocrx_word' id='word_1_243' title='bbox 316 2441 367 2482; x_wconf 87' lang='lat' dir='ltr'><strong>asu</strong></span> <span class='ocrx_word' id='word_1_244' title='bbox 380 2421 641 2498; x_wconf 73' lang='lat' dir='ltr'><strong>praedestinationis</strong></span> <span class='ocrx_word' id='word_1_245' title='bbox 651 2445 659 2498; x_wconf 89' lang='lat'>;</span> <span class='ocrx_word' id='word_1_246' title='bbox 682 2423 733 2484; x_wconf 88' lang='lat' dir='ltr'><strong>sed</strong></span> <span class='ocrx_word' id='word_1_247' title='bbox 747 2423 815 2482; x_wconf 76' lang='lat' dir='ltr'><strong>leber</strong></span> <span class='ocrx_word' id='word_1_248' title='bbox 824 2424 1018 2500; x_wconf 66' lang='lat' dir='ltr'><strong>procidente,</strong></span> <span class='ocrx_word' id='word_1_249' title='bbox 1041 2444 1092 2486; x_wconf 89' lang='lat' dir='ltr'><strong>seu</strong></span> <span class='ocrx_word' id='word_1_250' title='bbox 1113 2425 1177 2487; x_wconf 70' lang='lat' dir='ltr'><strong>uitae</strong></span> <span class='ocrx_word' id='word_1_251' title='bbox 1184 2447 1310 2504; x_wconf 66' lang='lat' dir='ltr'><strong>proteu</strong></span> 
     </span>
     <span class='ocr_line' id='line_1_26' title="bbox 98 2500 1310 2586; baseline 0.007 -26"><span class='ocrx_word' id='word_1_252' title='bbox 98 2501 148 2574; x_wconf 78' lang='lat' dir='ltr'><strong>tis,</strong></span> <span class='ocrx_word' id='word_1_253' title='bbox 163 2509 196 2560; x_wconf 93' lang='lat' dir='ltr'><strong>ut</strong></span> <span class='ocrx_word' id='word_1_254' title='bbox 209 2500 313 2560; x_wconf 90' lang='lat' dir='ltr'><strong>doceat</strong></span> <span class='ocrx_word' id='word_1_255' title='bbox 326 2520 357 2560; x_wconf 87' lang='lat' dir='ltr'><strong>ee</strong></span> <span class='ocrx_word' id='word_1_256' title='bbox 370 2509 451 2562; x_wconf 81' lang='lat' dir='ltr'><strong>tento</strong></span> <span class='ocrx_word' id='word_1_257' title='bbox 465 2521 536 2580; x_wconf 89' lang='lat' dir='ltr'><strong>erga</strong></span> <span class='ocrx_word' id='word_1_258' title='bbox 550 2501 606 2562; x_wconf 90' lang='lat' dir='ltr'><strong>Dei</strong></span> <span class='ocrx_word' id='word_1_259' title='bbox 620 2503 741 2580; x_wconf 86' lang='lat' dir='ltr'><strong>gloriam</strong></span> <span class='ocrx_word' id='word_1_260' title='bbox 755 2502 827 2578; x_wconf 80' lang='lat' dir='ltr'><strong>zelo,</strong></span> <span class='ocrx_word' id='word_1_261' title='bbox 849 2512 878 2564; x_wconf 89' lang='lat' dir='ltr'><strong>et</strong></span> <span class='ocrx_word' id='word_1_262' title='bbox 891 2511 972 2564; x_wconf 78' lang='lat' dir='ltr'><strong>tnnts</strong></span> <span class='ocrx_word' id='word_1_263' title='bbox 985 2504 1124 2566; x_wconf 64' lang='lat' dir='ltr'><strong>chanuto</strong></span> <span class='ocrx_word' id='word_1_264' title='bbox 1137 2525 1208 2584; x_wconf 91' lang='lat' dir='ltr'><strong>erga</strong></span> <span class='ocrx_word' id='word_1_265' title='bbox 1220 2527 1310 2586; x_wconf 89' lang='lat' dir='ltr'><strong>popu·</strong></span> 
     </span>
     <span class='ocr_line' id='line_1_27' title="bbox 98 2579 1312 2664; baseline 0.008 -26"><span class='ocrx_word' id='word_1_266' title='bbox 98 2581 165 2642; x_wconf 88' lang='lat' dir='ltr'><strong>lum</strong></span> <span class='ocrx_word' id='word_1_267' title='bbox 185 2579 263 2654; x_wconf 77' lang='lat' dir='ltr'><strong>terri,</strong></span> <span class='ocrx_word' id='word_1_268' title='bbox 284 2589 318 2640; x_wconf 91' lang='lat' dir='ltr'><strong>ut</strong></span> <span class='ocrx_word' id='word_1_269' title='bbox 335 2579 454 2644; x_wconf 90' lang='lat' dir='ltr'><strong>interitu</strong></span> <span class='ocrx_word' id='word_1_270' title='bbox 474 2601 528 2642; x_wconf 83' lang='lat' dir='ltr'><strong>suo</strong></span> <span class='ocrx_word' id='word_1_271' title='bbox 540 2591 659 2658; x_wconf 86' lang='lat' dir='ltr'><strong>paratus</strong></span> <span class='ocrx_word' id='word_1_272' title='bbox 680 2583 719 2642; x_wconf 92' lang='lat' dir='ltr'><strong>sit</strong></span> <span class='ocrx_word' id='word_1_273' title='bbox 741 2583 882 2644; x_wconf 85' lang='lat' dir='ltr'><strong>redimere</strong></span> <span class='ocrx_word' id='word_1_274' title='bbox 905 2584 994 2644; x_wconf 89' lang='lat' dir='ltr'><strong>totius</strong></span> <span class='ocrx_word' id='word_1_275' title='bbox 1016 2585 1116 2663; x_wconf 92' lang='lat' dir='ltr'><strong>populi</strong></span> <span class='ocrx_word' id='word_1_276' title='bbox 1137 2587 1267 2664; x_wconf 86' lang='lat' dir='ltr'><strong>exitium,</strong></span> <span class='ocrx_word' id='word_1_277' title='bbox 1282 2596 1312 2648; x_wconf 88' lang='lat' dir='ltr'><strong>et</strong></span> 
     </span>
     <span class='ocr_line' id='line_1_28' title="bbox 97 2659 1310 2746; baseline 0.004 -24"><span class='ocrx_word' id='word_1_278' title='bbox 97 2668 184 2738; x_wconf 87' lang='lat' dir='ltr'><strong>optet</strong></span> <span class='ocrx_word' id='word_1_279' title='bbox 197 2659 295 2737; x_wconf 89' lang='lat' dir='ltr'><strong>potins</strong></span> <span class='ocrx_word' id='word_1_280' title='bbox 308 2659 389 2736; x_wconf 90' lang='lat' dir='ltr'><strong>mori,</strong></span> <span class='ocrx_word' id='word_1_281' title='bbox 405 2680 492 2738; x_wconf 87' lang='lat' dir='ltr'><strong>quem</strong></span> <span class='ocrx_word' id='word_1_282' title='bbox 505 2661 670 2722; x_wconf 82' lang='lat' dir='ltr'><strong>universum</strong></span> <span class='ocrx_word' id='word_1_283' title='bbox 682 2663 763 2725; x_wconf 81' lang='lat' dir='ltr'><strong>illam</strong></span> <span class='ocrx_word' id='word_1_284' title='bbox 776 2673 901 2740; x_wconf 70' lang='lat' dir='ltr'><strong>gentem</strong></span> <span class='ocrx_word' id='word_1_285' title='bbox 914 2663 944 2722; x_wconf 93' lang='lat' dir='ltr'><strong>in</strong></span> <span class='ocrx_word' id='word_1_286' title='bbox 953 2663 1049 2724; x_wconf 84' lang='lat' dir='ltr'><strong>foedus</strong></span> <span class='ocrx_word' id='word_1_287' title='bbox 1058 2664 1114 2725; x_wconf 88' lang='lat' dir='ltr'><strong>Dei</strong></span> <span class='ocrx_word' id='word_1_288' title='bbox 1127 2665 1310 2746; x_wconf 79' lang='lat' dir='ltr'><strong>adscriptum,</strong></span> 
     </span>
     <span class='ocr_line' id='line_1_29' title="bbox 98 2739 1312 2824; baseline 0.004 -22"><span class='ocrx_word' id='word_1_289' title='bbox 98 2749 148 2802; x_wconf 86' lang='lat' dir='ltr'><strong>tot</strong></span> <span class='ocrx_word' id='word_1_290' title='bbox 160 2739 308 2800; x_wconf 78' lang='lat' dir='ltr'><strong>miraculis</strong></span> <span class='ocrx_word' id='word_1_291' title='bbox 321 2740 437 2815; x_wconf 82' lang='lat' dir='ltr'><strong>clarum,</strong></span> <span class='ocrx_word' id='word_1_292' title='bbox 452 2759 518 2803; x_wconf 89' lang='lat' dir='ltr'><strong>cnm</strong></span> <span class='ocrx_word' id='word_1_293' title='bbox 532 2760 646 2818; x_wconf 84' lang='lat' dir='ltr'><strong>magna,</strong></span> <span class='ocrx_word' id='word_1_294' title='bbox 661 2750 694 2802; x_wconf 91' lang='lat' dir='ltr'><strong>ut</strong></span> <span class='ocrx_word' id='word_1_295' title='bbox 706 2742 868 2819; x_wconf 85' lang='lat' dir='ltr'><strong>videbatur,</strong></span> <span class='ocrx_word' id='word_1_296' title='bbox 883 2743 1016 2804; x_wconf 89' lang='lat' dir='ltr'><strong>Nominis</strong></span> <span class='ocrx_word' id='word_1_297' title='bbox 1037 2743 1129 2804; x_wconf 86' lang='lat' dir='ltr'><strong>divini</strong></span> <span class='ocrx_word' id='word_1_298' title='bbox 1153 2745 1312 2824; x_wconf 83' lang='lat' dir='ltr'><strong>ignominie</strong></span> 
     </span>
     <span class='ocr_line' id='line_1_30' title="bbox 98 2818 1311 2902; baseline 0.005 -22"><span class='ocrx_word' id='word_1_299' title='bbox 98 2821 132 2880; x_wconf 89' lang='lat' dir='ltr'><strong>iu</strong></span> <span class='ocrx_word' id='word_1_300' title='bbox 148 2818 264 2880; x_wconf 71' lang='lat' dir='ltr'><strong>deceno</strong></span> <span class='ocrx_word' id='word_1_301' title='bbox 277 2819 388 2897; x_wconf 87' lang='lat' dir='ltr'><strong>perire:</strong></span> <span class='ocrx_word' id='word_1_302' title='bbox 410 2821 472 2880; x_wconf 91' lang='lat' dir='ltr'><strong>Neo</strong></span> <span class='ocrx_word' id='word_1_303' title='bbox 492 2818 608 2881; x_wconf 83' lang='lat' dir='ltr'><strong>difficile</strong></span> <span class='ocrx_word' id='word_1_304' title='bbox 621 2829 666 2882; x_wconf 89' lang='lat' dir='ltr'><strong>est</strong></span> <span class='ocrx_word' id='word_1_305' title='bbox 679 2822 734 2882; x_wconf 88' lang='lat' dir='ltr'><strong>hoc</strong></span> <span class='ocrx_word' id='word_1_306' title='bbox 748 2821 893 2899; x_wconf 81' lang='lat' dir='ltr'><strong>colligere,</strong></span> <span class='ocrx_word' id='word_1_307' title='bbox 908 2830 970 2882; x_wconf 90' lang='lat' dir='ltr'><strong>tum</strong></span> <span class='ocrx_word' id='word_1_308' title='bbox 993 2843 1032 2882; x_wconf 83' lang='lat' dir='ltr'><strong>ex</strong></span> <span class='ocrx_word' id='word_1_309' title='bbox 1045 2843 1080 2884; x_wconf 92' lang='lat' dir='ltr'><strong>eo</strong></span> <span class='ocrx_word' id='word_1_310' title='bbox 1104 2825 1183 2902; x_wconf 91' lang='lat' dir='ltr'><strong>quod</strong></span> <span class='ocrx_word' id='word_1_311' title='bbox 1202 2827 1311 2888; x_wconf 86' lang='lat' dir='ltr'><strong>mentio</strong></span> 
     </span>
     <span class='ocr_line' id='line_1_31' title="bbox 98 2898 1310 2980; baseline 0.008 -23"><span class='ocrx_word' id='word_1_312' title='bbox 98 2899 136 2960; x_wconf 83' lang='lat' dir='ltr'><strong>fit</strong></span> <span class='ocrx_word' id='word_1_313' title='bbox 150 2906 264 2958; x_wconf 71' lang='lat' dir='ltr'><strong>tuntum</strong></span> <span class='ocrx_word' id='word_1_314' title='bbox 276 2898 344 2958; x_wconf 86' lang='lat' dir='ltr'><strong>libri</strong></span> <span class='ocrx_word' id='word_1_315' title='bbox 359 2900 422 2975; x_wconf 88' lang='lat' dir='ltr'><strong>Dei,</strong></span> <span class='ocrx_word' id='word_1_316' title='bbox 438 2903 499 2960; x_wconf 79' lang='lat' dir='ltr'><strong>dele</strong></span> <span class='ocrx_word' id='word_1_317' title='bbox 511 2920 556 2960; x_wconf 84' lang='lat' dir='ltr'><strong>me</strong></span> <span class='ocrx_word' id='word_1_318' title='bbox 569 2903 604 2960; x_wconf 85' lang='lat' dir='ltr'><strong>de</strong></span> <span class='ocrx_word' id='word_1_319' title='bbox 617 2902 688 2960; x_wconf 68' lang='lat' dir='ltr'><strong>libro</strong></span> <span class='ocrx_word' id='word_1_320' title='bbox 701 2909 756 2977; x_wconf 78' lang='lat' dir='ltr'><strong>trec,</strong></span> <span class='ocrx_word' id='word_1_321' title='bbox 781 2920 840 2960; x_wconf 90' lang='lat' dir='ltr'><strong>non</strong></span> <span class='ocrx_word' id='word_1_322' title='bbox 852 2901 920 2960; x_wconf 86' lang='lat' dir='ltr'><strong>libri</strong></span> <span class='ocrx_word' id='word_1_323' title='bbox 934 2903 1019 2978; x_wconf 76' lang='lat' dir='ltr'><strong>vitae3</strong></span> <span class='ocrx_word' id='word_1_324' title='bbox 1043 2911 1104 2962; x_wconf 91' lang='lat' dir='ltr'><strong>tum</strong></span> <span class='ocrx_word' id='word_1_325' title='bbox 1117 2905 1196 2980; x_wconf 92' lang='lat' dir='ltr'><strong>quod</strong></span> <span class='ocrx_word' id='word_1_326' title='bbox 1209 2915 1310 2966; x_wconf 88' lang='lat' dir='ltr'><strong>votum</strong></span> 
     </span>
     <span class='ocr_line' id='line_1_32' title="bbox 99 2978 1312 3059; baseline 0.006 -20"><span class='ocrx_word' id='word_1_327' title='bbox 99 2978 198 3039; x_wconf 77' lang='lat' dir='ltr'><strong>blesis</strong></span> <span class='ocrx_word' id='word_1_328' title='bbox 210 2978 384 3056; x_wconf 88' lang='lat' dir='ltr'><strong>respondere</strong></span> <span class='ocrx_word' id='word_1_329' title='bbox 394 2979 481 3040; x_wconf 90' lang='lat' dir='ltr'><strong>debet</strong></span> <span class='ocrx_word' id='word_1_330' title='bbox 493 2999 596 3057; x_wconf 82' lang='lat' dir='ltr'><strong>poenre,</strong></span> <span class='ocrx_word' id='word_1_331' title='bbox 610 2999 697 3058; x_wconf 80' lang='lat' dir='ltr'><strong>quom</strong></span> <span class='ocrx_word' id='word_1_332' title='bbox 710 2980 851 3040; x_wconf 73' lang='lat' dir='ltr'><strong>adversus</strong></span> <span class='ocrx_word' id='word_1_333' title='bbox 864 2981 1002 3059; x_wconf 90' lang='lat' dir='ltr'><strong>populum</strong></span> <span class='ocrx_word' id='word_1_334' title='bbox 1017 2982 1098 3042; x_wconf 88' lang='lat' dir='ltr'><strong>Deus</strong></span> <span class='ocrx_word' id='word_1_335' title='bbox 1111 2983 1312 3045; x_wconf 84' lang='lat' dir='ltr'><strong>interminatus</strong></span> 
     </span>
     <span class='ocr_line' id='line_1_33' title="bbox 99 3057 1312 3138; baseline 0.004 -20"><span class='ocrx_word' id='word_1_336' title='bbox 99 3058 206 3133; x_wconf 82' lang='lat' dir='ltr'><strong>fuerat,</strong></span> <span class='ocrx_word' id='word_1_337' title='bbox 220 3077 287 3134; x_wconf 73' lang='lat' dir='ltr'><strong>quse</strong></span> <span class='ocrx_word' id='word_1_338' title='bbox 306 3057 370 3134; x_wconf 81' lang='lat' dir='ltr'><strong>fuit,</strong></span> <span class='ocrx_word' id='word_1_339' title='bbox 386 3058 552 3135; x_wconf 83' lang='lat' dir='ltr'><strong>destructio,</strong></span> <span class='ocrx_word' id='word_1_340' title='bbox 567 3067 597 3120; x_wconf 89' lang='lat' dir='ltr'><strong>et</strong></span> <span class='ocrx_word' id='word_1_341' title='bbox 617 3079 695 3120; x_wconf 91' lang='lat' dir='ltr'><strong>mors</strong></span> <span class='ocrx_word' id='word_1_342' title='bbox 719 3077 864 3136; x_wconf 86' lang='lat' dir='ltr'><strong>corporea,</strong></span> <span class='ocrx_word' id='word_1_343' title='bbox 886 3079 925 3118; x_wconf 85' lang='lat' dir='ltr'><strong>ex</strong></span> <span class='ocrx_word' id='word_1_344' title='bbox 947 3081 977 3118; x_wconf 85' lang='lat' dir='ltr'><strong>v.</strong></span> <span class='ocrx_word' id='word_1_345' title='bbox 1002 3063 1050 3120; x_wconf 90' lang='lat'><strong>10.</strong></span> <span class='ocrx_word' id='word_1_346' title='bbox 1072 3062 1189 3120; x_wconf 78' lang='lat' dir='ltr'><strong>Dimitte</strong></span> <span class='ocrx_word' id='word_1_347' title='bbox 1212 3084 1264 3138; x_wconf 88' lang='lat' dir='ltr'><strong>me,</strong></span> <span class='ocrx_word' id='word_1_348' title='bbox 1279 3075 1312 3123; x_wconf 84' lang='lat' dir='ltr'><strong>nt</strong></span> 
     </span>
     <span class='ocr_line' id='line_1_34' title="bbox 100 3138 1310 3238; baseline 0.004 -42"><span class='ocrx_word' id='word_1_349' title='bbox 100 3138 345 3212; x_wconf 55' lang='lat' dir='ltr'><strong>immersuru-</strong></span> <span class='ocrx_word' id='word_1_350' title='bbox 357 3157 441 3214; x_wconf 74' lang='lat' dir='ltr'><strong>mure,</strong></span> <span class='ocrx_word' id='word_1_351' title='bbox 457 3148 484 3198; x_wconf 88' lang='lat' dir='ltr'><strong>et</strong></span> <span class='ocrx_word' id='word_1_352' title='bbox 496 3141 605 3198; x_wconf 70' lang='lat' dir='ltr'><strong>debaro</strong></span> <span class='ocrx_word' id='word_1_353' title='bbox 618 3139 846 3214; x_wconf 63' lang='lat' dir='ltr'><strong>consociansque</strong></span> <span class='ocrx_word' id='word_1_354' title='bbox 860 3148 885 3198; x_wconf 89' lang='lat' dir='ltr'><strong>te</strong></span> <span class='ocrx_word' id='word_1_355' title='bbox 898 3139 1048 3216; x_wconf 69' lang='lat' dir='ltr'><strong>ingentem</strong></span> <span class='ocrx_word' id='word_1_356' title='bbox 1061 3160 1215 3217; x_wconf 63' lang='lat' dir='ltr'><strong>magnam</strong></span> <span class='ocrx_word' id='word_1_357' title='bbox 1229 3142 1310 3238; x_wconf 80' lang='lat' dir='ltr'><strong>Ergo</strong></span> 
     </span>
     <span class='ocr_line' id='line_1_35' title="bbox 100 3215 1309 3301; baseline 0.003 -25"><span class='ocrx_word' id='word_1_358' title='bbox 100 3217 140 3276; x_wconf 93' lang='lat' dir='ltr'><strong>de</strong></span> <span class='ocrx_word' id='word_1_359' title='bbox 153 3215 258 3276; x_wconf 89' lang='lat' dir='ltr'><strong>eodem</strong></span> <span class='ocrx_word' id='word_1_360' title='bbox 272 3217 374 3280; x_wconf 87' lang='lat' dir='ltr'><strong>mortis</strong></span> <span class='ocrx_word' id='word_1_361' title='bbox 387 3237 493 3296; x_wconf 86' lang='lat' dir='ltr'><strong>genere</strong></span> <span class='ocrx_word' id='word_1_362' title='bbox 506 3218 608 3280; x_wconf 90' lang='lat' dir='ltr'><strong>debuit</strong></span> <span class='ocrx_word' id='word_1_363' title='bbox 630 3218 719 3296; x_wconf 91' lang='lat' dir='ltr'><strong>loqui,</strong></span> <span class='ocrx_word' id='word_1_364' title='bbox 734 3217 909 3294; x_wconf 88' lang='lat' dir='ltr'><strong>quodetiam</strong></span> <span class='ocrx_word' id='word_1_365' title='bbox 923 3218 954 3276; x_wconf 92' lang='lat' dir='ltr'><strong>in</strong></span> <span class='ocrx_word' id='word_1_366' title='bbox 976 3219 1064 3278; x_wconf 90' lang='lat' dir='ltr'><strong>simili</strong></span> <span class='ocrx_word' id='word_1_367' title='bbox 1078 3238 1149 3278; x_wconf 86' lang='lat' dir='ltr'><strong>casu</strong></span> <span class='ocrx_word' id='word_1_368' title='bbox 1162 3219 1309 3301; x_wconf 81' lang='lat' dir='ltr'><strong>intelligit,</strong></span> 
     </span>
     <span class='ocr_line' id='line_1_36' title="bbox 102 3296 1310 3378; baseline 0.007 -23"><span class='ocrx_word' id='word_1_369' title='bbox 102 3297 190 3356; x_wconf 85' lang='lat' dir='ltr'><strong>Num.</strong></span> <span class='ocrx_word' id='word_1_370' title='bbox 205 3296 248 3356; x_wconf 83' lang='lat' dir='ltr'><strong>xi.</strong></span> <span class='ocrx_word' id='word_1_371' title='bbox 265 3299 312 3357; x_wconf 73' lang='lat'><strong>15.</strong></span> <span class='ocrx_word' id='word_1_372' title='bbox 339 3297 375 3358; x_wconf 68' lang='lat' dir='ltr'><strong>Si·</strong></span> <span class='ocrx_word' id='word_1_373' title='bbox 384 3299 425 3356; x_wconf 84' lang='lat' dir='ltr'><strong>sic</strong></span> <span class='ocrx_word' id='word_1_374' title='bbox 437 3317 543 3358; x_wconf 81' lang='lat' dir='ltr'><strong>meeum</strong></span> <span class='ocrx_word' id='word_1_375' title='bbox 556 3298 626 3375; x_wconf 71' lang='lat' dir='ltr'><strong>ages,</strong></span> <span class='ocrx_word' id='word_1_376' title='bbox 642 3299 753 3358; x_wconf 69' lang='lat' dir='ltr'><strong>obacro</strong></span> <span class='ocrx_word' id='word_1_377' title='bbox 766 3307 798 3356; x_wconf 84' lang='lat' dir='ltr'><strong>ut</strong></span> <span class='ocrx_word' id='word_1_378' title='bbox 810 3298 959 3378; x_wconf 63' lang='lat' dir='ltr'><strong>interficere</strong></span> <span class='ocrx_word' id='word_1_379' title='bbox 972 3319 1023 3358; x_wconf 85' lang='lat' dir='ltr'><strong>me.</strong></span> <span class='ocrx_word' id='word_1_380' title='bbox 1046 3303 1074 3358; x_wconf 76' lang='lat'><strong>2.</strong></span> <span class='ocrx_word' id='word_1_381' title='bbox 1089 3299 1172 3362; x_wconf 87' lang='lat' dir='ltr'><strong>Llcet</strong></span> <span class='ocrx_word' id='word_1_382' title='bbox 1185 3301 1221 3362; x_wconf 93' lang='lat' dir='ltr'><strong>de</strong></span> <span class='ocrx_word' id='word_1_383' title='bbox 1234 3302 1310 3364; x_wconf 89' lang='lat' dir='ltr'><strong>libro</strong></span> 
     </span>
     <span class='ocr_line' id='line_1_37' title="bbox 101 3375 1308 3456; baseline 0.007 -22"><span class='ocrx_word' id='word_1_384' title='bbox 101 3376 172 3440; x_wconf 77' lang='lat' dir='ltr'><strong>vitre</strong></span> <span class='ocrx_word' id='word_1_385' title='bbox 185 3376 242 3436; x_wconf 89' lang='lat' dir='ltr'><strong>boo</strong></span> <span class='ocrx_word' id='word_1_386' title='bbox 255 3375 474 3454; x_wconf 80' lang='lat' dir='ltr'><strong>intelligeretur,</strong></span> <span class='ocrx_word' id='word_1_387' title='bbox 489 3396 548 3438; x_wconf 89' lang='lat' dir='ltr'><strong>non</strong></span> <span class='ocrx_word' id='word_1_388' title='bbox 562 3377 660 3438; x_wconf 84' lang='lat' dir='ltr'><strong>stetim</strong></span> <span class='ocrx_word' id='word_1_389' title='bbox 673 3377 773 3436; x_wconf 80' lang='lat' dir='ltr'><strong>inferri</strong></span> <span class='ocrx_word' id='word_1_390' title='bbox 797 3376 864 3438; x_wconf 90' lang='lat' dir='ltr'><strong>inde</strong></span> <span class='ocrx_word' id='word_1_391' title='bbox 877 3386 976 3456; x_wconf 89' lang='lat' dir='ltr'><strong>posset</strong></span> <span class='ocrx_word' id='word_1_392' title='bbox 990 3379 1149 3440; x_wconf 86' lang='lat' dir='ltr'><strong>Electionis</strong></span> <span class='ocrx_word' id='word_1_393' title='bbox 1163 3383 1308 3443; x_wconf 85' lang='lat' dir='ltr'><strong>mutabili·</strong></span> 
     </span>
     <span class='ocr_line' id='line_1_38' title="bbox 99 3456 1310 3540; baseline 0.008 -25"><span class='ocrx_word' id='word_1_394' title='bbox 99 3465 156 3532; x_wconf 78' lang='lat' dir='ltr'><strong>tes,</strong></span> <span class='ocrx_word' id='word_1_395' title='bbox 171 3456 243 3534; x_wconf 81' lang='lat' dir='ltr'><strong>quis</strong></span> <span class='ocrx_word' id='word_1_396' title='bbox 255 3465 357 3519; x_wconf 87' lang='lat' dir='ltr'><strong>votum</strong></span> <span class='ocrx_word' id='word_1_397' title='bbox 370 3465 416 3518; x_wconf 89' lang='lat' dir='ltr'><strong>est</strong></span> <span class='ocrx_word' id='word_1_398' title='bbox 429 3457 508 3535; x_wconf 91' lang='lat' dir='ltr'><strong>quod</strong></span> <span class='ocrx_word' id='word_1_399' title='bbox 522 3457 639 3520; x_wconf 87' lang='lat' dir='ltr'><strong>tacitam</strong></span> <span class='ocrx_word' id='word_1_400' title='bbox 662 3457 750 3517; x_wconf 87' lang='lat' dir='ltr'><strong>hebet</strong></span> <span class='ocrx_word' id='word_1_401' title='bbox 763 3457 967 3534; x_wconf 86' lang='lat' dir='ltr'><strong>conditionem,</strong></span> <span class='ocrx_word' id='word_1_402' title='bbox 983 3459 1008 3519; x_wconf 92' lang='lat' dir='ltr'><strong>si</strong></span> <span class='ocrx_word' id='word_1_403' title='bbox 1022 3479 1068 3520; x_wconf 89' lang='lat' dir='ltr'><strong>rea</strong></span> <span class='ocrx_word' id='word_1_404' title='bbox 1082 3459 1144 3520; x_wconf 88' lang='lat' dir='ltr'><strong>fieri</strong></span> <span class='ocrx_word' id='word_1_405' title='bbox 1157 3470 1264 3540; x_wconf 86' lang='lat' dir='ltr'><strong>posset,</strong></span> <span class='ocrx_word' id='word_1_406' title='bbox 1279 3472 1310 3525; x_wconf 89' lang='lat' dir='ltr'><strong>et</strong></span> 
     </span>
     <span class='ocr_line' id='line_1_39' title="bbox 100 3535 1307 3616; baseline 0.007 -21"><span class='ocrx_word' id='word_1_407' title='bbox 100 3535 211 3596; x_wconf 81' lang='lat' dir='ltr'><strong>faceret</strong></span> <span class='ocrx_word' id='word_1_408' title='bbox 223 3535 263 3595; x_wconf 91' lang='lat' dir='ltr'><strong>ad</strong></span> <span class='ocrx_word' id='word_1_409' title='bbox 277 3535 333 3596; x_wconf 88' lang='lat' dir='ltr'><strong>Dei</strong></span> <span class='ocrx_word' id='word_1_410' title='bbox 347 3537 478 3614; x_wconf 80' lang='lat' dir='ltr'><strong>glorium.</strong></span> <span class='ocrx_word' id='word_1_411' title='bbox 520 3538 568 3598; x_wconf 87' lang='lat' dir='ltr'><strong>Ita</strong></span> <span class='ocrx_word' id='word_1_412' title='bbox 587 3557 646 3598; x_wconf 92' lang='lat' dir='ltr'><strong>non</strong></span> <span class='ocrx_word' id='word_1_413' title='bbox 666 3545 783 3600; x_wconf 82' lang='lat' dir='ltr'><strong>notetur</strong></span> <span class='ocrx_word' id='word_1_414' title='bbox 791 3539 869 3612; x_wconf 85' lang='lat' dir='ltr'><strong>sacti</strong></span> <span class='ocrx_word' id='word_1_415' title='bbox 875 3540 1055 3616; x_wconf 77' lang='lat' dir='ltr'><strong>possibilitas,</strong></span> <span class='ocrx_word' id='word_1_416' title='bbox 1072 3541 1124 3600; x_wconf 85' lang='lat' dir='ltr'><strong>sed</strong></span> <span class='ocrx_word' id='word_1_417' title='bbox 1137 3544 1246 3602; x_wconf 68' lang='lat' dir='ltr'><strong>wanti</strong></span> <span class='ocrx_word' id='word_1_418' title='bbox 1258 3565 1307 3603; x_wconf 81' lang='lat' dir='ltr'><strong>ar·</strong></span> 
     </span>
     <span class='ocr_line' id='line_1_40' title="bbox 101 3617 1308 3700; baseline 0.007 -26"><span class='ocrx_word' id='word_1_419' title='bbox 101 3617 165 3691; x_wconf 82' lang='lat' dir='ltr'><strong>dor,</strong></span> <span class='ocrx_word' id='word_1_420' title='bbox 181 3624 212 3676; x_wconf 88' lang='lat' dir='ltr'><strong>et</strong></span> <span class='ocrx_word' id='word_1_421' title='bbox 224 3617 298 3675; x_wconf 76' lang='lat' dir='ltr'><strong>retro</strong></span> <span class='ocrx_word' id='word_1_422' title='bbox 311 3625 341 3678; x_wconf 88' lang='lat' dir='ltr'><strong>et</strong></span> <span class='ocrx_word' id='word_1_423' title='bbox 351 3617 476 3676; x_wconf 79' lang='lat' dir='ltr'><strong>chorites</strong></span> <span class='ocrx_word' id='word_1_424' title='bbox 490 3636 610 3694; x_wconf 75' lang='lat' dir='ltr'><strong>summ,</strong></span> <span class='ocrx_word' id='word_1_425' title='bbox 626 3638 684 3696; x_wconf 86' lang='lat' dir='ltr'><strong>que</strong></span> <span class='ocrx_word' id='word_1_426' title='bbox 697 3617 861 3696; x_wconf 88' lang='lat' dir='ltr'><strong>impellitur,</strong></span> <span class='ocrx_word' id='word_1_427' title='bbox 876 3627 910 3680; x_wconf 89' lang='lat' dir='ltr'><strong>ut</strong></span> <span class='ocrx_word' id='word_1_428' title='bbox 922 3620 1038 3698; x_wconf 89' lang='lat' dir='ltr'><strong>proprio</strong></span> <span class='ocrx_word' id='word_1_429' title='bbox 1051 3621 1150 3698; x_wconf 82' lang='lat' dir='ltr'><strong>exitio,</strong></span> <span class='ocrx_word' id='word_1_430' title='bbox 1165 3623 1308 3700; x_wconf 91' lang='lat' dir='ltr'><strong>siqnidem</strong></span> 
     </span>
     <span class='ocr_line' id='line_1_41' title="bbox 100 3694 1307 3777; baseline 0.007 -24"><span class='ocrx_word' id='word_1_431' title='bbox 100 3694 157 3758; x_wconf 88' lang='lat' dir='ltr'><strong>boc</strong></span> <span class='ocrx_word' id='word_1_432' title='bbox 171 3695 235 3754; x_wconf 84' lang='lat' dir='ltr'><strong>lieri</strong></span> <span class='ocrx_word' id='word_1_433' title='bbox 287 3704 355 3770; x_wconf 86' lang='lat' dir='ltr'><strong>sset,</strong></span> <span class='ocrx_word' id='word_1_434' title='bbox 369 3695 489 3758; x_wconf 82' lang='lat' dir='ltr'><strong>fratrum</strong></span> <span class='ocrx_word' id='word_1_435' title='bbox 503 3717 619 3758; x_wconf 79' lang='lat' dir='ltr'><strong>anonim</strong></span> <span class='ocrx_word' id='word_1_436' title='bbox 635 3698 757 3758; x_wconf 81' lang='lat' dir='ltr'><strong>sulutem</strong></span> <span class='ocrx_word' id='word_1_437' title='bbox 770 3697 910 3759; x_wconf 88' lang='lat' dir='ltr'><strong>redimere</strong></span> <span class='ocrx_word' id='word_1_438' title='bbox 924 3701 1028 3760; x_wconf 82' lang='lat' dir='ltr'><strong>vellet:</strong></span> <span class='ocrx_word' id='word_1_439' title='bbox 1052 3701 1196 3777; x_wconf 87' lang='lat' dir='ltr'><strong>quomodo</strong></span> <span class='ocrx_word' id='word_1_440' title='bbox 1211 3702 1307 3762; x_wconf 87' lang='lat' dir='ltr'><strong>Chris-</strong></span> 
     </span>
     <span class='ocr_line' id='line_1_42' title="bbox 101 3777 1307 3858; baseline 0.004 -24"><span class='ocrx_word' id='word_1_441' title='bbox 101 3783 150 3834; x_wconf 87' lang='lat' dir='ltr'><strong>tus</strong></span> <span class='ocrx_word' id='word_1_442' title='bbox 164 3784 229 3836; x_wconf 86' lang='lat' dir='ltr'><strong>orat</strong></span> <span class='ocrx_word' id='word_1_443' title='bbox 268 3784 368 3852; x_wconf 83' lang='lat' dir='ltr'><strong>atram,</strong></span> <span class='ocrx_word' id='word_1_444' title='bbox 383 3783 448 3838; x_wconf 90' lang='lat' dir='ltr'><strong>uta</strong></span> <span class='ocrx_word' id='word_1_445' title='bbox 461 3796 492 3838; x_wconf 88' lang='lat' dir='ltr'><strong>se</strong></span> <span class='ocrx_word' id='word_1_446' title='bbox 506 3785 633 3838; x_wconf 82' lang='lat' dir='ltr'><strong>trsnseat</strong></span> <span class='ocrx_word' id='word_1_447' title='bbox 646 3777 724 3837; x_wconf 78' lang='lat' dir='ltr'><strong>culix</strong></span> <span class='ocrx_word' id='word_1_448' title='bbox 737 3779 912 3855; x_wconf 89' lang='lat' dir='ltr'><strong>passionum,</strong></span> <span class='ocrx_word' id='word_1_449' title='bbox 933 3798 991 3838; x_wconf 91' lang='lat' dir='ltr'><strong>non</strong></span> <span class='ocrx_word' id='word_1_450' title='bbox 1005 3779 1085 3857; x_wconf 92' lang='lat' dir='ltr'><strong>quod</strong></span> <span class='ocrx_word' id='word_1_451' title='bbox 1097 3779 1152 3838; x_wconf 86' lang='lat' dir='ltr'><strong>hoc</strong></span> <span class='ocrx_word' id='word_1_452' title='bbox 1166 3780 1229 3838; x_wconf 85' lang='lat' dir='ltr'><strong>lieri</strong></span> <span class='ocrx_word' id='word_1_453' title='bbox 1241 3800 1307 3858; x_wconf 89' lang='lat' dir='ltr'><strong>poa·</strong></span> 
     </span>
     <span class='ocr_line' id='line_1_43' title="bbox 102 3855 1309 3934; baseline 0.007 -21"><span class='ocrx_word' id='word_1_454' title='bbox 102 3863 156 3928; x_wconf 86' lang='lat' dir='ltr'><strong>eet,</strong></span> <span class='ocrx_word' id='word_1_455' title='bbox 170 3874 223 3931; x_wconf 88' lang='lat' dir='ltr'><strong>per</strong></span> <span class='ocrx_word' id='word_1_456' title='bbox 244 3855 391 3917; x_wconf 90' lang='lat' dir='ltr'><strong>decretum</strong></span> <span class='ocrx_word' id='word_1_457' title='bbox 417 3856 481 3931; x_wconf 87' lang='lat' dir='ltr'><strong>Dei,</strong></span> <span class='ocrx_word' id='word_1_458' title='bbox 505 3856 557 3916; x_wconf 89' lang='lat' dir='ltr'><strong>sed</strong></span> <span class='ocrx_word' id='word_1_459' title='bbox 578 3867 611 3918; x_wconf 91' lang='lat' dir='ltr'><strong>ut</strong></span> <span class='ocrx_word' id='word_1_460' title='bbox 634 3857 767 3916; x_wconf 90' lang='lat' dir='ltr'><strong>intimum</strong></span> <span class='ocrx_word' id='word_1_461' title='bbox 791 3858 842 3916; x_wconf 86' lang='lat' dir='ltr'><strong>irae</strong></span> <span class='ocrx_word' id='word_1_462' title='bbox 865 3857 973 3918; x_wconf 84' lang='lat' dir='ltr'><strong>divinae</strong></span> <span class='ocrx_word' id='word_1_463' title='bbox 995 3857 1050 3916; x_wconf 91' lang='lat' dir='ltr'><strong>sihi</strong></span> <span class='ocrx_word' id='word_1_464' title='bbox 1072 3858 1257 3934; x_wconf 89' lang='lat' dir='ltr'><strong>imminentis,</strong></span> <span class='ocrx_word' id='word_1_465' title='bbox 1278 3868 1309 3922; x_wconf 89' lang='lat' dir='ltr'><strong>et</strong></span> 
     </span>
     <span class='ocr_line' id='line_1_44' title="bbox 103 3932 1309 4016; baseline 0.006 -24"><span class='ocrx_word' id='word_1_466' title='bbox 103 3932 256 3998; x_wconf 74' lang='lat' dir='ltr'><strong>diriaaim</strong></span> <span class='ocrx_word' id='word_1_467' title='bbox 268 3936 371 3996; x_wconf 89' lang='lat' dir='ltr'><strong>mortis</strong></span> <span class='ocrx_word' id='word_1_468' title='bbox 384 3955 500 4000; x_wconf 87' lang='lat' dir='ltr'><strong>sensum</strong></span> <span class='ocrx_word' id='word_1_469' title='bbox 522 3935 704 4014; x_wconf 82' lang='lat' dir='ltr'><strong>exprimeret</strong></span> <span class='ocrx_word' id='word_1_470' title='bbox 746 3936 857 3997; x_wconf 86' lang='lat' dir='ltr'><strong>Eodem</strong></span> <span class='ocrx_word' id='word_1_471' title='bbox 881 3938 1005 4015; x_wconf 89' lang='lat' dir='ltr'><strong>pertinet</strong></span> <span class='ocrx_word' id='word_1_472' title='bbox 1028 3945 1129 3996; x_wconf 90' lang='lat' dir='ltr'><strong>votum</strong></span> <span class='ocrx_word' id='word_1_473' title='bbox 1144 3938 1237 4014; x_wconf 88' lang='lat' dir='ltr'><strong>Pauli,</strong></span> <span class='ocrx_word' id='word_1_474' title='bbox 1258 3939 1309 4016; x_wconf 90' lang='lat' dir='ltr'><strong>qui</strong></span> 
     </span>
     <span class='ocr_line' id='line_1_45' title="bbox 104 4015 1306 4094; baseline 0.002 -18"><span class='ocrx_word' id='word_1_475' title='bbox 104 4021 187 4088; x_wconf 78' lang='lat' dir='ltr'><strong>optat</strong></span> <span class='ocrx_word' id='word_1_476' title='bbox 197 4016 423 4094; x_wconf 68' lang='lat' dir='ltr'><strong>anetdenufieri</strong></span> <span class='ocrx_word' id='word_1_477' title='bbox 434 4036 454 4074; x_wconf 87' lang='lat' dir='ltr'><strong>a</strong></span> <span class='ocrx_word' id='word_1_478' title='bbox 470 4015 581 4076; x_wconf 76' lang='lat' dir='ltr'><strong>Obrr&#39;sto</strong></span> <span class='ocrx_word' id='word_1_479' title='bbox 589 4036 648 4093; x_wconf 81' lang='lat' dir='ltr'><strong>pro</strong></span> <span class='ocrx_word' id='word_1_480' title='bbox 661 4017 814 4092; x_wconf 76' lang='lat' dir='ltr'><strong>fratrebus,</strong></span> <span class='ocrx_word' id='word_1_481' title='bbox 831 4017 915 4076; x_wconf 87' lang='lat' dir='ltr'><strong>Rom.</strong></span> <span class='ocrx_word' id='word_1_482' title='bbox 930 4016 971 4074; x_wconf 85' lang='lat' dir='ltr'><strong>ix.</strong></span> <span class='ocrx_word' id='word_1_483' title='bbox 986 4019 1015 4076; x_wconf 83' lang='lat'><strong>3.</strong></span> <span class='ocrx_word' id='word_1_484' title='bbox 1036 4035 1095 4076; x_wconf 91' lang='lat' dir='ltr'><strong>non</strong></span> <span class='ocrx_word' id='word_1_485' title='bbox 1108 4024 1142 4076; x_wconf 90' lang='lat' dir='ltr'><strong>ut</strong></span> <span class='ocrx_word' id='word_1_486' title='bbox 1162 4035 1306 4094; x_wconf 83' lang='lat' dir='ltr'><strong>seperare·</strong></span> 
     </span>
     <span class='ocr_line' id='line_1_46' title="bbox 102 4093 1308 4173; baseline 0.004 -21"><span class='ocrx_word' id='word_1_487' title='bbox 102 4101 152 4152; x_wconf 88' lang='lat' dir='ltr'><strong>tnr</strong></span> <span class='ocrx_word' id='word_1_488' title='bbox 164 4113 183 4152; x_wconf 86' lang='lat' dir='ltr'><strong>n</strong></span> <span class='ocrx_word' id='word_1_489' title='bbox 196 4093 312 4154; x_wconf 87' lang='lat' dir='ltr'><strong>Christo</strong></span> <span class='ocrx_word' id='word_1_490' title='bbox 324 4094 421 4173; x_wconf 81' lang='lat' dir='ltr'><strong>quood</strong></span> <span class='ocrx_word' id='word_1_491' title='bbox 432 4096 559 4172; x_wconf 59' lang='lat' dir='ltr'><strong>matiam</strong></span> <span class='ocrx_word' id='word_1_492' title='bbox 579 4106 606 4156; x_wconf 90' lang='lat' dir='ltr'><strong>et</strong></span> <span class='ocrx_word' id='word_1_493' title='bbox 616 4097 798 4171; x_wconf 63' lang='lat' dir='ltr'><strong>eamearn,</strong></span> <span class='ocrx_word' id='word_1_494' title='bbox 814 4095 894 4173; x_wconf 89' lang='lat' dir='ltr'><strong>quod</strong></span> <span class='ocrx_word' id='word_1_495' title='bbox 916 4115 974 4154; x_wconf 91' lang='lat' dir='ltr'><strong>non</strong></span> <span class='ocrx_word' id='word_1_496' title='bbox 987 4093 1074 4154; x_wconf 90' lang='lat' dir='ltr'><strong>modo</strong></span> <span class='ocrx_word' id='word_1_497' title='bbox 1097 4096 1161 4156; x_wconf 90' lang='lat' dir='ltr'><strong>Deo</strong></span> <span class='ocrx_word' id='word_1_498' title='bbox 1174 4106 1251 4157; x_wconf 89' lang='lat' dir='ltr'><strong>esset</strong></span> <span class='ocrx_word' id='word_1_499' title='bbox 1265 4098 1308 4156; x_wconf 92' lang='lat' dir='ltr'><strong>in·</strong></span> 
     </span>
     <span class='ocr_line' id='line_1_47' title="bbox 102 4173 1308 4254; baseline 0.003 -20"><span class='ocrx_word' id='word_1_500' title='bbox 102 4182 227 4250; x_wconf 85' lang='lat' dir='ltr'><strong>gratum,</strong></span> <span class='ocrx_word' id='word_1_501' title='bbox 244 4173 296 4234; x_wconf 88' lang='lat' dir='ltr'><strong>sed</strong></span> <span class='ocrx_word' id='word_1_502' title='bbox 309 4175 419 4252; x_wconf 89' lang='lat' dir='ltr'><strong>petenti</strong></span> <span class='ocrx_word' id='word_1_503' title='bbox 442 4175 571 4253; x_wconf 87' lang='lat' dir='ltr'><strong>impium,</strong></span> <span class='ocrx_word' id='word_1_504' title='bbox 597 4177 649 4236; x_wconf 90' lang='lat' dir='ltr'><strong>sed</strong></span> <span class='ocrx_word' id='word_1_505' title='bbox 671 4175 768 4254; x_wconf 82' lang='lat' dir='ltr'><strong>quood</strong></span> <span class='ocrx_word' id='word_1_506' title='bbox 779 4175 904 4252; x_wconf 67' lang='lat' dir='ltr'><strong>ebriam</strong></span> <span class='ocrx_word' id='word_1_507' title='bbox 926 4184 954 4234; x_wconf 86' lang='lat' dir='ltr'><strong>et</strong></span> <span class='ocrx_word' id='word_1_508' title='bbox 966 4174 1142 4251; x_wconf 57' lang='lat' dir='ltr'><strong>filieitatem</strong></span> <span class='ocrx_word' id='word_1_509' title='bbox 1165 4176 1308 4253; x_wconf 87' lang='lat' dir='ltr'><strong>siquidem</strong></span> 
     </span>
     <span class='ocr_line' id='line_1_48' title="bbox 102 4253 937 4332; baseline 0.005 -22"><span class='ocrx_word' id='word_1_510' title='bbox 102 4253 157 4312; x_wconf 88' lang='lat' dir='ltr'><strong>hoo</strong></span> <span class='ocrx_word' id='word_1_511' title='bbox 170 4253 278 4330; x_wconf 78' lang='lat' dir='ltr'><strong>petrei</strong></span> <span class='ocrx_word' id='word_1_512' title='bbox 292 4263 433 4329; x_wconf 83' lang='lat' dir='ltr'><strong>naturam,</strong></span> <span class='ocrx_word' id='word_1_513' title='bbox 448 4261 479 4314; x_wconf 93' lang='lat' dir='ltr'><strong>et</strong></span> <span class='ocrx_word' id='word_1_514' title='bbox 492 4255 549 4316; x_wconf 90' lang='lat' dir='ltr'><strong>Dei</strong></span> <span class='ocrx_word' id='word_1_515' title='bbox 562 4257 742 4316; x_wconf 83' lang='lat' dir='ltr'><strong>voluntatem</strong></span> <span class='ocrx_word' id='word_1_516' title='bbox 755 4254 817 4314; x_wconf 89' lang='lat' dir='ltr'><strong>fieri</strong></span> <span class='ocrx_word' id='word_1_517' title='bbox 830 4262 937 4332; x_wconf 89' lang='lat' dir='ltr'><strong>posset.</strong></span> 
     </span>
    </p>

    <p class='ocr_par' dir='ltr' id='par_1_14' title="bbox 101 4332 1308 4734">
     <span class='ocr_line' id='line_1_49' title="bbox 143 4332 1306 4414; baseline 0.003 -22"><span class='ocrx_word' id='word_1_518' title='bbox 143 4333 220 4394; x_wconf 86' lang='lat' dir='ltr'><strong>XX.</strong></span> <span class='ocrx_word' id='word_1_519' title='bbox 244 4333 337 4396; x_wconf 83' lang='lat' dir='ltr'><strong>Aliud</strong></span> <span class='ocrx_word' id='word_1_520' title='bbox 351 4343 396 4395; x_wconf 88' lang='lat' dir='ltr'><strong>est</strong></span> <span class='ocrx_word' id='word_1_521' title='bbox 409 4335 499 4395; x_wconf 81' lang='lat' dir='ltr'><strong>deleri</strong></span> <span class='ocrx_word' id='word_1_522' title='bbox 509 4337 634 4410; x_wconf 78' lang='lat' dir='ltr'><strong>realiter,</strong></span> <span class='ocrx_word' id='word_1_523' title='bbox 651 4344 679 4396; x_wconf 86' lang='lat' dir='ltr'><strong>et</strong></span> <span class='ocrx_word' id='word_1_524' title='bbox 686 4335 805 4412; x_wconf 81' lang='lat' dir='ltr'><strong>positive</strong></span> <span class='ocrx_word' id='word_1_525' title='bbox 826 4353 863 4393; x_wconf 82' lang='lat' dir='ltr'><strong>ex</strong></span> <span class='ocrx_word' id='word_1_526' title='bbox 876 4333 952 4393; x_wconf 90' lang='lat' dir='ltr'><strong>libro</strong></span> <span class='ocrx_word' id='word_1_527' title='bbox 966 4332 1044 4409; x_wconf 81' lang='lat' dir='ltr'><strong>ritae,</strong></span> <span class='ocrx_word' id='word_1_528' title='bbox 1058 4333 1176 4411; x_wconf 89' lang='lat' dir='ltr'><strong>quaudo</strong></span> <span class='ocrx_word' id='word_1_529' title='bbox 1196 4355 1306 4414; x_wconf 86' lang='lat' dir='ltr'><strong>expun-</strong></span> 
     </span>
     <span class='ocr_line' id='line_1_50' title="bbox 101 4413 1307 4494; baseline 0.004 -20"><span class='ocrx_word' id='word_1_530' title='bbox 101 4421 210 4488; x_wconf 69' lang='lat' dir='ltr'><strong>ganuz</strong></span> <span class='ocrx_word' id='word_1_531' title='bbox 223 4413 275 4490; x_wconf 85' lang='lat' dir='ltr'><strong>qui</strong></span> <span class='ocrx_word' id='word_1_532' title='bbox 288 4422 375 4474; x_wconf 83' lang='lat' dir='ltr'><strong>sntea</strong></span> <span class='ocrx_word' id='word_1_533' title='bbox 388 4415 488 4494; x_wconf 87' lang='lat' dir='ltr'><strong>scripti</strong></span> <span class='ocrx_word' id='word_1_534' title='bbox 501 4414 634 4490; x_wconf 84' lang='lat' dir='ltr'><strong>fuerent;</strong></span> <span class='ocrx_word' id='word_1_535' title='bbox 656 4414 749 4474; x_wconf 86' lang='lat' dir='ltr'><strong>Aliud</strong></span> <span class='ocrx_word' id='word_1_536' title='bbox 763 4415 852 4474; x_wconf 84' lang='lat' dir='ltr'><strong>deleri</strong></span> <span class='ocrx_word' id='word_1_537' title='bbox 866 4422 978 4474; x_wconf 85' lang='lat' dir='ltr'><strong>tantum</strong></span> <span class='ocrx_word' id='word_1_538' title='bbox 996 4417 1066 4474; x_wconf 74' lang='lat' dir='ltr'><strong>mal</strong></span> <span class='ocrx_word' id='word_1_539' title='bbox 1079 4413 1159 4491; x_wconf 60' lang='lat' dir='ltr'><strong>bikar,</strong></span> <span class='ocrx_word' id='word_1_540' title='bbox 1179 4424 1209 4475; x_wconf 89' lang='lat' dir='ltr'><strong>st</strong></span> <span class='ocrx_word' id='word_1_541' title='bbox 1222 4437 1307 4494; x_wconf 72' lang='lat' dir='ltr'><strong>nega·</strong></span> 
     </span>
     <span class='ocr_line' id='line_1_51' title="bbox 102 4491 1307 4573; baseline 0.007 -25"><span class='ocrx_word' id='word_1_542' title='bbox 102 4491 162 4566; x_wconf 83' lang='lat' dir='ltr'><strong>tice,</strong></span> <span class='ocrx_word' id='word_1_543' title='bbox 187 4511 279 4569; x_wconf 91' lang='lat' dir='ltr'><strong>quum</strong></span> <span class='ocrx_word' id='word_1_544' title='bbox 303 4492 466 4554; x_wconf 75' lang='lat' dir='ltr'><strong>declaretur</strong></span> <span class='ocrx_word' id='word_1_545' title='bbox 489 4495 614 4572; x_wconf 84' lang='lat' dir='ltr'><strong>eliquem</strong></span> <span class='ocrx_word' id='word_1_546' title='bbox 637 4515 696 4554; x_wconf 90' lang='lat' dir='ltr'><strong>non</strong></span> <span class='ocrx_word' id='word_1_547' title='bbox 720 4514 783 4554; x_wconf 86' lang='lat' dir='ltr'><strong>esee</strong></span> <span class='ocrx_word' id='word_1_548' title='bbox 807 4495 955 4573; x_wconf 85' lang='lat' dir='ltr'><strong>scriptum.</strong></span> <span class='ocrx_word' id='word_1_549' title='bbox 998 4493 1092 4554; x_wconf 88' lang='lat' dir='ltr'><strong>Priori</strong></span> <span class='ocrx_word' id='word_1_550' title='bbox 1114 4515 1200 4556; x_wconf 89' lang='lat' dir='ltr'><strong>sensu</strong></span> <span class='ocrx_word' id='word_1_551' title='bbox 1222 4516 1307 4558; x_wconf 90' lang='lat' dir='ltr'><strong>nemo</strong></span> 
     </span>
     <span class='ocr_line' id='line_1_52' title="bbox 101 4569 1308 4660; baseline 0.008 -32"><span class='ocrx_word' id='word_1_552' title='bbox 101 4569 190 4632; x_wconf 87' lang='lat' dir='ltr'><strong>deleri</strong></span> <span class='ocrx_word' id='word_1_553' title='bbox 204 4581 303 4650; x_wconf 86' lang='lat' dir='ltr'><strong>potest</strong></span> <span class='ocrx_word' id='word_1_554' title='bbox 316 4573 411 4650; x_wconf 88' lang='lat' dir='ltr'><strong>reipsa</strong></span> <span class='ocrx_word' id='word_1_555' title='bbox 430 4593 468 4633; x_wconf 84' lang='lat' dir='ltr'><strong>ex</strong></span> <span class='ocrx_word' id='word_1_556' title='bbox 488 4574 562 4634; x_wconf 91' lang='lat' dir='ltr'><strong>libro</strong></span> <span class='ocrx_word' id='word_1_557' title='bbox 577 4575 662 4650; x_wconf 87' lang='lat' dir='ltr'><strong>vitae;</strong></span> <span class='ocrx_word' id='word_1_558' title='bbox 694 4574 752 4634; x_wconf 86' lang='lat' dir='ltr'><strong>Sed</strong></span> <span class='ocrx_word' id='word_1_559' title='bbox 765 4574 916 4652; x_wconf 87' lang='lat' dir='ltr'><strong>posteriori</strong></span> <span class='ocrx_word' id='word_1_560' title='bbox 934 4575 1094 4652; x_wconf 76' lang='lat' dir='ltr'><strong>hypocrita</strong></span> <span class='ocrx_word' id='word_1_561' title='bbox 1114 4583 1144 4637; x_wconf 91' lang='lat' dir='ltr'><strong>et</strong></span> <span class='ocrx_word' id='word_1_562' title='bbox 1164 4581 1308 4660; x_wconf 59' lang='lat' dir='ltr'><strong>spiungu</strong></span> 
     </span>
     <span class='ocr_line' id='line_1_53' title="bbox 102 4649 1307 4734; baseline 0.009 -26"><span class='ocrx_word' id='word_1_563' title='bbox 102 4649 190 4712; x_wconf 86' lang='lat' dir='ltr'><strong>deleri</strong></span> <span class='ocrx_word' id='word_1_564' title='bbox 212 4651 359 4726; x_wconf 90' lang='lat' dir='ltr'><strong>dicuntur,</strong></span> <span class='ocrx_word' id='word_1_565' title='bbox 377 4673 465 4730; x_wconf 88' lang='lat' dir='ltr'><strong>quum</strong></span> <span class='ocrx_word' id='word_1_566' title='bbox 488 4654 570 4714; x_wconf 77' lang='lat' dir='ltr'><strong>larva</strong></span> <span class='ocrx_word' id='word_1_567' title='bbox 591 4654 661 4732; x_wconf 86' lang='lat' dir='ltr'><strong>ipsis</strong></span> <span class='ocrx_word' id='word_1_568' title='bbox 686 4654 853 4732; x_wconf 77' lang='lat' dir='ltr'><strong>detrahitur,</strong></span> <span class='ocrx_word' id='word_1_569' title='bbox 874 4662 904 4715; x_wconf 88' lang='lat' dir='ltr'><strong>et</strong></span> <span class='ocrx_word' id='word_1_570' title='bbox 925 4675 963 4715; x_wconf 86' lang='lat' dir='ltr'><strong>ex</strong></span> <span class='ocrx_word' id='word_1_571' title='bbox 985 4653 1048 4734; x_wconf 83' lang='lat' dir='ltr'><strong>ipso</strong></span> <span class='ocrx_word' id='word_1_572' title='bbox 1067 4665 1174 4718; x_wconf 87' lang='lat' dir='ltr'><strong>eventu</strong></span> <span class='ocrx_word' id='word_1_573' title='bbox 1194 4667 1307 4719; x_wconf 82' lang='lat' dir='ltr'><strong>constet</strong></span> 
     </span>
    </p>
   </div>
   <div class='ocr_carea' id='block_1_5' title="bbox 0 0 1528 5180">
    <p class='ocr_par' dir='ltr' id='par_1_15' title="bbox 0 0 1528 5180">
     <span class='ocr_line' id='line_1_54' title="bbox 0 0 1528 5180; baseline 0 0"><span class='ocrx_word' id='word_1_574' title='bbox 0 0 1528 5180; x_wconf 95' lang='lat' dir='ltr'><strong> </strong></span> 
     </span>
    </p>
   </div>
  </div>
 </body>
</html>
