3158 5180
122 431 235 480 Qumsr.
251 411 345 496 xum]
549 431 588 471 ne
602 429 900 472 rumnssrrusruous.
1273 409 1330 470 ecl

125 595 255 652 cumpro
269 575 356 651 note,
373 576 511 652 quomodo
526 595 587 634 cum
602 595 633 633 eo
648 573 742 633 omnia
756 595 812 632 non
823 571 1030 652 pratijicabiter
1051 572 1150 631 nobis!
1172 572 1256 631 Rom.
1271 573 1333 632 viii.

126 657 175 714 32.
219 654 279 714 Sed
292 675 353 716 non
367 655 501 714 omnibus
515 662 544 714 et
559 655 690 733 singulis,
717 652 768 712 sed
792 653 863 712 solis
887 653 986 711 electis
1011 652 1108 710 omnis
1129 672 1195 712 cum
1220 653 1335 714 Christo

125 735 267 814 largitur;
291 736 381 814 Ergo,
398 739 426 795 3.
442 735 510 814 quia
522 735 590 794 finis
604 735 709 794 amoris
722 733 807 792 istius
821 753 907 811 quem
927 733 1008 792 Deus
1030 732 1163 810 intendit,
1188 741 1232 792 est
1257 734 1336 794 selus

126 835 226 874 eorum
240 836 315 893 ques
330 817 383 874 tali
396 836 493 876 amore
516 815 716 894 prosequitur;
738 813 816 873 unde
838 835 866 873 v.
894 818 941 889 17,
962 812 1051 888 addit,
1075 815 1153 872 Nam
1177 817 1256 873 Deus
1279 835 1336 874 non

126 897 201 954 misit
213 897 321 954 Filium
335 917 416 955 suum
430 897 460 955 in
473 899 616 971 mundum,
631 905 663 954 nt
676 898 827 954 damnaret
838 897 981 970 mundum,
996 897 1048 953 sed
1062 903 1093 952 ut
1105 895 1232 953 Mendes
1245 915 1335 954 emne-

125 986 174 1035 tm·
182 996 241 1053 per
254 977 346 1053 ἰρειιιη
356 1001 369 1051 ;
392 977 425 1036 Si
439 996 510 1054 crgo
531 977 561 1034 in
582 997 648 1036 eum
669 975 756 1035 finem
777 975 857 1034 misit
877 976 958 1034 Deus
979 975 1134 1051 Christum,
1156 983 1189 1034 ut
1210 975 1336 1035 mundus

126 1066 295 1116 servaretur
307 1077 360 1134 per
374 1057 488 1135 ipsum:
509 1057 558 1116 vel
571 1057 628 1115 fine
643 1076 696 1116 suo
713 1055 855 1115 exciderit
879 1064 1000 1134 oportet,
1023 1055 1072 1113 vel
1096 1075 1214 1114 necesse
1238 1064 1283 1114 est
1304 1063 1338 1114 ut

125 1137 255 1197 mundus
269 1137 306 1196 de
319 1137 396 1196 facto
411 1146 549 1197 servetur.
593 1138 636 1196 At
650 1145 759 1196 certum
773 1145 819 1195 est
834 1156 893 1195 non
915 1143 1008 1196 totum
1029 1135 1178 1211 mundum,
1198 1137 1249 1195 sed
1270 1145 1335 1196 tan·

126 1227 189 1277 tum
204 1217 314 1277 electos
328 1237 367 1276 ex
380 1217 488 1277 mundo
503 1217 630 1294 serveri;
654 1218 734 1295 Ergo
748 1216 786 1275 ed
805 1237 855 1276 eos
877 1217 993 1296 proprie
1016 1236 1098 1275 emor
1121 1217 1176 1276 iste
1198 1217 1336 1295 respexit.

126 1298 190 1357 Nec
205 1297 321 1376 concipi
334 1306 438 1376 potest,
455 1299 480 1356 si
493 1297 610 1358 dilectio
621 1298 794 1358 universalis
807 1298 855 1356 hic
868 1297 1049 1376 intelligitur,
1065 1297 1116 1375 qui
1129 1297 1196 1356 talis
1217 1317 1251 1356 ae
1272 1306 1336 1356 ten·

127 1387 176 1438 tus
191 1397 282 1454 amor,
298 1379 349 1456 qui
361 1377 449 1456 longe
468 1378 588 1436 maximi
608 1387 639 1438 et
657 1379 887 1456 praestantissimi
907 1378 977 1437 boni
997 1398 1085 1436 causa
1104 1386 1156 1453 cst,
1178 1387 1250 1456 puta
1269 1379 1339 1436 mis·

126 1459 219 1518 sionis
235 1457 352 1535 Christi,
374 1459 466 1536 possit
488 1459 644 1518 consistere
669 1479 735 1518 cum
759 1459 825 1518 odio
848 1458 1071 1534 innumerorum,
1097 1478 1170 1536 quos
1192 1460 1338 1537 preterire

126 1538 232 1614 voluit,
248 1549 278 1598 et
291 1538 330 1597 ed
344 1539 557 1598 damnationem
571 1539 765 1618 praescribere,
780 1539 887 1617 quibus
899 1539 948 1598 vel
964 1539 1072 1599 Filium
1087 1559 1171 1598 suum
1189 1559 1338 1618 nunquam

125 1619 280 1696 revelavit,
290 1619 339 1678 vel
349 1618 445 1696 fidem,
457 1620 518 1679 sine
527 1639 585 1698 qus
593 1619 884 1699 frustraproponitur,
893 1619 995 1698 largiri
1004 1619 1110 1696 noluit3
1126 1620 1184 1679 Vel
1192 1620 1338 1698 quomodo

126 1709 279 1776 tantopere
289 1699 338 1758 hic
347 1700 563 1760 commendetur
571 1700 627 1759 ista
636 1701 692 1759 Dei
701 1701 827 1776 dilectio,
837 1719 901 1777 quae
911 1709 1007 1760 tamen
1017 1709 1115 1760 manet
1122 1721 1199 1760 vene
1207 1711 1237 1760 ct
1247 1700 1338 1760 ineffi-

126 1799 185 1839 cax
198 1788 318 1858 propter
331 1779 475 1840 defectum
489 1781 591 1858 gratiss
606 1780 784 1858 subjectivae,
799 1800 887 1858 quam
900 1779 983 1840 Deus
996 1780 1140 1858 denegare
1155 1783 1313 1842 constituit.

171 1859 284 1920 XXX.
305 1862 413 1920 Mundi
424 1881 529 1920 nomen
543 1881 602 1919 non
617 1861 726 1920 evincit
739 1860 923 1920 dilectionem
940 1861 1025 1920 istam
1048 1881 1112 1919 esse
1133 1862 1337 1941 universalem,

133 1941 204 2017 quia
215 1939 283 2000 lieet
297 1941 327 2000 in
341 1943 523 2000 communiet
536 1941 676 2022 indefinite
693 1949 823 2000 sumetur
842 1961 895 2020 pro
912 1941 1021 2002 Gencre
1035 1943 1180 2018 Humano,
1195 1951 1228 2000 ut
1242 1943 1339 2002 Cedri-

134 2039 191 2079 nus
204 2030 307 2097 nomer,
323 2021 425 2099 Belgee
440 2022 625 2100 interpretes,
641 2030 670 2080 et
684 2021 734 2080 elii
747 2022 989 2100 interpretantur;
1005 2021 1072 2080 Non
1086 2022 1216 2098 sequitur
1230 2022 1267 2080 ad
1278 2043 1339 2082 om·

131 2119 185 2159 nes
199 2109 228 2160 et
242 2102 373 2180 singulos
387 2122 514 2161 amorem
537 2102 621 2160 illum
644 2101 752 2177 referri,
778 2101 830 2160 sed
854 2109 966 2161 tantum
988 2101 1133 2179 peculiare
1154 2102 1341 2179 privilegium

131 2181 240 2240 Generi
253 2182 380 2241 humano
394 2191 527 2261 respectu
542 2183 666 2261 slicujue
689 2183 780 2260 partis
804 2182 940 2241 collatum
964 2181 1062 2256 fuisse,
1085 2201 1122 2240 ne
1144 2190 1206 2241 tota
1230 2185 1341 2260 species

130 2262 248 2340 penitus
258 2263 403 2340 interiret,
426 2262 586 2341 etquidem
600 2264 739 2342 opposite,
758 2266 784 2321 1.
799 2262 836 2321 sd
850 2263 1014 2322 Societatem
1028 2263 1208 2338 Ampelos-um,
1235 2265 1341 2341 quibus

129 2342 162 2400 in
183 2341 271 2400 simili
284 2351 413 2420 peccato,
437 2343 560 2402 similem
580 2362 639 2402 nou
660 2342 729 2403 fecit
749 2344 881 2421 gratiam.
924 2343 1011 2404 Unde
1032 2345 1202 2424 φιλιίιιςωπος
1223 2345 1340 2422 quidem

130 2421 246 2497 dicitur,
263 2423 315 2481 sed
328 2443 387 2482 non
402 2425 570 2496 φιλιιγγιλος.
615 2424 657 2484 Ut
671 2424 697 2483 si
709 2425 848 2502 Princeps
862 2444 900 2483 ex
914 2424 1027 2484 duabus
1039 2425 1205 2484 civitatibus
1225 2425 1340 2484 rebelli-

129 2503 195 2578 bus,
208 2503 329 2562 alteram
343 2504 461 2582 quidem
475 2505 606 2564 funditus
620 2504 722 2580 deleat,
738 2505 845 2564 nemini
859 2504 1018 2582 parcend03
1040 2505 1124 2564 alteri
1138 2524 1208 2564 vero
1221 2515 1341 2566 eatenus

129 2591 240 2660 parcat,
255 2593 289 2642 ut
303 2585 444 2662 quosdam
458 2605 497 2645 ex
511 2584 656 2643 communi
671 2585 811 2664 supplicio
825 2585 938 2645 caeteris
952 2585 1096 2645 destinato
1118 2595 1208 2663 eruat,
1225 2587 1341 2648 omnino

132 2663 219 2722 istum
233 2683 293 2741 prae
308 2663 359 2722 illa
372 2664 511 2725 dilexisse
525 2665 645 2740 diecmr,
660 2665 729 2725 licet
745 2685 804 2725 non
824 2667 921 2725 omnia
944 2667 1023 2726 illius
1045 2667 1175 2725 membre
1196 2687 1234 2726 ex
1258 2687 1341 2746 aequo

130 2743 277 2820 dilexerit,
293 2745 362 2822 quis
371 2745 480 2805 bonum
493 2746 585 2824 partis
598 2745 740 2805 redundet
754 2746 792 2804 ed
804 2753 906 2822 totum,
922 2753 952 2806 et
965 2767 983 2804 a
996 2745 1101 2825 potiori
1119 2747 1153 2806 fit
1175 2747 1341 2807 denomina-

131 2825 189 2901 tio,
213 2828 242 2883 2.
258 2824 296 2883 ad
310 2827 489 2886 economum
508 2828 566 2885 Vet.
584 2827 665 2903 Test,
680 2826 732 2886 ubi
746 2847 804 2885 non
818 2826 935 2903 mundo,
959 2826 1010 2886 sed
1031 2827 1086 2885 soli
1101 2827 1191 2886 Genti
1205 2827 1341 2888 Judaicae

132 2905 211 2964 selus
225 2906 448 2984 proponebatur,
463 2914 496 2966 ut
510 2907 612 2966 innuet
625 2927 684 2965 non
697 2925 750 2984 pro
763 2907 785 2967 J
787 2907 878 2966 udaeis
892 2913 1013 2982 tantum,
1026 2906 1077 2966 sed
1091 2915 1121 2966 ct
1134 2927 1186 2984 pro
1197 2906 1343 2968 Gentibus

132 2985 385 3045 indiscriminatim
398 2987 491 3064 mitti3
508 2985 587 3066 quod
600 2986 742 3065 imprimis
756 2985 880 3046 faciebat
893 2985 931 3044 ad
945 3005 1064 3064 scopum
1076 2987 1191 3061 Christi,
1206 2997 1240 3047 ut
1254 2988 1342 3048 Nico·

131 3065 218 3126 demo
232 3066 356 3146 eriperet
371 3087 476 3126 vanem
490 3067 701 3146 gloriationem,
718 3085 776 3145 que
785 3067 896 3144 jactare
909 3085 939 3126 se
953 3066 1086 3125 solebant
1099 3066 1207 3142 Judaei,
1233 3076 1263 3126 et
1286 3087 1345 3145 qua

132 3145 324 3224 proculdubio
338 3155 368 3206 et
382 3147 443 3226 ipse
457 3147 615 3208 fascinatus
629 3156 699 3223 eret,
716 3147 798 3224 qussi
813 3146 938 3206 Messias
949 3165 1009 3206 suae
1023 3145 1167 3206 duntaxat
1175 3147 1264 3206 Genti
1277 3167 1343 3225 pro·

133 3226 239 3286 missus
254 3235 332 3287 esset
346 3236 375 3286 et
389 3228 556 3305 mittendus,
573 3236 602 3288 et
616 3227 727 3287 Gentes
742 3235 853 3287 ceeterae
866 3226 916 3286 vel
930 3225 1099 3304 subigendos
1109 3235 1215 3303 essent,
1230 3227 1279 3288 vel
1292 3248 1343 3287 ex-

133 3307 317 3385 scindendae3
339 3317 372 3368 ut
386 3328 456 3386 ergo
470 3308 579 3368 inolitse
594 3307 678 3368 istius
698 3307 794 3386 gentis
814 3306 943 3387 opinioni
964 3306 1081 3366 obviem
1101 3307 1164 3384 iret,
1186 3315 1216 3368 et
1236 3317 1343 3386 myste-

133 3387 207 3446 rium
222 3389 385 3447 vocetionis
400 3389 538 3449 Gentium
549 3389 611 3467 jam
626 3389 758 3467 aperiret,
773 3387 849 3448 dixit
863 3388 958 3446 Deum
973 3387 1110 3448 dilexisse
1121 3389 1271 3466 Mundum,
1286 3409 1345 3448 non

133 3487 222 3526 unam
242 3476 357 3528 tantum
372 3478 497 3546 gentem,
513 3477 563 3529 eut
576 3470 724 3549 populum.
768 3469 834 3528 Hoc
859 3487 946 3528 sensu
967 3477 1090 3529 vocetur
1112 3489 1131 3528 s
1156 3469 1345 3530 Samaritenis

133 3547 534 3625 nanciscendarum
547 3551 652 3625 mundi,
668 3549 707 3610 id.
728 3569 787 3608 non
804 3557 917 3609 tantum
939 3549 1119 3628 Judaeorum,
1142 3559 1175 3610 ut
1197 3552 1251 3611 sub
1275 3551 1345 3610 Vet.

134 3629 226 3706 lest,
246 3648 337 3705 quum
365 3629 444 3689 salus
472 3640 534 3690 erat
558 3639 671 3690 tentum
698 3629 878 3705 Jndseorum,
903 3638 978 3690 teste
1003 3630 1118 3690 Christo
1144 3651 1173 3691 v.
1199 3635 1255 3708 223
1287 3629 1345 3690 Sed

137 3709 225 3768 etism
240 3709 390 3786 Gentium,
413 3711 454 3770 ita
475 3719 509 3770 ut
533 3711 628 3771 cultus
653 3711 709 3770 Dei
731 3731 790 3770 non
814 3710 938 3790 amplius
962 3710 1000 3769 ed
1020 3711 1173 3789 Templum
1194 3709 1345 3787 Jerosoly·

134 3789 278 3849 mitannm
290 3797 325 3850 ut
345 3799 430 3850 entes
443 3791 674 3868 restringeretur,
690 3791 742 3850 sed
755 3791 817 3851 veri
839 3791 1007 3850 adoratores
1027 3792 1140 3869 possint
1157 3791 1255 3850 ubivis
1280 3809 1345 3849 eum

134 3868 257 3928 adorere
280 3868 312 3928 in
338 3869 447 3948 Spiritu
472 3879 501 3932 et
524 3872 656 3932 veritate.
712 3871 773 3930 Nec
804 3871 889 3930 aliter
913 3871 1045 3930 Christus
1072 3891 1090 3930 a
1116 3870 1187 3930 Joh.
1213 3869 1347 3947 Baptista

136 3957 267 4026 vocatur,
282 3950 382 4028 Aprem
395 3951 455 4011 Dei
467 3952 517 4028 qui
529 3952 729 4028 tellitpercata
751 3952 858 4026 mundi
883 3948 953 4010 Joh.
977 3950 995 4010 i.
1021 3952 1069 4025 29,
1095 3958 1125 4009 et
1148 3950 1185 4008 eb
1210 3949 1345 4027 Evange-

135 4029 204 4090 liste
220 4033 255 4088 1·
274 4049 299 4090 c.
314 4030 345 4090 ii.
360 4035 388 4107 2,
404 4032 576 4108 Propitietio
595 4053 654 4110 pro
670 4031 796 4109 peccatis
811 4049 868 4090 non
882 4033 972 4090 solum
984 4031 1095 4106 nostrie,
1110 4029 1149 4088 id.
1165 4028 1345 4107 Judaeorum,

137 4109 189 4168 scd
203 4117 233 4169 ct
247 4110 330 4170 tots‘ars
343 4111 449 4188 mundi,
465 4111 504 4172 id.
520 4121 688 4172 caeterernm
703 4111 841 4188 gentium,
856 4117 890 4168 ut
903 4110 957 4169 toti
972 4109 1110 4170 Ecclesiae
1130 4129 1281 4169 commune
1294 4110 1347 4170 bo·

136 4209 206 4248 num
220 4190 277 4250 hoc
290 4190 386 4267 faciet,
401 4200 431 4252 et
444 4191 578 4270 designet
592 4213 650 4269 eos,
666 4193 716 4270 qui
732 4191 818 4250 simul
842 4189 978 4249 credituri
992 4197 1081 4265 erent,
1105 4199 1135 4249 et
1156 4191 1207 4267 qui
1230 4210 1282 4269 per
1296 4211 1347 4248 va-

137 4270 195 4329 ries
209 4270 312 4329 mundi
324 4271 428 4351 plegae
442 4272 565 4352 dispersi
579 4281 669 4349 erant,
685 4279 718 4332 ut
732 4269 871 4332 Calvinus
884 4269 1013 4347 exponit.
1055 4270 1117 4329 Nec
1130 4290 1239 4330 novum
1253 4280 1283 4330 et
1303 4271 1347 4329 in·

138 4349 264 4418 solitum,
279 4360 313 4410 ut
326 4353 460 4428 Mundus,
476 4373 534 4412 non
557 4353 587 4412 in
609 4362 671 4413 tote
692 4371 745 4411 sue
765 4349 918 4411 latitudine
941 4369 1055 4429 semper
1075 4359 1212 4428 sumetur,
1237 4351 1289 4410 sed
1311 4352 1349 4411 ed

139 4431 281 4506 quosdam
295 4451 334 4490 ex
347 4431 457 4492 mundo
470 4433 671 4512 restringatur,
685 4443 719 4491 ut
732 4451 822 4511 quum
836 4431 953 4510 ponitur
976 4450 1029 4510 pro
1050 4431 1195 4492 Gentibus
1217 4433 1349 4510 opposite

139 4510 176 4568 ad
189 4511 322 4588 Judaeos,
339 4512 423 4570 Rom.
438 4514 479 4572 xi.
497 4517 543 4590 12,
558 4515 593 4573 Si
604 4511 701 4573 eorum
714 4514 827 4592 rejectio
841 4511 945 4572 divitie
957 4512 1062 4588 mnndi,
1079 4513 1147 4588 deq
1168 4533 1220 4592 pro
1236 4513 1348 4574 Mundo

139 4590 302 4670 impiorum,
318 4591 427 4670 dequo
442 4593 575 4654 Christus
595 4594 644 4670 ait,
667 4595 754 4655 Joan.
776 4593 848 4653 xvii.
871 4595 899 4652 9.
920 4592 958 4654 Sa
973 4613 1032 4672 pro
1052 4596 1156 4654 mundo
1177 4615 1233 4653 non
1253 4616 1348 4674 orare,

140 4680 168 4731 et
181 4672 271 4733 Joan.
289 4676 332 4734 1·.
348 4693 373 4733 c.
388 4692 418 4732 v.
435 4676 481 4751 19,
497 4677 631 4734 mundum
645 4683 731 4734 totum
745 4677 774 4734 in
786 4677 992 4751 motejacere;
1012 4693 1065 4754 pro
1085 4675 1197 4735 Mundo
1211 4675 1349 4752 fidelium,

139 4771 228 4829 quum
244 4753 379 4812 Christus
393 4755 442 4830 ait,
457 4775 487 4813 se
500 4757 634 4813 denarum
648 4775 761 4813 carnem
779 4775 836 4830 pro
850 4756 956 4813 Mundi
969 4755 1035 4830 vite,
1051 4755 1138 4815 Josn.
1160 4757 1199 4814 vi.
1222 4758 1269 4830 51,
1292 4775 1350 4812 non
