3158 5180
195 349 253 406 352
648 363 739 404 accus
754 361 897 412 euscius.
1182 339 1307 420 [cesar.
1321 361 1397 400 xum

194 505 369 585 pertendunt
391 504 581 565 Adversarii:
603 503 678 580 Quia
700 513 734 564 ιιι
757 513 802 565 est
825 504 973 564 demum
994 501 1030 562 de
1054 499 1158 561 mediis
1179 501 1291 578 salutis,
1313 500 1402 560 debet

194 586 357 647 necessario
379 584 561 646 subordinari
584 584 700 644 decreto
722 584 759 644 de
782 583 883 660 salute,
907 603 972 662 quae
996 581 1084 642 habet
1107 582 1248 641 rationem
1261 581 1347 641 finis:
1368 589 1404 641 ut

194 668 276 727 Deus
289 685 348 725 non
361 665 539 744 concipiatur
552 664 696 743 cogitasse
710 664 790 744 prius
803 664 841 724 de
854 663 911 722 tide
932 663 964 721 in
985 661 1113 722 medium
1138 661 1240 722 salutis
1260 661 1402 721 constitu·

195 747 278 824 enda,
293 765 381 824 quam
404 745 578 824 cogitaverit
600 745 637 804 de
660 745 728 822 illis,
752 745 859 824 quibus
881 743 951 802 dam
973 742 1091 802 volebat
1104 742 1236 818 salutern,
1259 761 1349 820 quam
1369 751 1406 800 ut

193 827 265 904 ipsis
279 825 429 902 conferret,
444 825 541 885 media
554 825 593 884 ad
606 825 636 884 id
650 825 812 886 necessaria
825 824 938 902 selegit,
962 831 992 884 et
1009 823 1085 882 inter
1106 822 1164 882 alia
1187 822 1284 882 fidem.
1327 821 1406 897 Quia

194 927 264 966 vero
290 905 435 966 connexio
463 907 520 966 ista
546 905 622 965 inter
647 905 735 966 fidem
762 913 792 966 et
815 904 947 980 salutem,
976 912 1021 964 est
1047 902 1238 962 immutabilis
1258 901 1404 976 veritafis,

192 987 261 1046 binc
274 985 308 1045 fit
320 995 354 1046 ut
366 985 616 1046 indiscriminatim
638 993 815 1064 proponatur
838 984 972 1054 omnibus
986 983 1106 1060 vocatis,
1126 982 1196 1042 licet
1209 1001 1247 1042 ex
1262 982 1321 1041 Dei
1335 1001 1405 1041 cou-

192 1066 260 1205 f{llio
287 1066 385 1144 quoad
405 1073 540 1127 eventurn
563 1064 718 1144 impleatur
741 1066 771 1124 iu
796 1065 866 1124 solis
889 1063 999 1142 electis,
1027 1062 1134 1142 quibus
1161 1063 1314 1123 comtituit
1335 1061 1406 1122 dare

233 1165 288 1207 em.

628 1383 824 1462 ouasrro
846 1383 955 1444 xvn.

192 1546 240 1606 Aa
253 1547 318 1606 Deo
332 1545 418 1606 mou
429 1547 527 1606 debeat
545 1548 679 1606 Voluntas
692 1545 790 1622 aspa
803 1543 1006 1619 consumuat,
1026 1563 1076 1602 eea
1090 1543 1269 1621 propositam
1289 1543 1407 1604 meiner-

232 1629 292 1686 aale
305 1626 456 1686 meamet
468 1626 550 1686 latim
566 1627 686 1688 (lenens
709 1625 826 1685 lamani
847 1625 877 1684 in
894 1632 1041 1701 peccaucm
1061 1623 1202 1701 prolrpsa',
1225 1624 1355 1682 omm'lns
1380 1633 1409 1681 el

194 1739 196 1744 ·
232 1707 348 1783 είηφιῑίι
364 1706 506 1766 orreum
519 1707 708 1766 Medr'atorem
722 1705 888 1782 menandi,
904 1713 931 1763 et
943 1723 990 1764 eoa
1000 1723 1093 1764 onmes
1103 1705 1146 1764 ad
1152 1706 1310 1764 adstarem
1323 1705 1406 1763 berre-

224 1787 359 1866 ficiorem
373 1787 448 1846 illiue
461 1787 681 1847 communionem
693 1786 816 1848 meandi
822 1787 837 1846 ‚²
878 1785 953 1863 Neg.

235 1947 260 2007 1.
277 1946 405 2023 Quaestio
418 1947 482 2008 baec
504 1967 542 2008 ex
556 1947 696 2026 superiori
710 1945 809 2022 oritur,
824 1954 934 2006 etcum
948 1943 1037 2004 ruiis
1056 1943 1141 2004 nobis
1154 1942 1318 2019 intercedit,
1341 1944 1407 2022 qui,

193 2027 262 2088 licet
275 2047 334 2086 nou
348 2047 399 2106 per
418 2027 516 2088 omnia
528 2027 603 2088 inter
617 2047 649 2088 se
663 2026 852 2103 consentiant,
874 2043 975 2085 omnes
988 2032 1086 2084 tamen
1099 2043 1118 2084 a
1130 2032 1245 2103 recepta
1258 2023 1409 2084 hactenus

193 2108 223 2166 in
239 2108 379 2168 Eccleaiis
391 2108 499 2168 nostris
512 2107 643 2168 doctrina
655 2107 803 2168 recedunt.

234 2188 277 2246 II.
299 2191 526 2248 Latlteraucrum
550 2189 694 2248 sententia
717 2185 895 2247 communior
915 2185 972 2244 huc
996 2183 1091 2244 redit:
1113 2182 1408 2243 Prmdestimtionem

191 2287 257 2328 csse
271 2267 458 2344 voluntatem,
474 2287 525 2327 seu
539 2268 700 2343 consilium,
716 2276 746 2327 et
766 2264 977 2344 beneplacitum
1003 2264 1059 2323 Dei
1073 2271 1212 2324 aeternum
1226 2263 1263 2323 de
1276 2263 1409 2322 homini-

193 2348 248 2406 bus
257 2347 462 2425 perOhriatum
472 2346 529 2406 fide
539 2346 813 2426 apprehendendum
824 2344 979 2420 sdvaudis,
986 2364 1052 2423 quae
1062 2346 1197 2404 Voluntas
1205 2343 1410 2421 distinguatur

192 2427 223 2484 in
236 2429 447 2504 antecedentem,
463 2433 493 2486 et
505 2437 730 2506 consequentem:
752 2426 839 2486 Illam
853 2445 916 2486 esse
929 2424 1033 2485 volunt
1046 2424 1199 2485 consilium
1212 2433 1242 2484 et
1250 2423 1409 2484 decretum

194 2506 250 2565 Dei
263 2517 403 2566 aternum
417 2506 453 2566 de
477 2506 612 2566 omnibus
635 2507 666 2564 in
687 2507 856 2567 universum
878 2504 1043 2565 hominibus
1066 2513 1185 2583 peccato
1207 2504 1331 2582 perditis
1351 2524 1411 2582 per
1536 2499 1562 2531 '⁴

191 2585 339 2646 Christum
353 2584 410 2645 fide
424 2586 697 2666 apprehendendum
712 2587 871 2662 salvandis,
887 2605 952 2664 qua
965 2585 1058 2645 tribus
1072 2583 1268 2644 fundamentis
1282 2585 1408 2660 nitebar,

191 2665 345 2726 uniuersali
355 2667 416 2725 Dei
434 2667 637 2742 misericordie,
662 2666 817 2726 uaiweali
840 2667 947 2726 Olm'ste'
964 2666 1070 2741 mett),
1097 2674 1126 2726 et
1147 2666 1303 2724 ιιπίυσνεαιὶ
1319 2665 1413 2724 Verbi

191 2746 351 2823 annam,
367 2765 419 2806 seu
432 2747 597 2822 vocalium
619 2747 710 2807 Istam
725 2767 788 2807 esse
802 2745 954 2806 consilium
969 2745 1024 2804 Dei
1039 2754 1178 2806 aeternnm
1193 2745 1229 2804 de
1250 2744 1409 2805 salvandis

191 2825 384 2902 credentibus,
399 2835 429 2888 et
443 2827 614 2887 mmnsndis
628 2827 793 2904 incredulis,
808 2836 838 2887 ct
851 2845 968 2886 causam
981 2825 1066 2886 istim
1086 2824 1323 2904 particularitatis
1343 2843 1409 2884 non

191 2907 260 2966 oriri
274 2927 312 2967 ex
327 2907 399 2985 Deo,
423 2909 474 2988 qui
488 2907 572 2984 serio,
598 2915 770 2985 constanter,
794 2915 824 2968 et
845 2905 979 2966 ardenter
1000 2906 1065 2966 vult
1087 2914 1121 2966 ιιι
1142 2925 1243 2965 omues
1268 2904 1408 2964 homines

191 2985 319 3064 credant,
335 2995 364 3048 et
376 3007 429 3068 per
441 2988 528 3048 fidem
542 2989 572 3048 in
587 2989 733 3049 Christum
748 2995 916 3064 serventur3
939 2985 991 3046 sed
1011 3007 1049 3046 ex
1068 2985 1234 3046 hominibus
1248 2985 1329 3064 ipsis,
1352 2985 1407 3063 qui

192 3068 319 3148 benigno
334 3069 391 3129 Dei
413 3078 443 3131 et
455 3069 612 3130 universali
633 3069 814 3147 beneplacito
828 3087 885 3127 non
905 3067 1103 3145 obsequuntur
1115 3085 1169 3126 uec
1183 3065 1314 3139 credunt,
1336 3084 1406 3143 quse

192 3150 283 3209 verba
296 3158 364 3210 sunt
376 3151 590 3228 Heffeurefferl,
606 3151 636 3209 in
650 3149 738 3209 Locis
761 3167 863 3210 comm.
877 3148 928 3207 lib.
943 3147 984 3206 iii.
999 3156 1053 3208 sta.
1068 3150 1096 3224 3,
1120 3142 1168 3208 cui
1187 3145 1406 3224 adstipulantur

193 3231 355 3305 Eclccrrlea,
366 3231 498 3291 Fascicu.
509 3233 645 3292 controv.
661 3249 686 3290 c.
701 3251 752 3290 xv.
767 3250 795 3308 q.
806 3233 834 3306 2,
849 3230 995 3304 Halteras,
1010 3226 1153 3305 Hecatae,
1171 3225 1349 3302 Gramato,
1366 3225 1405 3284 dc

193 3309 287 3368 Elect.
302 3317 332 3369 et
347 3310 472 3387 Reprob.
488 3333 514 3372 c.
528 3316 556 3387 4,
572 3309 636 3388 uc,
653 3310 754 3371 etalii.

233 3387 294 3446 111.
315 3391 480 3450 Anniciaai
491 3411 556 3452 cum
572 3391 746 3451 Lutheranis
770 3389 817 3449 bic
830 3388 947 3465 faciunt,
963 3397 993 3448 et
1005 3388 1127 3449 ulterius
1141 3387 1229 3448 etiem
1242 3385 1311 3465 ipsis
1330 3403 1399 3462 pro-

191 3467 380 3544 grediuntur:
402 3477 526 3546 quatuor
538 3470 645 3548 quippe
659 3470 775 3531 decreta
788 3470 835 3530 bic
849 3468 904 3528 sibi
925 3468 1113 3529 subordinate
1134 3473 1271 3542 statuunt,
1288 3469 1339 3540 1¹¹?
1360 3464 1400 3523 de

192 3546 289 3606 dando
317 3545 432 3607 Christo
455 3549 486 3608 in
511 3549 702 3611 Mediatorem
726 3551 781 3615 toti
808 3549 916 3610 Generi
937 3549 1083 3624 humen03
1110 3552 1166 3608 ιω
1193 3547 1230 3608 dc
1254 3546 1346 3606 saluta
1368 3544 1402 3603 in

193 3626 308 3687 Christo
322 3625 456 3688 fidelibus
475 3629 656 3707 conferenda,
679 3639 709 3690 et
729 3631 766 3692 dc
785 3627 954 3690 damnandis
975 3627 1161 3706 infidelibus;
1184 3631 1239 3689 3¹¹²
1257 3626 1294 3686 de
1309 3624 1402 3686 admi·

192 3706 350 3768 nistrandis
370 3707 473 3768 mediis
495 3709 704 3770 sufficientibus
717 3711 756 3771 ad
774 3711 895 3770 salutem
909 3708 1044 3768 omnibus
1062 3717 1093 3768 et
1116 3707 1260 3788 singulis3
1282 3711 1339 3766 4⁸²
1365 3705 1403 3766 da

192 3788 324 3868 personis
346 3788 541 3866 singularibus
562 3790 715 3851 credituris
737 3789 895 3864 servandis,
918 3798 948 3848 ot
971 3808 1030 3848 non
1044 3788 1197 3849 credituris
1218 3785 1401 3846 dannanus

193 3869 299 3929 Tribus
313 3869 456 3948 prioribus
470 3870 594 3930 decretis
607 3871 787 3931 fundamenti
800 3871 891 3930 instar
904 3869 1092 3930 substernunt
1105 3869 1240 3931 Grcubm
1253 3868 1401 3928 miserau-

194 3953 255 4025 lem,
271 3949 333 4010 sive
347 3948 481 4009 affectum
496 3960 525 4011 et
538 3949 764 4011 misericordiam
779 3950 835 4010 Dei
847 3969 918 4028 erga
931 3957 1024 4009 totum
1046 3969 1140 4044 genus
1153 3951 1321 4025 humanum,
1343 3966 1404 4026 qua

193 4031 233 4088 im
253 4030 335 4090 uisus
349 4029 495 4090 Christum
514 4031 546 4090 in
560 4031 752 4092 Mediatorem
772 4029 906 4091 omnibus
926 4029 1086 4107 destinant,
1101 4038 1132 4091 et
1151 4029 1287 4090 omnibus
1305 4027 1404 4087 media

193 4129 207 4168 s
258 4109 365 4170 cientis
384 4109 422 4169 ad
436 4111 558 4172 salutem
577 4111 678 4191 largiri
698 4110 887 4186 constituerit,
902 4119 935 4170 ut
954 4118 1081 4172 ruentem
1102 4131 1185 4171 suam
1197 4109 1229 4168 in
1244 4109 1404 4170 Oollale'one

193 4189 340 4266 Eualenoi,
355 4190 433 4249 Actia
445 4193 640 4270 Syrwdalrbus,
656 4201 686 4252 et
699 4192 813 4270 scriptis
827 4191 892 4251 aliis
910 4191 948 4250 ab
961 4189 1106 4268 Arminio,
1123 4190 1257 4267 Corvino,
1274 4187 1402 4249 Gravin-

194 4269 307 4347 chovio,
324 4269 479 4349 Episcopio
494 4281 524 4332 et
537 4273 657 4351 caeteris,
673 4272 820 4332 adornatis
833 4278 992 4350 exponunt.

234 4347 289 4407 IV.
318 4347 386 4408 Non
400 4350 640 4412 dissimulandum
662 4351 758 4429 etiam,
772 4371 831 4412 nou
852 4351 930 4411 idem
943 4370 996 4430 per
1016 4349 1114 4410 omnia
1131 4350 1179 4410 hic
1193 4348 1299 4410 sentire
1320 4347 1401 4426 ipsos

193 4425 359 4506 Theologos
373 4429 563 4508 Reformatos,
580 4442 609 4493 et
622 4433 777 4492 nonnullos
791 4451 863 4508 esse,
875 4432 926 4510 qui
938 4432 1008 4492 licet
1018 4431 1170 4491 uobiscum
1184 4427 1360 4490 conveniant
1370 4428 1401 4484 in

193 4513 292 4597 centro
307 4507 517 4571 Controversia
532 4512 697 4591 Pelagianae
711 4512 748 4572 de
768 4512 917 4572 Electione
930 4531 1008 4572 mere
1030 4513 1166 4590 gratuita,
1181 4519 1211 4572 et
1224 4510 1261 4569 de
1282 4507 1400 4568 decreto

192 4585 359 4674 paruqrrlari
372 4587 408 4645 de
422 4588 519 4649 danda
532 4591 589 4652 fide
603 4593 657 4670 his,
673 4612 731 4652 non
745 4592 812 4668 illis,
829 4599 861 4652 ut
874 4601 904 4652 et
924 4591 960 4651 de
974 4591 1137 4652 vocatione
1153 4589 1269 4666 efficaci,
1285 4597 1315 4648 et
1329 4589 1399 4646 irre·

193 4657 317 4735 subbdi,
332 4663 439 4740 quique
453 4668 508 4728 hac
521 4671 552 4729 in
572 4681 653 4750 parts
667 4672 704 4732 ab
719 4671 898 4733 Armiuianis
912 4671 1105 4752 dissentiuut5
1136 4679 1232 4732 umen
1252 4671 1301 4748 pio
1326 4685 1397 4745 quo-
