3158 5180
119 365 241 414 Qunrsr.
258 347 338 434 rim]
616 369 654 408 na
669 369 847 412 auerrione.
1259 359 1330 414 '425

119 517 224 568 tamen
238 527 293 566 nos
313 508 351 567 ab
372 510 431 584 qiua
446 509 618 584 paralitate,
641 510 788 586 quianon
809 510 998 589 ampliasset
1021 511 1197 590 stipendium
1220 514 1332 590 peccati

117 587 271 663 fidelibus,
288 588 341 647 sed
354 588 493 647 transitus
513 589 544 647 in
567 589 714 648 meliorem
737 591 837 665 vitam,
862 611 922 649 uon
945 591 1069 668 emplius
1093 593 1255 668 maledicta,
1279 592 1332 652 sed

120 667 290 744 benedicte,
306 668 401 744 Apoc.
416 667 476 728 xiv.
495 670 541 728 13.
586 669 728 743 Secundo,
743 671 877 747 quamvis
892 671 1023 731 Christus
1037 672 1166 730 nondum
1179 673 1332 732 abstulerit

119 756 192 806 actu
206 747 422 822 mortalitatem,
437 767 500 806 carn
514 756 611 807 tamen
621 751 682 826 jam
697 750 818 808 abstulit
831 752 933 809 merito
944 751 974 809 in
988 770 1082 826 cruce,
1097 759 1127 810 et
1140 760 1206 810 actu
1221 751 1331 812 auferet

119 847 178 904 per
191 825 348 886 efficaciam
363 847 453 902 suam,
470 847 535 886 cum
549 828 614 886 aliis
628 829 848 904 calamitatibus,
864 850 929 907 quae
943 830 1030 889 etiam
1044 850 1082 889 ex
1105 840 1224 908 peccato
1238 830 1330 892 fluxe·

119 915 202 980 runt,
218 905 249 964 in
263 907 482 980 resurrectione,
501 910 514 964 l
532 907 596 966 Cor.
612 928 663 966 xv.
678 911 726 982 26,
743 911 791 982 54,
807 912 855 968 55.
996 967 1000 974 ,

165 985 264 1044 XIII.
287 985 373 1060 Quod
386 994 429 1046 est
443 986 617 1064 generabile,
633 995 678 1046 est
691 989 778 1046 etiam
792 987 986 1068 corruptibile,
1002 988 1131 1066 potentia
1143 997 1262 1064 remota,
1279 989 1331 1049 sed

119 1083 183 1124 non
198 1066 297 1124 statim
318 1067 459 1142 proxima.
502 1070 530 1125 2.
552 1065 682 1126 Axioma
701 1067 781 1126 valet
801 1068 832 1125 iu
853 1076 930 1128 statu
951 1077 1095 1146 corrupto,
1116 1089 1176 1127 non
1195 1069 1330 1147 integro,

121 1145 188 1204 Nec
201 1145 281 1203 enim
294 1143 372 1204 idem
386 1164 490 1222 corpus
504 1146 583 1222 quod
593 1147 725 1223 generari
739 1146 840 1208 debuit
853 1147 884 1205 in
898 1147 1071 1226 integritate,
1082 1147 1230 1208 debuisset
1243 1149 1331 1208 etiam

121 1233 193 1283 actu
207 1225 361 1301 corrumpi,
377 1224 532 1284 accedente
546 1245 633 1284 causa
651 1226 853 1304 internaque
872 1227 958 1286 istam
979 1228 1191 1306 corruptionem
1211 1235 1329 1306 arceret,

120 1304 261 1362 nimirum
276 1305 437 1364 sanctitate.
467 1304 631 1364 Concursus
645 1305 816 1383 qualitatum
830 1307 1047 1367 elementarium
1061 1317 1161 1368 mutuo
1175 1327 1206 1366 se
1217 1307 1329 1367 destru-

121 1383 244 1457 entium,
260 1391 356 1461 potest
370 1384 487 1462 quidem
500 1405 577 1444 nunc
588 1385 800 1463 corruptionem
814 1385 934 1462 efficere,
946 1395 1099 1465 postquam
1113 1407 1165 1465 per
1178 1396 1330 1464 peccatum

122 1481 257 1540 pugnare
271 1472 421 1541 caeperunt
435 1465 590 1540 qualitates
603 1465 667 1524 ista
681 1467 840 1541 contrariae,
860 1467 934 1525 etin
947 1466 1060 1526 ruinam
1074 1467 1202 1544 corporis
1216 1467 1329 1544 conspi-

121 1562 197 1602 rare.
242 1543 301 1602 Sed
315 1552 402 1603 antea
415 1543 465 1602 ubi
479 1544 554 1604 inter
577 1563 608 1604 se
631 1546 811 1622 aeqnabiliter
832 1555 1019 1624 temperatas
1032 1547 1123 1606 amice
1145 1546 1185 1605 ad
1204 1547 1331 1605 hominis

123 1625 378 1683 conservationem
393 1625 609 1700 concurrebant
631 1625 712 1684 nulle
732 1625 827 1703 potuit
848 1626 970 1685 actualis
991 1627 1136 1704 corruptio
1157 1627 1329 1702 succedere;

122 1709 159 1838 up
171 1703 254 1840 plrpilla
266 1704 362 1782 potuit
375 1721 439 1764 ease
454 1703 485 1762 in
499 1703 624 1782 Corpore
640 1703 756 1781 Christi,
772 1713 802 1765 et
817 1705 900 1766 nulla
922 1705 1019 1766 lutura
1043 1707 1132 1766 estin
1157 1705 1331 1784 Corporibus

123 1801 175 1858 go
192 1783 198 1796 '
222 1783 305 1842 catis.

575 2021 770 2098 cumauro
790 2022 887 2082 xrn.

581 2200 621 2240 DE
635 2199 759 2241 omenta
773 2199 887 2241 ΔΝΜ.

201 2341 249 2398 An
263 2301 376 2400 Andnoe
389 2361 409 2401 a
422 2343 486 2400 Deo
500 2349 637 2416 orscamr,
652 2341 700 2400 Aa
712 2361 845 2419 seraper
861 2343 1017 2402 lhaduecm
1026 2343 1250 2420 propagentur?

525 2421 610 2482 Prius
624 2421 718 2499 Affir,
734 2422 847 2482 Poster.
862 2421 937 2499 Neg.

163 2578 189 2637 1.
212 2578 354 2654 Quamvis
377 2579 467 2640 varias
485 2581 544 2640 sint
565 2580 779 2658 Theologorum
801 2590 830 2642 et
855 2581 1096 2660 Philosophorum
1121 2581 1197 2642 circa
1218 2581 1331 2640 Animae

121 2659 262 2735 mffincra
276 2659 435 2736 sententiae,
452 2661 516 2720 duae
530 2669 627 2721 tamen
645 2669 713 2722 sunt
736 2662 897 2740 praecipuae,
924 2661 961 2722 ad
980 2681 1052 2740 quas
1074 2671 1186 2722 caeterae
1207 2669 1330 2739 possunt

120 2737 243 2814 referri;
265 2739 370 2799 Altera
383 2760 448 2816 quse
464 2741 642 2802 Creationem
665 2741 776 2817 asserit,
791 2743 883 2802 altera
896 2762 961 2819 quae
978 2745 1144 2802 studerem·
1187 2742 1243 2800 Illa
1264 2742 1330 2801 vult

122 2818 238 2877 animes
251 2838 352 2878 omnes
366 2819 531 2880 immediate
545 2841 562 2879 a
577 2821 640 2881 Deo
654 2821 754 2897 creari,
776 2830 807 2880 ct
819 2822 945 2880 creando
967 2821 1088 2897 infundi,
1114 2830 1201 2898 atque
1225 2822 1267 2880 ita
1290 2841 1329 2880 ex

121 2897 216 2958 nihilo
231 2899 341 2976 absque
354 2899 416 2958 ulla
428 2901 631 2977 praeexistente
645 2901 765 2961 materia
778 2900 899 2977 produci
910 2923 917 2976 ;
940 2901 1003 2960 Ista
1016 2921 1085 2960 vero
1099 2900 1244 2977 pertendit
1267 2901 1329 2958 ani·

121 2997 202 3036 mam
216 2978 349 3038 Traduce
362 2981 524 3058 propagari.
567 2979 697 3040 Priorem
711 2979 873 3039 Orthodoxi
887 2978 946 3038 lere
960 2998 1061 3038 omnes
1076 2988 1243 3057 sequuntur,
1263 2988 1330 3057 post

122 3059 279 3136 plerosque
293 3079 331 3117 ex
346 3059 490 3136 Patribus,
506 3068 536 3120 et
551 3059 755 3134 Scholasticis;
779 3059 971 3118 Posteriorem
982 3058 1141 3117 Lutherani
1150 3058 1328 3134 amplectun-

121 3147 178 3213 tur,
189 3137 296 3215 quibns
309 3139 424 3216 praeivit
434 3140 496 3218 jam
511 3139 579 3199 olim
591 3139 780 3198 Tertullianus
788 3137 929 3197 'lhaducis
937 3137 1041 3196 author
1052 3135 1140 3213 (libro
1148 3136 1185 3195 de
1195 3137 1327 3215 Anima)

122 3237 211 3295 quem
224 3218 273 3276 hic
287 3218 470 3295 Luciferiani,
486 3229 515 3280 et
528 3219 602 3278 varii
616 3239 653 3278 ex
668 3217 780 3276 Latinis
795 3218 886 3277 secuti
900 3225 976 3276 sunt.
1025 3217 1197 3292 Augustinus
1216 3215 1264 3275 hic
1286 3217 1328 3274 isr-

122 3299 181 3374 ips,
197 3305 228 3357 et
240 3297 311 3356 licet
324 3297 430 3391 sapius
443 3299 480 3360 de
492 3301 547 3358 hac
561 3299 721 3376 quaestione
734 3296 835 3375 egerit,
847 3297 921 3356 nihil
934 3305 1031 3356 tamen
1045 3295 1082 3356 de
1090 3316 1125 3356 ea
1138 3295 1329 3356 determinare

121 3378 226 3453 voluit,
243 3377 311 3436 vide
325 3387 408 3455 epist.
420 3381 468 3454 28,
484 3379 522 3438 ad
537 3379 637 3438 Hiero.
653 3388 683 3438 et
699 3380 764 3452 157,
780 3377 818 3436 ad
833 3376 979 3455 Optatum,
995 3385 1025 3436 et
1044 3376 1095 3436 lib.
1111 3376 1129 3436 i.
1152 3376 1280 3438 Retract.
1301 3397 1327 3436 c.

121 3457 140 3515 i.
155 3465 187 3516 et
200 3456 252 3516 lib.
268 3455 298 3516 ii.
313 3478 338 3516 c.
355 3460 402 3534 56,
418 3467 540 3520 testatur
553 3479 582 3518 sc
595 3460 688 3518 adhc
701 3459 814 3533 credre,
830 3457 902 3535 quid
915 3457 953 3518 sit
968 3457 1161 3518 statuendum.

162 3536 207 3596 II.
223 3536 281 3612 Qui
295 3538 466 3598 sententiam
476 3538 513 3598 de
523 3538 654 3598 Traduce
668 3547 835 3616 sequnntur,
845 3557 903 3597 non
914 3557 1014 3598 omnes
1024 3537 1101 3598 idem
1110 3537 1239 3598 sentiunt
1247 3547 1276 3598 et
1286 3538 1328 3598 lo·

120 3625 261 3694 quantur.
305 3616 428 3691 Quidam
442 3618 546 3678 volunt
559 3619 683 3677 enimam
697 3639 735 3677 ex
749 3628 901 3696 parentum
922 3619 1030 3678 semine
1050 3618 1172 3694 traduci,
1194 3628 1223 3678 et
1243 3617 1329 3678 educi

120 3697 306 3791 err-potentia
319 3698 466 3792 materiae:
503 3697 562 3758 Sed
575 3699 637 3792 haec
645 3707 683 3792 'ut
697 3699 793 3758 minus
806 3698 972 3759 verisimilis
985 3719 1003 3758 a
1021 3698 1167 3776 plerisque
1188 3698 1326 3791 rejicitur,

120 3797 232 3916 3¹:32¹
245 3777 684 3918 Pltttttttttttt
696 3784 1251 3935 ttttttttttftttsttt
1274 3775 1327 3912 tt:
1373 3807 1378 3818 '

120 3937 333 4014 perscrutabili,
357 3945 388 3996 et
408 3938 493 3998 nobis
514 3938 671 4016 incognito,
697 3945 731 3995 ut
751 3938 851 3996 Jacob.
877 3936 1040 4012 Marenem,
1065 3935 1116 3993 lib.
1140 3934 1181 3992 iii.
1206 3933 1326 3992 miscell.

121 4025 224 4094 quaest.
240 4015 316 4094 disp.
332 4021 360 4077 7.
403 4017 465 4076 Alii
480 4016 654 4096 pertendunt
667 4015 793 4074 animam
806 4015 896 4092 patris
910 4033 1060 4092 procreare
1074 4013 1199 4072 animam
1213 4013 1266 4070 filii
1290 4032 1329 4071 ex

121 4097 232 4156 semine
247 4097 374 4174 quodam
388 4097 531 4175 spirituali
544 4106 573 4157 et
592 4097 770 4173 incorporeo,
795 4102 829 4153 ut
843 4095 961 4153 Timore.
976 4093 1122 4170 Briptdus.
1164 4092 1233 4157 Alii
1246 4092 1326 4151 deni-

120 4197 187 4254 qne,
202 4197 269 4254 quse
284 4178 464 4237 communior
485 4186 530 4238 est
552 4175 703 4250 sententia,
728 4181 855 4250 censent,
879 4173 1004 4232 animam
1026 4171 1139 4231 traduci
1160 4172 1198 4230 ab
1222 4172 1326 4247 anima,

120 4276 179 4315 non
207 4276 260 4335 per
281 4255 457 4316 decisionem
478 4266 508 4318 et
535 4256 721 4336 partitionem
741 4253 845 4312 anima
865 4260 1001 4346 paterna,
1023 4251 1075 4312 sed
1094 4250 1183 4345 modo
1203 4247 1329 4328 quodam

122 4337 275 4414 spirituali,
291 4345 326 4397 ut
339 4337 437 4396 lumen
451 4336 618 4399 accenditur
631 4335 667 4396 de
680 4333 799 4394 lumine.
843 4333 892 4392 Src
905 4333 1022 4392 Baltlsu.
1036 4334 1204 4408 Materterae,
1220 4340 1249 4392 et
1266 4331 1328 4409 ple·

121 4417 145 4474 ri
166 4437 203 4477 ue
219 4417 390 4477 Lutherani.

146 4437 166 4494 q
431 4497 490 4558 111.
514 4497 575 4558 Nos
585 4517 655 4556 vero
664 4494 846 4556 Creationem
857 4493 960 4552 animae
974 4492 1016 4553 sic
1026 4491 1211 4552 adstruimus.
1243 4493 1268 4550 l.
1281 4491 1328 4552 Ex

139 4563 344 4668 reme.
391 4577 549 4638 cresone
570 4579 654 4655 nepe,
678 4581 706 4636 a.
729 4576 886 4652 &aare
909 4573 1077 4650 mameae,
1100 4576 1129 4666 s,
1154 4571 1329 4667 amaea.

179 4637 195 4682 Ρ
394 4659 420 4716 l.
436 4659 483 4716 Ex
499 4657 658 4718 erectione
672 4659 755 4733 Lapa,
774 4655 849 4731 Quia
863 4653 964 4714 eedem
979 4654 1066 4714 debet
1086 4673 1170 4732 origo
1183 4673 1246 4712 esse
1268 4673 1329 4712 anr-
