3160 5194
516 396 647 446 osnnro
665 397 853 446 runasers.
1218 379 1293 444 xlvii

94 579 216 662 amplius
230 583 287 642 tuo
302 581 393 659 grato
403 576 552 660 doctoque
566 581 654 643 fruar
669 579 820 660 colloquio
828 601 836 654 ;
863 577 935 642 Heu
951 598 1024 660 pars
1036 579 1154 660 optima
1168 577 1228 641 mei
1244 598 1293 642 me

93 678 232 760 reliquit!
266 677 389 758 Plange
405 676 565 742 Ecclesia!
594 678 666 742 Non
684 699 788 743 vocem
805 677 889 741 illam
903 678 1019 754 audies,
1036 698 1103 758 qnae
1119 683 1220 740 totum
1232 676 1293 739 Dei
1402 677 1407 684 '

94 777 247 844 consilium
264 776 327 839 tibi
341 775 529 852 recludebat,
546 777 655 840 animis
668 777 757 860 aegris
774 777 962 852 medebatur,
979 777 1137 840 solabatur
1154 775 1294 852 afflictos,

94 881 227 942 errantes
241 875 274 937 in
287 877 372 938 riam
388 875 564 952 reducebat,
580 877 759 942 vacillantes
776 877 1003 952 corroborabat,
1016 876 1139 956 ignaros
1154 874 1294 950 docebat,

94 976 289 1040 confirmabat
310 974 439 1048 doctos;
467 975 511 1040 Os
526 975 604 1040 illud
618 974 700 1039 unde
712 974 856 1040 dictionis
866 995 967 1038 aureae
977 973 1110 1039 medulla
1122 975 1296 1054 profluebat

93 1072 171 1138 baud
185 1073 250 1136 ulla
263 1072 393 1138 oracula
408 1073 520 1137 fundet
543 1074 577 1138 in
594 1074 708 1138 terris!
759 1073 903 1155 Plangite
920 1074 1145 1154 Prophetarum
1162 1071 1237 1148 filii;
1263 1073 1296 1134 hi

95 1173 151 1253 ipsi
164 1172 301 1254 parietes
312 1171 399 1236 vocis
413 1172 481 1253 ejus
494 1192 678 1254 repercussu
693 1194 754 1238 non
770 1173 900 1255 amplius
914 1171 1124 1236 resonabunt!
1142 1171 1298 1234 cathedra

95 1273 159 1336 bec
176 1271 362 1336 Turrettioo
378 1272 490 1336 orbata
504 1271 585 1346 erit3
612 1271 687 1349 Quis
699 1293 756 1354 ego
772 1292 851 1353 sum,
865 1271 917 1352 qui
934 1271 1035 1336 locum
1050 1271 1131 1333 hunc
1147 1289 1297 1351 occupare

96 1377 127 1434 et
141 1375 227 1433 tanto
240 1368 324 1434 Viro
342 1369 505 1434 succedere
528 1371 666 1452 possimt
716 1372 767 1435 De
783 1370 978 1451 Imperatore
994 1370 1125 1450 quodam
1143 1369 1297 1445 detineto,

97 1468 141 1533 cni
155 1467 232 1533 alter
245 1469 275 1532 ei
291 1467 397 1548 impar
414 1475 612 1545 successerat,
627 1470 674 1534 ait
689 1469 895 1550 Tranquillus,
921 1469 1018 1533 fuisse
1040 1469 1109 1549 ipso
1124 1488 1298 1532 successore

96 1566 384 1630 desiderabiliorem.
437 1566 593 1644 Quantum
610 1568 857 1648 pertimescens
874 1568 955 1632 idem
977 1569 1015 1633 de
1030 1566 1148 1630 Nostro
1166 1569 1299 1631 Terret·

98 1669 157 1730 tino
172 1665 304 1742 dicatur,
316 1665 370 1730 cui
381 1663 458 1745 jam,
475 1666 550 1730 licet
564 1667 676 1743 infans,
692 1687 848 1732 successor
863 1666 1037 1731 destinatus
1046 1687 1124 1729 sum.
1150 1667 1299 1732 Precibus

98 1783 141 1827 me
156 1765 266 1830 restris
290 1764 405 1844 jurate
421 1766 557 1840 obsecro,
577 1765 830 1830 Praestantissimi
846 1774 880 1829 ct
897 1765 930 1828 N
931 1765 1092 1829 obilissimi
1117 1765 1299 1840 AuditoreS,

99 1869 194 1926 vostra
208 1857 287 1926 ends
305 1867 383 1926 rota
397 1863 583 1944 conjungite,
599 1871 635 1927 ut
660 1865 688 1927 si
706 1867 800 1929 chara
819 1865 886 1928 bac
901 1863 1032 1945 vestigia
1047 1863 1189 1943 passibus
1205 1863 1301 1943 aequis

97 1981 227 2042 premere
241 1979 306 2024 non
325 1960 454 2037 valeam,
470 1962 578 2026 saltem
595 1963 679 2043 sequi
695 1961 820 2043 possim.

142 2059 254 2122 Fam*
270 2059 478 2140 Omnipotens
493 2081 532 2124 ne
547 2061 640 2141 hujus
657 2060 782 2142 Syderis
794 2059 962 2138 deliquium
976 2056 1092 2120 malurn
1103 2058 1227 2139 aliquod
1240 2058 1303 2122 Ec-

98 2158 190 2221 clesia
204 2166 328 2222 nostrae
345 2158 530 2238 portendat;
558 2159 694 2223 Sinistra
718 2159 820 2222 omina
845 2163 950 2220 averte
965 2176 1081 2218 summe
1099 2157 1196 2232 Deus,
1212 2156 1304 2238 hujus

100 2255 185 2320 Urbis
202 2257 331 2339 Stator,
347 2256 390 2319 sit
404 2277 441 2320 ea
455 2277 576 2339 semper
589 2258 674 2322 salva
689 2262 722 2322 et
738 2254 915 2336 tranquilla,
934 2254 1081 2318 invictum
1103 2254 1252 2335 potentias
1270 2275 1305 2318 ac

100 2356 216 2419 virtutis
229 2361 296 2418 tuae
316 2356 483 2419 theatrum.
534 2354 654 2420 Vivant
678 2376 713 2420 ac
739 2361 910 2436 perennent
932 2353 1047 2418 Patriae
1065 2353 1184 2430 Patres,
1201 2354 1306 2416 avant

101 2453 239 2518 Ecclesiae
268 2461 310 2519 et
328 2454 507 2518 Academia
537 2459 627 2516 στύλοι
652 2465 702 2517 κα)
728 2461 913 2539 {spesspes-a.
964 2452 1015 2516 Sit
1041 2453 1106 2516 haec
1135 2453 1307 2516 Academia

101 2551 267 2617 droedonis
282 2552 450 2633 sapientias
467 2554 565 2630 sedes,
586 2554 674 2616 nudae
690 2553 832 2617 veritatis
857 2573 915 2615 arx
929 2552 1188 2634 inexpugnabilis,
1204 2558 1308 2616 recta-

101 2671 163 2714 rum
176 2652 356 2715 auimarum
382 2650 590 2734 Prytanaeum,
609 2651 766 2716 doctorum
789 2651 943 2726 lararinm,
969 2650 1067 2714 totius
1093 2649 1177 2713 orbis
1194 2650 1307 2713 eruditi

102 2751 324 2830 compendium,
340 2751 513 2831 famamque
529 2757 562 2814 ot
578 2750 707 2832 gloriam
721 2752 761 2813 ad
778 2751 861 2814 orbis
876 2749 1026 2813 terminos
1041 2748 1210 2825 extendat3
1235 2755 1308 2811 tan·

103 2849 166 2910 dem
181 2849 222 2912 sit
238 2850 311 2912 haec
328 2847 470 2912 Ecclesia
483 2855 629 2913 constans
652 2856 715 2912 tua
736 2849 854 2931 gratiae,
870 2855 902 2912 et
920 2848 1025 2923 Arcas,
1043 2849 1142 2913 sedes.
1206 2847 1309 2910 Eliam

104 2953 237 3010 nostrum
253 2946 427 3022 abstulisti,
444 2947 534 3012 mitte
550 2948 693 3014 Elizeeos.
746 2947 871 3024 Excita,
889 2967 1024 3027 quosque
1038 2944 1184 3010 excitasti
1200 2947 1310 3010 robore

104 3052 155 3107 tno
169 3047 330 3120 confirma,
349 3045 490 3108 veritatis
504 3046 650 3128 vindices,
668 3047 843 3110 docentium
867 3051 900 3110 et
915 3044 1099 3108 discentium
1113 3050 1232 3108 mentes
1249 3064 1312 3106 coe-

105 3141 171 3206 lesti
184 3145 252 3208 luce
267 3143 404 3216 illustra,
423 3144 583 3225 sapientiae
599 3152 631 3208 et
646 3145 773 3224 pictatis
790 3163 893 3207 amore
907 3142 1049 3206 accende.

151 3242 311 3306 Inraarru
338 3242 583 3322 quandoquidem
605 3243 783 3306 Torrettini
799 3247 887 3322 grato
914 3246 948 3302 et
970 3239 1081 3303 decoro
1104 3257 1165 3301 non
1181 3237 1312 3320 amplius

108 3339 230 3403 fruimur
257 3347 438 3420 conspeetu,
453 3342 548 3404 illum
571 3349 686 3405 nostra
704 3339 843 3423 paqella
861 3341 1005 3403 decantet
1016 3359 1029 3416 ;
1066 3358 1158 3420 que-m
1179 3359 1313 3422 corpore

109 3440 333 3513 caveamus,
352 3441 573 3504 recordatione
590 3451 759 3514 tmeamm,
780 3446 809 3503 et
832 3459 902 3501 cnm
926 3460 987 3521 qno
1009 3437 1096 3520 loqui
1118 3459 1184 3501 non
1199 3458 1313 3520 possc-

110 3557 181 3612 mna,
195 3539 235 3600 de
250 3559 288 3602 eo
307 3537 394 3618 loqui
407 3559 472 3602 noa
486 3540 676 3601 desinamus.

155 3633 266 3711 VALE,
280 3635 541 3700 desideratissime
556 3637 585 3698 T
582 3639 747 3711 urretle'ne,
756 3644 886 3717 φίλτατον
899 3645 947 3698 nal
958 3640 1109 3712 scopans
1121 3641 1202 3719 κάρα.
1223 3634 1313 3712 Vale,

112 3739 231 3812 recepta
247 3732 326 3798 coelo
339 3753 436 3797 mens.
465 3735 497 3798 N
500 3755 533 3798 os
551 3741 584 3798 te
609 3754 770 3815 sequemur
787 3756 847 3815 quo
869 3756 1018 3817 quemque
1042 3741 1183 3798 nostrum
1207 3733 1315 3798 ordine

115 3832 230 3894 necabit
244 3830 350 3896 fatalis
367 3833 451 3895 hora.

468 4045 681 4104 CYPRIANUS,
698 4046 801 4093 SERM.
820 4047 865 4093 DE
882 4046 988 4093 MORT.

166 4228 184 4256 ‘⁸
200 4221 274 4300 Quis
287 4245 350 4287 non
368 4223 408 4287 ad
423 4244 494 4288 suos
511 4223 659 4307 navigare
674 4226 825 4290 festinans
842 4229 968 4286 rentum
984 4241 1166 4302 prosporum
1179 4224 1320 4305 cupidius

123 4323 249 4402 optaret,
264 4329 301 4385 ut
317 4322 465 4386 velociter
479 4323 589 4388 charos
605 4325 714 4389 liceret
731 4321 900 4403 amplectit
927 4320 1064 4383 Patriam
1080 4329 1217 4386 nostram
1228 4323 1321 4388 Pera

126 4413 219 4479 disum
228 4427 450 4500 computamus,
460 4428 605 4500 parentes
617 4430 741 4486 nostros
754 4419 952 4483 Patriarchss
959 4420 1026 4499 jarn
1037 4421 1151 4486 habere
1161 4423 1321 4502 coepimus:

126 4512 194 4590 qnid
210 4537 269 4580 non
285 4538 487 4599 properamus
502 4525 535 4582 et
551 4521 704 4584 currimus
718 4526 755 4582 ut
769 4517 903 4599 patriam
924 4525 1061 4581 nostram
1076 4519 1189 4596 ridere,
1204 4529 1241 4583 ut
1266 4542 1324 4601 pa-

127 4617 225 4676 rentes
241 4615 378 4680 salutaro
404 4616 578 4698 possimusl
617 4617 749 4699 Magnus
774 4615 837 4680 illic
863 4636 918 4680 nos
933 4617 1095 4681 charorum
1109 4637 1254 4680 numerus
1268 4639 1326 4682 ex-

128 4715 227 4867 iiim
241 4721 415 4836 parentum,
432 4715 574 4794 fratrum,
590 4716 731 4791 filiorum,
748 4717 892 4794 frequens
906 4733 961 4779 nos
976 4721 1009 4778 ct
1024 4714 1147 4794 copiosa
1163 4715 1256 4777 turba
1272 4715 1328 4774 de-

131 4819 155 4864 si
175 4811 256 4873 erat'
