3160 5194
117 385 233 436 ennsr.
250 365 301 448 11.]
618 385 657 428 os
671 387 849 430 nrsonocn.
1314 375 1332 430 5

114 529 198 588 cendi
214 529 326 603 Deum,
343 527 397 606 qui
411 546 503 586 vanus
516 547 579 586 esse
593 529 709 606 nequit;
732 529 814 589 Licet
827 529 903 588 enim
918 549 936 588 a
949 549 1018 589 vera
1032 529 1193 607 Theologia
1213 531 1334 609 turpiter

115 610 289 684 absrrdrint,
305 608 399 668 talem
413 616 509 666 nmen
522 607 585 666 dari
599 629 662 667 eam
682 609 874 669 consectando
889 611 1127 689 comprobhmnt3
1153 610 1238 671 Unde
1252 612 1333 671 nulla

117 699 178 748 tam
191 689 321 749 wisara
342 688 425 747 natio
444 707 571 765 unquam
592 697 704 767 reperta
724 698 776 766 est,
799 710 864 767 quae
885 709 953 750 suos
974 691 1179 770 hierophantas
1199 711 1258 750 non
1278 692 1329 751 he·

117 769 223 844 buerit,
252 769 307 846 qui
335 769 366 827 in
394 769 481 828 rehus
502 768 609 827 divinis
637 769 846 848 cognoscendis
866 778 897 829 et
920 771 1060 830 docendis
1087 792 1118 832 se
1146 781 1329 850 occuparent.

119 853 148 908 3.
169 850 253 908 finis
269 849 451 921 Unctioni„
470 847 536 907 ideo
550 847 627 907 enlm
641 850 794 909 Creatnras
814 850 969 910 rationales
990 851 1120 912 condidit
1134 852 1223 928 Deus,
1245 860 1279 911 ut
1292 851 1330 910 ab

117 929 178 988 illie
192 937 404 1007 agnosceretur
414 937 444 988 et
454 927 654 1006 celebraretur,
666 929 745 1007 quod
755 930 817 990 sine
825 930 985 1009 Theologia
997 931 1060 990 fieri
1073 932 1182 1010 nequit.
1224 935 1253 992 4.
1274 933 1332 992 Rei

115 1019 236 1086 maara,
247 1010 317 1087 quia
325 1029 392 1086 qua
400 1009 458 1068 duo
472 1007 510 1067 ad
524 1009 756 1069 constitutionem
767 1009 926 1089 disciplinae
934 1012 1154 1090 requirunturcl
1162 1017 1268 1084 erma
1276 1031 1327 1072 seu

116 1089 270 1168 objectum
281 1089 392 1164 scibile,
404 1094 468 1149 etet
477 1093 613 1161 pensata
626 1109 678 1148 seu
687 1090 849 1168 subjectum
864 1092 1093 1169 cognoscitivum
1106 1092 1154 1152 hic
1163 1102 1326 1169 occurrunt,

117 1169 204 1229 Deus
223 1169 335 1228 scilicet
354 1173 402 1228 vrb
415 1170 550 1234 ἔπιαητὸι
570 1169 770 1246 sesamam,
790 1180 820 1230 et
840 1171 986 1231 Creaturae
1005 1172 1160 1232 rationales
1178 1172 1327 1234 intellectu

114 1249 251 1328 praedita
272 1248 310 1308 sd
332 1269 399 1309 aum
421 1249 661 1327 cognoscendum.
714 1254 742 1311 5.
763 1251 870 1310 Saluta
890 1252 1057 1326 nesseden
1083 1261 1116 1312 ut
1142 1253 1220 1312 enim
1240 1251 1327 1312 horno

115 1329 272 1388 ordinatur
290 1329 329 1388 ad
349 1329 436 1388 tinem
457 1330 711 1408 supernaturalem,
733 1349 851 1390 necesse
870 1340 916 1391 est
935 1331 978 1390 illi
999 1331 1062 1391 dari
1081 1332 1325 1412 medium-super·

114 1410 325 1487 naturaleque
339 1409 427 1468 linem
440 1409 522 1470 illum
543 1419 721 1490 assequatur,
736 1411 815 1489 quod
832 1430 891 1470 non
905 1410 986 1471 aliud
1005 1419 1051 1472 est
1063 1431 1150 1491 quam
1163 1413 1245 1490 fides,
1260 1433 1326 1492 qua

115 1490 176 1549 Dei
191 1490 389 1568 cognitionem
402 1489 564 1549 necessario
577 1491 671 1551 insert

159 1569 205 1628 Il.
228 1569 313 1629 Licet
339 1570 418 1630 entia
444 1570 541 1629 omnia
574 1578 733 1630 mactentur
759 1570 790 1629 in
818 1570 988 1650 Disciplinis
1016 1571 1236 1652 Philosophicis,
1265 1592 1324 1632 non

114 1657 282 1710 tractamur
301 1657 401 1709 umen
423 1650 580 1710 secundum
604 1651 701 1710 omnia
721 1669 787 1729 qna
808 1651 845 1710 de
866 1651 938 1730 ipsis
960 1653 1097 1731 cognosci
1117 1662 1248 1732 wssunt,
1272 1653 1324 1713 sed

113 1739 233 1790 tantum
247 1729 407 1790 secundnm
420 1731 494 1790 illud
507 1730 585 1808 quod
605 1731 642 1792 de
662 1730 733 1809 ipsis
753 1731 922 1792 naturaliter
941 1733 1049 1811 percipi
1068 1741 1173 1812 potest,
1194 1733 1272 1794 unde
1286 1755 1324 1794 ex

113 1809 273 1870 latitudine
296 1811 404 1890 objecti
426 1810 622 1888 Philosophici
650 1811 762 1870 nullum
789 1811 911 1872 insertur
937 1813 1138 1890 praejudiciurn
1156 1813 1324 1892 Theologise

114 1891 341 1968 supernaturali,
357 1890 471 1985 quade
486 1891 611 1950 Entibus
624 1891 797 1968 quibusdam
817 1892 887 1968 agit,
909 1911 968 1984 non
981 1912 1039 1970 qus
1051 1912 1104 1971 per
1115 1901 1256 1970 naturam,
1272 1893 1325 1953 sed

112 1971 732 2126 urteffth‘ltttttttt‘t„
745 1971 1325 2129 ililffliliiidlinllllilff

113 2131 167 2190 ubi
181 2130 417 2225 mysteriatvaria
430 2131 569 2192 docentur
582 2129 820 2210 supernaturalis,
841 2130 879 2189 ad
893 2149 958 2207 quae
972 2130 1052 2189 nulla
1065 2130 1192 2190 humana
1205 2131 1325 2191 scientis

115 2220 426 2351 mlllmlffiinsihhus
439 2291 518 2351 nulls
539 2290 652 2370 indiget
673 2290 838 2370 cognitione
860 2291 1071 2370 supernaturali
1093 2291 1131 2350 ad
1148 2291 1193 2352 sui
1213 2291 1322 2370 perfec·

115 2371 235 2448 tionem,
251 2391 310 2431 non
325 2371 455 2450 sequitur
468 2391 521 2431 nec
534 2371 712 2431 intellectum
726 2391 761 2431 ea
774 2371 912 2450 indigere,
925 2371 994 2451 quis
1006 2373 1170 2432 intellectus
1184 2371 1222 2432 sd
1235 2373 1323 2433 finem

114 2451 367 2532 supernaturalem
387 2451 543 2527 ordinatur,
565 2451 615 2529 qui
629 2452 912 2531 comprehensionem
932 2453 1052 2513 rationis
1066 2453 1189 2530 excedit,
1213 2455 1323 2514 Sensus

113 2543 214 2592 autem
235 2531 363 2591 minime.
405 2531 545 2606 Quamvis
558 2551 628 2590 voro
649 2531 711 2591 haec
733 2532 897 2592 intellectus
918 2531 1079 2612 indigentia
1098 2534 1322 2612 imperfectionis

114 2622 186 2672 nom
208 2612 247 2671 sit
264 2620 397 2690 respectu
418 2611 485 2670 finis
506 2611 635 2670 nondum
657 2611 762 2689 adepti,
785 2620 816 2671 et
836 2621 870 2673 ut
892 2611 1071 2690 significatur
1092 2613 1159 2674 finis
1181 2615 1320 2690 absentia,

112 2701 214 2831 ΗίεῘῙιιιειι
241 2691 447 2772 perfectionem
467 2691 555 2751 etiam
574 2692 709 2770 designat
728 2701 861 2771 respectu
881 2693 1048 2771 capacitatis
1068 2693 1106 2752 ad
1133 2694 1321 2754 obtinendum

154 2793 212 2833 em.
1014 2797 1017 2802 ·

155 2853 213 2912 lv.
234 2851 433 2930 Metaplysica
452 2858 497 2912 est
518 2851 638 2912 scientia
657 2851 785 2912 omnium
806 2872 940 2931 suprema
953 2853 983 2912 in
998 2853 1098 2914 ordine
1112 2854 1245 2929 naturali,
1268 2853 1320 2914 sed

113 2951 145 2992 se
166 2933 345 3012 superiorem
366 2932 499 3010 agrioscit
511 2932 698 3010 Theologism
720 2933 871 2992 inordina
892 2935 1111 3013 supernaturali.
1153 2935 1238 3010 Quod
1251 2955 1321 2994 vero

111 3013 221 3073 dicitur
242 3012 320 3091 apud
336 3011 537 3090 Philosophos,
561 3012 696 3073 scientias
717 3013 859 3092 distingui
880 3033 931 3091 per
949 3014 1089 3092 majorem
1111 3023 1162 3073 aut
1180 3015 1320 3072 minorem

111 3093 347 3167 abstractionem,
370 3101 457 3170 atque
479 3091 552 3152 adeo
574 3093 731 3170 scientiam,
754 3113 820 3171 quse
841 3094 967 3153 maxime
989 3093 1118 3152 omnium
1142 3093 1323 3153 abstrahite

112 3175 243 3250 materia,
258 3183 292 3234 ut
307 3171 547 3251 Metephysicam,
563 3192 626 3232 esse
641 3173 775 3232 omnibus
789 3173 974 3251 superiorem,
990 3171 1211 3249 intelligendum
1225 3180 1270 3231 est
1283 3172 1320 3232 de

111 3253 242 3314 scientiis
256 3273 335 3314 mere
348 3251 523 3328 theoreticis,
538 3261 568 3312 et
581 3272 646 3331 quae
667 3253 782 3312 nonnisi
803 3253 880 3312 circa
898 3271 946 3312 res
965 3251 1145 3312 universales
1157 3260 1319 3330 versantur,

110 3353 234 3412 quaeque
249 3342 319 3394 sunt
332 3332 442 3392 ordinis
455 3333 611 3410 naturalis3
635 3333 699 3392 Illae
713 3332 790 3392 enim
804 3351 888 3392 suurn
909 3331 965 3391 sihi
985 3332 1131 3412 objectum
1150 3335 1320 3412 permeatis

111 3413 338 3474 abehactionem
360 3412 552 3490 constituunt;
573 3421 604 3472 et
623 3433 681 3491 quo
703 3412 807 3491 majori
828 3412 1020 3473 abstractione
1042 3421 1170 3490 utuntur,
1194 3434 1229 3474 so
1251 3423 1320 3474 sunt

111 3495 292 3574 superiores;
318 3493 378 3555 sed
391 3513 449 3552 non
470 3501 567 3572 potest
588 3493 799 3553 accommodari
820 3492 858 3552 ad
875 3493 1073 3572 lheologiam,
1088 3515 1154 3572 quae
1166 3495 1260 3555 mixta
1273 3504 1319 3556 est

110 3593 148 3633 ex
161 3575 276 3635 theoria
296 3583 328 3634 et
347 3573 440 3652 praxi,
456 3594 521 3652 que
542 3572 620 3633 omni
634 3574 734 3633 ordine
748 3573 872 3634 naturali
894 3575 1022 3652 superior
1038 3583 1091 3650 est,
1113 3584 1143 3635 et
1163 3594 1248 3635 suum
1262 3576 1318 3635 sibi

109 3653 256 3732 objectum
278 3675 333 3734 per
354 3653 481 3732 aliquam
503 3653 724 3714 abstractionem
746 3674 805 3714 non
826 3655 983 3732 constituit,
1007 3655 1059 3715 sed
1080 3655 1268 3716 constitutum
1289 3665 1319 3716 et

110 3733 278 3796 distinctum
293 3733 401 3813 accipit
413 3752 432 3793 a
446 3733 644 3794 Revelatione.

414 3814 453 3873 V.
477 3814 628 3892 lbaolopia
641 3813 833 3875 diversimode
847 3814 988 3893 distingui
1002 3815 1085 3876 solet.
1128 3819 1154 3876 1.
1170 3815 1207 3873 In
1220 3835 1316 3874 omem

139 3879 280 3942 ‘imvm
291 3882 327 3928 ’ἢ
371 3895 523 3969 ctsalsam.
565 3897 656 3954 Falsa
676 3903 706 3954 et
725 3896 872 3973 equivoco
886 3895 927 3955 ita
948 3895 1033 3971 dicta,
1049 3915 1114 3972 quae
1128 3904 1173 3955 est
1186 3893 1317 3952 doctrina

139 3939 313 3988 rammam·
374 3993 493 4034 mone,
506 3974 543 4033 d,
558 3974 621 4034 Deo
635 3974 755 4053 ejusque
769 3976 857 4053 cultu,
867 3976 949 4034 varia
963 3983 1016 4035 est.
1045 3975 1144 4032 Primo
1155 3972 1315 4051 amulium,

111 4071 194 4128 quarn
208 4053 401 4132 multiplicem
420 4054 509 4114 fuisse
524 4063 653 4130 constat3
675 4055 751 4115 unde
765 4059 851 4115 Plato
872 4055 922 4115 lib.
938 4059 966 4130 2,
982 4053 1019 4113 de
1034 4052 1147 4131 Repub.
1170 4053 1314 4130 geminam

111 4131 187 4191 illam
208 4133 321 4209 statuit,
344 4130 504 4211 ευμίοιιιὶι,
528 4135 590 4194 sive
610 4137 718 4212 μυθικὸν,
740 4156 805 4215 quae
827 4136 976 4213 signorum
998 4132 1155 4191 involucris
1177 4131 1315 4211 implicita

111 4214 320 4290 continebatur,
351 4215 406 4274 suh
428 4216 534 4293 quibus
556 4215 656 4274 divina
677 4215 780 4275 docere
801 4214 940 4292 mysteria
963 4211 1132 4288 Gentilium,
1154 4215 1314 4291 praesertim

61 4295 65 4302 '
111 4291 330 4372 AEgyptiorum,
346 4313 410 4353 mos
423 4305 492 4372 erat,
507 4304 538 4355 et
551 4298 711 4370 φιλοσοφικὺι
724 4316 776 4354 seu
789 4291 966 4368 ὶπὸνκτικὲι,
982 4312 1047 4370 quae
1067 4293 1097 4352 in
1111 4313 1206 4354 rerum
1220 4293 1313 4355 divin·

110 4392 188 4431 arum
209 4375 456 4434 commentatione
476 4377 686 4454 occupabatu13
714 4377 809 4434 Varro
829 4373 907 4452 apud
926 4374 1001 4450 Aup.
1016 4373 1066 4432 lib.
1080 4373 1120 4435 vi.
1138 4375 1174 4435 do
1189 4375 1314 4438 civitate

111 4452 162 4512 Dei
176 4475 242 4534 cap.
259 4457 288 4530 5,
305 4461 336 4514 et
349 4455 401 4513 hb.
416 4455 477 4514 viii.
492 4475 554 4533 cap.
572 4460 597 4532 l,
613 4455 756 4534 triplicem
770 4454 846 4528 facit,
861 4456 962 4530 potesis
976 4474 1027 4514 seu
1033 4457 1196 4530 saltuosam
1211 4455 1312 4516 Poeta-

108 4553 175 4610 rum,
186 4555 257 4614 qnae
272 4534 370 4594 scenis
384 4541 414 4593 et
426 4535 546 4595 theatris
560 4545 622 4596 eret
636 4535 788 4610 destinata,
799 4537 926 4597 marval·
940 4555 991 4594 seu
1004 4537 1110 4595 citabat
1126 4536 1313 4600 Sacerdotum

107 4625 133 4674 ct
148 4615 267 4694 Populi,
290 4633 359 4692 quae
373 4614 487 4691 publice
500 4617 690 4676 exercebatur
711 4615 742 4674 in
756 4616 893 4694 Templis,
914 4615 1001 4693 juxta
1023 4618 1165 4694 cujusque
1186 4616 1267 4674 urbis
1285 4627 1315 4675 et

106 4695 201 4772 gentis
215 4696 305 4770 ritus,
321 4701 352 4753 et
366 4697 469 4764 φνηιῗιι
482 4716 533 4756 seu
553 4699 713 4756 naturalem
728 4697 968 4774 Philosophorum,
984 4717 1049 4774 quae
1064 4697 1093 4754 in
1108 4694 1215 4754 scholis
1228 4694 1312 4753 docc-
