3250 5176
196 359 312 412 eumer.
327 344 384 426 ιιι]
410 395 419 412 ,
639 361 678 402 nn
693 361 799 404 araneo
813 361 963 404 nnsrrnro.
1343 349 1403 408 ets

196 503 345 580 Scriptura
358 511 602 580 commemoraret,
617 521 707 581 qnam
730 512 817 563 vocst
829 522 879 564 eas
901 501 1055 564 obstetrices
1068 503 1264 582 Hebruecrnm,
1279 503 1329 566 rel
1342 505 1403 566 Hc-

192 586 293 660 broeae,
310 584 380 643 satie
393 592 490 643 tamen
504 583 640 643 docerent
661 583 725 661 ipse
746 583 862 642 nomina
875 585 983 659 siphra
1004 591 1034 643 et
1053 587 1146 661 Plena,
1161 603 1226 662 quse
1240 585 1306 645 duae
1326 587 1401 646 inter

195 664 292 742 plnres
305 665 377 723 alias
390 663 567 742 praecipuum
581 663 676 724 locum
689 672 787 722 tenere
799 663 982 739 videbantur,
1004 683 1069 741 qnae
1091 665 1246 724 Hebrseam
1259 666 1401 744 originem

195 743 310 804 hebent.
353 743 415 804 Nec
429 743 461 803 fit
476 743 639 819 verisimile,
652 743 786 802 mulieres
801 743 942 803 Hebrseas
953 762 1011 802 non
1025 744 1161 804 habuisse
1175 745 1347 805 obstetrices
1361 765 1399 805 ex

194 843 248 882 sua
261 832 355 901 gente,
372 824 497 883 maxime
512 844 577 882 cum
590 824 666 884 iuter
680 823 840 900 AEgyptios
860 831 890 882 et
909 823 1051 882 Hebraeos
1065 833 1141 884 esset
1155 831 1255 884 mutua
1268 825 1401 904 quaedam

192 903 338 964 alienatio.
381 904 493 964 Deinde
504 903 576 962 licet
589 903 741 980 AEgyptiae
754 903 885 978 finissent,
897 903 976 980 quod
989 911 1055 981 post
1067 904 1090 963 J
1091 905 1231 982 oscphum
1244 925 1304 964 non
1316 905 1403 984 pauci

195 983 316 1059 volunt3
339 983 417 1061 quod
430 984 560 1044 timuisse
574 984 669 1044 Deum
684 983 827 1058 dicuntur,
849 982 967 1042 inferret
986 981 1102 1060 quidem
1117 983 1215 1061 aliquo
1229 985 1285 1044 Dei
1298 985 1403 1044 timore

193 1071 225 1122 et
238 1064 399 1122 reverentia
413 1062 515 1123 ductas
536 1063 625 1122 tirisse
649 1083 687 1122 ex
710 1063 841 1140 reliqniis
865 1062 982 1122 luminis
1001 1063 1150 1141 naturalis,
1174 1073 1204 1123 et
1217 1065 1401 1124 conscientie

192 1161 288 1216 sensu,
304 1162 369 1219 quaa
382 1143 453 1220 ipsis
466 1142 594 1202 dictabat
615 1143 723 1204 cedem
745 1143 930 1202 innocentum
954 1142 1107 1202 infantium
1128 1163 1192 1203 esse
1214 1145 1277 1203 Deo
1291 1145 1401 1204 abomi-

195 1223 338 1299 nandnm;
362 1223 420 1282 Sed
433 1242 492 1282 non
506 1223 651 1282 evinceret
674 1223 771 1282 statim
785 1243 855 1282 vero
874 1231 904 1282 et
918 1222 1000 1282 filiali
1014 1223 1072 1282 Dei
1084 1223 1187 1284 timore
1201 1224 1291 1284 iuuisse
1305 1225 1399 1284 imbu-

199 1311 253 1378 tas,
268 1302 319 1378 qui
333 1323 350 1361 a
363 1302 421 1362 fide
435 1303 634 1380 proficiscitur.

237 1383 349 1440 XXX.
371 1383 437 1441 Non
450 1383 544 1460 magis
558 1383 670 1442 adrem
684 1380 753 1441 iecit
769 1380 935 1459 exemplum
949 1382 1078 1440 meme
1091 1383 1253 1458 meretrecis,
1268 1383 1337 1460 quia
1349 1403 1402 1461 per

195 1461 283 1522 fidem
298 1462 403 1521 dicitur
416 1463 566 1541 excepisse
589 1462 796 1539 exploratores,
811 1467 841 1520 et
860 1461 984 1519 salutem
1006 1460 1175 1538 obtinuisse,
1202 1462 1280 1521 Heb.
1294 1463 1335 1521 xi.
1350 1467 1400 1539 31,

194 1543 244 1601 vel
259 1543 391 1617 Cornelii,
407 1542 475 1602 Act.
491 1563 521 1600 x.
537 1547 585 1615 31,
600 1543 684 1617 cujus
704 1541 895 1616 eleemosynae
920 1539 949 1596 in
970 1549 1156 1618 conspectum
1171 1541 1227 1599 Dei
1248 1552 1399 1618 venerumt,

193 1624 289 1700 etqui
301 1631 423 1681 vocatur
435 1619 535 1696 ὶόωκ,
551 1624 657 1694 stertis,
678 1623 723 1678 sal
744 1617 891 1696 φοβοῦμικ
904 1623 944 1678 rlr
959 1624 1037 1696 esim
1060 1621 1128 1697 quia
1148 1621 1205 1679 ista
1224 1621 1320 1698 elogia
1339 1641 1399 1680 non

196 1710 318 1780 possunt
331 1711 493 1780 competere
507 1701 661 1778 irregenito
675 1709 706 1760 et
718 1699 838 1793 infideli
880 1701 949 1759 Fuit
963 1719 1033 1777 ergo
1048 1700 1199 1760 Cornelius
1212 1701 1331 1778 gentilis
1344 1702 1400 1760 ori·

194 1779 1182 1937 ttttt.ttttltt{ttttutlutltttltttttt
1193 1801 1272 1939 {lli
1285 1782 1402 1922 letti

108 2007 119 2026 ,
192 1942 346 2019 edocetur;
370 1941 469 2001 Potuit
491 1961 560 2020 ergo
583 1959 710 2000 crescere
734 1941 798 2017 ejus
819 1939 892 1999 fides
914 1947 944 2000 et
966 1939 1130 1999 confirmari
1151 1961 1203 2018 per
1225 1941 1401 2018 preconium

197 2022 285 2097 Petri,
300 2030 333 2082 ut
346 2030 445 2081 nosset
459 2021 562 2082 Jesum
577 2021 607 2079 in
629 2021 784 2098 hypothesi
808 2039 872 2079 esse
886 2020 1033 2096 Messium,
1057 2019 1109 2080 sed
1130 2039 1189 2080 non
1202 2029 1271 2080 tunc
1285 2020 1402 2081 demum

195 2102 310 2162 initium
323 2101 433 2162 hahuit.
476 2102 588 2161 Habuit
601 2119 672 2177 ergo
686 2109 771 2159 antea
784 2099 978 2176 cognitionem
989 2099 1097 2159 Christi
1110 2099 1287 2178 implicitam,
1304 2101 1329 2160 si
1342 2120 1401 2160 non

193 2183 368 2260 explicitam,
385 2189 415 2240 et
430 2181 570 2259 Spiritum
583 2180 680 2258 quoad
694 2180 771 2238 done
785 2179 930 2238 ordinaria
953 2188 983 2239 et
1007 2180 1130 2256 gratiam
1153 2189 1268 2256 gratum
1292 2179 1399 2240 sscien·

195 2270 263 2337 tem,
278 2263 347 2322 licet
361 2281 418 2320 non
437 2262 534 2339 quoad
547 2261 623 2320 dona
637 2259 872 2335 extraordinaria,
887 2269 917 2319 et
930 2259 1027 2336 quoad
1041 2260 1148 2337 gratias
1163 2260 1254 2337 gratis
1267 2259 1361 2319 dates.

236 2341 365 2401 XXXI.
388 2341 532 2419 Quicquid
554 2339 672 2400 affertur
693 2339 729 2398 de
753 2339 909 2399 virtutibus
929 2339 1127 2415 Ethnicorum,
1144 2338 1271 2399 ostendit
1284 2339 1402 2416 quidem

194 2439 344 2498 superesse
358 2422 453 2480 edhuc
472 2420 503 2479 in
515 2421 632 2480 homine
657 2419 741 2498 lepso
753 2419 832 2479 vires
853 2419 966 2497 aliquas
979 2419 1017 2478 ad
1030 2419 1138 2478 bonum
1152 2425 1304 2479 externum
1319 2428 1348 2479 et
1361 2421 1401 2479 ci·

194 2501 262 2576 vile,
277 2503 402 2560 maxime
417 2501 467 2560 nbi
481 2501 623 2561 currilium
640 2500 763 2577 speciale
778 2498 849 2577 ipsis
862 2498 1016 2574 confertur,
1031 2499 1093 2558 sinc
1107 2519 1165 2578 quo
1178 2499 1333 2577 nequidem
1346 2501 1402 2561 hoc

194 2590 312 2659 possent
326 2581 449 2658 exequi3
473 2581 525 2640 sed
546 2601 604 2640 non
629 2579 737 2640 evincit
758 2580 913 2658 quicquam
926 2599 1012 2658 posse
1026 2580 1103 2639 eirca
1115 2581 1224 2640 bonum
1242 2579 1400 2658 spirituale,

194 2671 228 2721 ut
241 2669 343 2738 postea
355 2661 448 2720 fusius
462 2662 637 2720 ostendetur.

237 2739 385 2798 XXXII.
401 2741 498 2798 Homo
513 2741 618 2800 dicitur
632 2741 689 2800 Dei
702 2745 823 2821 eongqir,
839 2743 854 2798 l
867 2739 996 2800 Corinth.
1011 2739 1052 2800 iii.
1062 2741 1089 2814 9,
1105 2760 1164 2800 ιιοιι
1174 2759 1232 2818 qua
1240 2749 1400 2818 corruptus,

196 2818 249 2878 sed
263 2838 321 2894 qua
335 2819 491 2894 regenitus,
507 2820 557 2895 qni
577 2820 639 2896 agit
652 2840 691 2880 ex
705 2821 799 2896 moda
812 2821 868 2878 sibi
882 2820 997 2879 collate.
1039 2819 1152 2879 Deinde
1172 2839 1231 2878 non
1245 2820 1342 2897 egitur
1360 2820 1402 2878 ibi

197 2899 312 2976 proprie
323 2897 359 2956 de
369 2897 569 2976 cooperatione
577 2898 615 2956 ed
628 2897 864 2975 resipiscentiam,
880 2899 932 2958 sed
946 2899 983 2956 ad
996 2898 1159 2958 suncfiones
1173 2898 1401 2958 Ecclesiasticus.

237 2977 403 3036 XXXIII.
426 2976 521 3051 Quum
544 2976 653 3035 Paulus
673 2977 722 3051 ait,
748 2980 762 3034 1
779 2977 909 3037 Corinth.
923 2995 974 3036 xv.
991 2979 1037 3052 10,
1061 2978 1160 3054 “Ego
1180 2977 1246 3054 plns
1268 2978 1403 3037 omnibus

195 3057 344 3134 laboravi;
367 3057 433 3116 Non
447 3065 545 3116 tamen
558 3075 622 3134 ego,
638 3056 690 3114 sad
704 3055 798 3133 matis
812 3056 868 3115 Dei
881 3056 1024 3130 mecum,’'
1039 3075 1097 3114 non
1111 3057 1176 3116 vult
1189 3056 1320 3115 dividere
1336 3057 1403 3116 boni

196 3139 292 3216 operis
306 3157 423 3198 causam
443 3137 519 3196 inter
532 3155 563 3195 se
578 3145 607 3195 et
621 3135 760 3214 gretiam,
785 3135 844 3194 Sed
863 3136 894 3193 in
908 3135 1032 3194 solidum
1046 3155 1110 3194 eam
1124 3135 1225 3195 tribuit
1240 3137 1349 3213 gratie,
1370 3147 1404 3197 ut

197 3226 308 3278 textum
325 3220 460 3278 Grsecum
481 3215 642 3276 attendenti
656 3223 752 3293 patet3
775 3216 803 3273 N
804 3235 842 3274 on
865 3215 937 3274 dicit
950 3214 1027 3274 enim
1049 3215 1210 3292 Apostolus
1224 3216 1236 3278 i
1250 3217 1325 3296 χέςις
1345 3219 1404 3276 but

195 3299 238 3356 eb·
250 3301 309 3374 hut,
326 3299 419 3374 gratia
433 3294 489 3356 Dei
510 3316 632 3371 mecum,
648 3304 681 3355 nt
704 3295 781 3354 mele
801 3294 859 3354 fide
882 3295 1013 3354 redditur
1033 3314 1052 3353 a
1064 3295 1158 3366 V.V.,
1175 3295 1252 3362 sedi
1270 3297 1346 3377 χάςις
1359 3305 1405 3356 rats

192 3381 260 3452 θεοῦ,
276 3381 288 3441 i
302 3381 345 3438 rio
359 3379 418 3454 ἔμω,
437 3378 543 3438 Gratia
557 3376 622 3452 Dei,
638 3395 700 3452 quse
713 3395 819 3434 mecum
831 3383 880 3434 est.
923 3375 970 3435 Ita
983 3379 1041 3434 noh
1061 3375 1127 3434 vult
1139 3375 1239 3434 venire
1251 3377 1282 3434 in
1296 3376 1405 3436 laboris

196 3460 371 3532 societatem,
387 3457 439 3516 ssd
452 3457 531 3533 quod
545 3456 581 3516 de
596 3476 626 3516 se
640 3456 762 3530 dixerm,
777 3475 829 3532 per
842 3454 988 3532 quandam
1002 3455 1217 3533 epnnorthosim
1231 3457 1358 3533 corrigit,
1373 3464 1404 3516 et

198 3537 299 3613 gratie
313 3537 368 3596 soli
381 3537 446 3596 vult
459 3544 609 3613 ecceptum
624 3535 707 3596 ferre.
749 3534 863 3594 Deinde
877 3534 959 3595 labor
972 3535 1028 3596 iste
1041 3536 1164 3597 refertur
1176 3536 1216 3594 ad
1234 3536 1326 3616 ipsius
1349 3537 1403 3595 mi-

197 3617 356 3690 nisterium,
371 3636 431 3676 non
444 3636 514 3676 vero
528 3615 566 3674 ad
579 3617 642 3693 ejus
655 3615 911 3692 regenerationem.

236 3696 397 3756 XXXIV.
418 3696 559 3770 Quamvis
574 3697 654 3755 Deus
668 3696 781 3754 dicatrrr
792 3704 870 3753 stare
882 3697 925 3754 cut
936 3693 1043 3768 ostiens,
1059 3693 1138 3770 Apo.
1152 3693 1192 3751 iii.
1214 3696 1262 3768 20,
1288 3702 1318 3753 et
1335 3697 1403 3770 pul·

195 3796 270 3851 sare,
287 3777 353 3836 Non
367 3776 497 3853 seqnitur
509 3775 655 3834 homiuem
668 3775 776 3866 hebere
789 3774 867 3866 sires
881 3771 1028 3850 aperiendi
1042 3791 1080 3831 ex
1094 3791 1127 3863 se
1134 3793 1143 3845 3
1164 3772 1233 3848 quia
1245 3773 1295 3831 rel
1308 3774 1405 3833 adstat

196 3850 1406 4011 ttttttlttttttttttttfttJtl.⁰⁰tbb.tl5tttttlttt.t‘¹tt

196 4035 248 4093 per
263 4015 402 4094 Spiritum
417 4015 494 4074 vires
507 4011 663 4090 aperiendi,
678 4011 726 4070 rel
740 4011 863 4088 reprobi,
879 4029 1002 4088 quorum
1016 4029 1065 4069 oor
1077 4030 1136 4068 non
1149 4011 1255 4070 frustra
1263 4011 1404 4106 pulsatur,

196 4096 250 4155 aed
262 4106 295 4156 ut
308 4104 406 4173 pateat
418 4094 564 4153 hominem
575 4093 655 4170 juste
669 4091 808 4165 damnari,
830 4109 897 4150 cum
918 4091 999 4152 Deus
1019 4090 1093 4149 nihil
1107 4091 1292 4154 intermiserit
1305 4111 1405 4152 eorum

197 4195 263 4250 quse
277 4174 314 4233 ad
328 4174 576 4234 conversationem
591 4173 719 4249 ipsorum
733 4170 886 4230 faciebant.

239 4253 382 4313 XXXV.
404 4253 454 4312 Ab
472 4253 589 4314 homine
611 4252 725 4330 integro
747 4251 785 4310 ad
809 4257 975 4329 corruptum
999 4269 1057 4309 non
1078 4250 1158 4310 valet
1181 4251 1405 4330 consequentia:

199 4331 362 4406 Syrecides,
386 4351 449 4408 esp.
463 4353 514 4391 xv.
531 4336 577 4408 14,
600 4331 637 4391 de
659 4331 710 4390 illo
734 4329 804 4408 egit,
828 4350 887 4390 non
911 4329 947 4389 de
971 4329 1037 4404 isto,
1062 4348 1151 4407 quum
1165 4330 1206 4390 ait
1228 4333 1246 4365 “
1261 4331 1356 4392 Deum
1370 4332 1406 4391 sb

198 4409 281 4468 Initio
296 4411 479 4470 constituisse
492 4411 637 4470 hominem
651 4411 682 4468 in
695 4430 783 4470 manu
796 4410 911 4470 consilii
924 4409 999 4485 sui,’'
1015 4407 1071 4468 ihc.
1085 4416 1119 4468 ut
1131 4409 1173 4468 ita
1186 4409 1333 4469 describat
1347 4419 1405 4470 ste·

197 4497 259 4547 tum
274 4489 453 4562 innocentiae,
464 4500 493 4550 et
501 4491 585 4566 primi
595 4491 720 4549 hominis
729 4489 933 4563 conditionem,
954 4489 1164 4548 etlibertotem.
1187 4489 1249 4547 Nec
1260 4489 1284 4546 si
1294 4487 1406 4548 homini

197 4577 333 4645 corrupto
347 4567 454 4646 apponi
462 4568 605 4628 diceretur
615 4569 676 4628 rita
688 4579 719 4629 et
728 4589 815 4644 mors,
824 4570 932 4627 honum
946 4575 976 4626 et
989 4569 1106 4640 malum,
1115 4575 1148 4626 ut
1161 4566 1235 4626 illud
1249 4587 1405 4644 consequa·

198 4657 247 4710 tur
270 4647 349 4726 quod
373 4649 436 4726 ipse
457 4647 586 4724 elegerit,
620 4647 685 4708 ideo
708 4647 766 4726 ipsi
788 4646 943 4708 tribuenda
971 4656 1048 4707 esset
1069 4647 1189 4708 libertos
1208 4645 1409 4707 indifferentias
