3158 5190
118 359 233 412 eursu.
250 338 297 424 a]
606 361 649 404 os
664 361 836 406 scmrruss.
1303 341 1340 402 69

119 503 189 562 Non
203 523 278 580 ergo
290 521 413 562 necesse
435 501 491 562 fuit
512 503 628 562 Scribas
640 523 740 564 omnes
759 505 927 564 infallibiles
947 502 1076 580 reddere,
1092 499 1143 562 sed
1162 508 1274 561 unum
1287 521 1338 561 eos

114 585 162 643 ita
175 583 313 660 dirigere,
328 592 363 643 ut
376 601 449 641 vers
462 583 548 642 lectio
562 602 674 662 semper
686 585 804 662 reperiri
817 593 912 662 queat,
926 592 957 644 et
970 583 1044 642 liber
1056 583 1104 644 hic
1118 601 1205 661 supra
1217 581 1339 662 quosvis

118 664 199 723 alios
212 663 339 742 puritate
352 663 443 740 longe
457 663 589 722 emmaum

165 743 228 802 XI.
251 742 393 818 Quamvis
410 762 470 802 non
490 762 640 820 possemus
660 742 756 801 statim
777 743 907 803 invenire
921 742 1151 804 conciliationem
1170 741 1286 819 plenam
1308 747 1338 801 et

117 823 221 882 omnis
234 822 415 882 difficultatis
428 831 576 900 expertem
589 823 665 881 inter
677 822 742 881 loca
757 823 919 902 Scriptura,
930 842 994 901 quse
1007 824 1056 882 vel
1064 822 1101 883 de
1115 821 1279 882 nominibus
1288 822 1337 880 vel

118 904 162 963 de
176 903 257 962 notis
270 903 435 977 numericis,
458 910 487 960 et
508 901 718 979 chronologicis
740 912 848 981 agumt3
870 923 928 963 non
950 904 1047 963 statim
1064 901 1139 962 inter
1152 901 1241 962 ἅλικι
1254 921 1335 979 repo-

118 983 225 1042 nenda
239 991 308 1042 sunt
319 1005 327 1042 :
340 982 389 1041 vel
398 983 424 1041 si
437 979 525 1041 ἄλυτα
538 981 680 1058 dicuntur,
696 982 766 1042 ulis
779 991 863 1043 erunt
871 986 1025 1066 tantumn?
1036 980 1214 1060 &luminat
1227 981 1335 1049 sion«,

118 1083 185 1122 non
200 1063 306 1139 reipsa,
321 1070 354 1121 ut
366 1063 415 1121 bic
429 1063 520 1122 setius
534 1059 572 1121 sit
584 1061 775 1140 ignorantiam
797 1071 924 1123 nosuam
944 1083 1108 1142 agnoscere,
1123 1083 1210 1142 quem
1224 1072 1336 1122 contru-

118 1141 287 1202 ‹lictionem
301 1141 390 1202 ullam
404 1141 564 1201 admittere.
607 1141 745 1201 Historia
753 1142 830 1202 enim
839 1143 897 1204 illm
907 1163 965 1204 non
974 1145 1015 1206 ita
1028 1143 1177 1222 sigillatim
1191 1143 1335 1220 conscrip-

120 1231 164 1282 tse
186 1231 265 1296 sum,
288 1230 321 1281 ut
340 1241 440 1280 omnes
463 1222 684 1281 circumstantiae
707 1231 813 1282 notatae
837 1223 962 1301 fuerint;
983 1224 1075 1283 multa
1094 1222 1284 1302 proculdubio
1305 1223 1336 1281 in
1415 1251 1426 1263 -

119 1301 413 1457 lllifflil‘
427 1301 731 1442 ttlttltttl’
753 1322 820 1440 qli
832 1303 1336 1443 ⁰32u¹10t2uurtut¹²

119 1463 220 1538 prime
235 1401 359 1538 cognitis
368 1469 458 1538 erant,
474 1460 542 1520 licet
552 1461 614 1538 jam
627 1408 805 1522 noslutebllt
821 1411 832 1448 ς
848 1392 1098 1540 Hineflt’niartyr
1110 1403 1173 1522 inpss
1190 1463 1263 1540 Reg.
1274 1403 1334 1521 vili.

125 1545 176 1614 17,
189 1541 316 1618 optime;
332 1542 411 1600 Licet
423 1549 581 1614 occurrant,
596 1540 698 1617 inquit,
713 1543 831 1602 obscura
844 1547 906 1603 loca
915 1544 944 1603 in
952 1543 1159 1620 chronologicis,
1174 1545 1217 1602 acl
1228 1561 1263 1601 ca
1271 1563 1334 1601 con-

122 1621 256 1679 avando
278 1641 335 1680 non
356 1630 397 1679 est
417 1641 449 1679 eo
471 1623 674 1680 concedendum
690 1631 721 1679 ut
733 1623 859 1682 disemis
881 1623 1011 1684 Oodicem
1031 1643 1145 1682 sacrum
1165 1625 1334 1682 mendosum.

121 1703 208 1759 Nam
221 1703 304 1759 Deus
317 1701 368 1777 qui
373 1721 432 1777 pro
445 1721 499 1760 sua
512 1701 705 1760 misericordia
718 1703 827 1763 annm
841 1705 955 1764 Literas
968 1704 1045 1763 nobis
1055 1711 1232 1763 cosumus
1240 1699 1334 1778 soluit,

122 1780 835 1858 easeaammteprasetnoneomuptasconcessit.
880 1785 1338 1860 Qemnwbrmssiquandoquoa'd

121 1881 277 1919 merum
290 1881 431 1920 annorum
445 1862 588 1938 explicare
601 1881 658 1919 uon
671 1865 822 1939 cubamus,
829 1866 955 1938 fatenda
968 1873 1009 1922 est
1021 1863 1183 1940 ipnorantia
1191 1882 1249 1938 pua
1259 1863 1334 1920 labo·

120 1961 235 2014 ramnus,
251 1949 279 1998 et
291 1943 489 2000 medanum
501 1961 600 2000 samos
614 1942 727 2000 Literas
741 1951 800 2001 tam
813 1943 919 2002 consue
933 1943 1016 2019 loqui,
1034 1953 1066 2001 ut
1078 1963 1133 2001 non
1139 1942 1230 2016 facile
1242 1961 1334 2018 appa·

121 2031 191 2080 reat
203 2023 281 2079 unde
292 2021 454 2098 supputatio
467 2021 625 2096 &sepienda
637 2022 691 2079 sit:
705 2032 819 2080 maneat
826 2024 919 2099 itaquae
927 2023 1078 2099 Scriptura
1091 2023 1264 2098 incorrupti,
1274 2039 1337 2098 quc

122 2101 150 2159 si
163 2103 352 2177 labefactatum
365 2102 394 2159 in
407 2121 463 2160 uno
476 2104 520 2160 oei
531 2104 621 2160 altero
636 2103 704 2176 loco,
720 2101 749 2160 in
762 2103 826 2160 αἰίἰε
837 2121 945 2178 quoque
958 2111 1086 2178 nespecta
1099 2103 1160 2160 erit.
1203 2101 1242 2159 Et
1255 2099 1293 2157 ad
1310 2103 1336 2160 l.

125 2181 202 2258 Reg.
218 2200 282 2258 cap.
300 2183 346 2239 15.
361 2200 390 2237 v.
408 2183 433 2238 1.
476 2183 527 2238 Fit
543 2201 601 2241 non
620 2201 700 2257 raro,
716 2183 789 2242 utin
802 2185 856 2242 iac
875 2183 992 2242 Ιιιὶέονὰι
1006 2182 1118 2242 numeri
1128 2201 1268 2240 annmum
1288 2182 1337 2256 qui

124 2261 249 2336 sepem
262 2261 423 2320 nitenmtscr
437 2279 545 2336 mm
565 2261 714 2320 videantur
734 2262 875 2321 intersere
893 2263 1053 2322 coessentirc.
1102 2263 1204 2320 Verum
1227 2261 1334 2320 dubita-

124 2341 213 2399 tiones
235 2341 392 2400 &mansodi
406 2350 525 2417 possunt
545 2341 691 2416 multsplici
710 2343 819 2402 ratione
837 2343 953 2402 ascum
964 2345 1005 2422 fit
1026 2343 1098 2402 enim
1118 2343 1285 2419 quandoque
1306 2350 1338 2398 ut

123 2440 198 2479 umes
211 2422 341 2496 idemque
353 2441 445 2479 anmoe
459 2421 565 2479 duobis
584 2421 732 2497 tribuatur,
748 2425 826 2499 qaod
836 2443 856 2482 a
870 2433 968 2482 neubo
988 2423 1115 2500 impletus
1124 2421 1218 2500 suerit
1231 2431 1257 2480 et
1264 2441 1333 2497 per-

117 2501 222 2574 fectus.
265 2501 429 2578 Aliquando
433 2501 493 2580 Jilii
505 2521 566 2559 cum
574 2503 741 2576 parentebus
759 2512 917 2580 repnarunt
935 2505 1044 2582 aliquot
1055 2523 1152 2578 annos,
1168 2511 1195 2560 et
1206 2501 1251 2559 illi
1262 2519 1335 2563 nuuc

120 2589 287 2656 pas-eratum,
316 2601 389 2639 nunc
410 2600 477 2640 vero
499 2582 648 2639 liberorum
670 2601 757 2657 regno
778 2584 984 2642 adscribuntur.
1028 2583 1230 2658 Gontinpelant
1250 2583 1335 2640 etiam

125 2661 284 2736 uliqsmdo
304 2661 474 2736 interregna,
489 2669 517 2719 et
528 2681 647 2720 vacuum
661 2669 766 2737 ternpus
785 2665 869 2722 mocio
877 2665 981 2740 prsbm',
997 2665 1079 2721 mado
1096 2661 1251 2738 posteriori
1262 2661 1337 2737 aspi

124 2741 299 2798 mmrbmtur.
340 2741 412 2799 Sunt
432 2741 515 2799 etiam
535 2761 734 2818 nonnemquam
747 2743 855 2818 aliqrmt
867 2745 944 2818 anns,
966 2744 1063 2820 quibus
1077 2741 1223 2818 Principes
1237 2749 1332 2816 tyrcio

125 2820 187 2878 urbe
199 2829 228 2879 et
240 2821 325 2897 impie
338 2829 501 2897 regnarunt,
524 2820 639 2898 idcoprae
647 2831 865 2900 pratereunnsr,
887 2843 975 2902 neque
995 2823 1102 2883 cereus
1121 2822 1205 2882 annis
1224 2821 1337 2897 imperii

126 2919 224 2958 eorum
238 2909 426 2959 acceumtur.

172 3033 209 3081 θ’
220 3033 324 3100 ⁰⁸¹¹¹²·¹¹'
388 3059 461 3119 ritur
475 3060 549 3118 inter
562 3058 724 3136 Arphsxsd
737 3068 768 3118 et
780 3062 854 3136 Sale,
870 3071 969 3120 contra
977 3061 1104 3120 historice
1114 3061 1252 3118 Moesicas
1260 3059 1334 3115 veri-

123 3145 224 3210 tatem,
240 3137 314 3196 Gen.
329 3140 371 3198 xi.
388 3143 434 3214 13,
454 3159 555 3198 revere
574 3147 619 3198 est
631 3136 765 3209 slebre,
779 3141 830 3218 qui
843 3141 992 3200 doctorum
1013 3140 1130 3218 ingenis
1143 3128 1336 3211 diversimpcle

124 3215 273 3290 exercuit3
296 3237 354 3277 non
375 3227 471 3278 tamen
492 3219 601 3278 censeri
626 3219 713 3278 debet
734 3221 819 3297 plane
833 3217 934 3295 ἅλωος,
958 3239 1024 3280 cum
1045 3219 1118 3278 varii
1140 3217 1202 3277 (luri
1223 3217 1337 3294 possint

124 3294 280 3354 solutionis
293 3298 380 3356 modi.
423 3299 484 3357 Nos
498 3298 594 3357 missis
607 3299 672 3356 aliis
686 3300 844 3374 sententiis,
855 3299 1115 3359 commodissimam
1128 3305 1263 3376 putamus
1272 3317 1335 3356 eam

124 3393 192 3452 quse
206 3376 307 3435 suunt
321 3378 431 3436 Csinen
444 3397 507 3437 esse
522 3383 702 3454 ὑπιβολιμιῒον
715 3387 744 3437 et
764 3379 901 3456 spurium,
923 3380 1024 3458 quiex
1039 3379 1171 3438 versione
1186 3377 1289 3436 LXX.
1305 3378 1335 3436 in

125 3473 186 3530 qua
198 3454 286 3514 etism
301 3465 367 3516 ante
382 3457 489 3517 Christi
503 3467 632 3536 tempora
645 3459 776 3518 extitisse
792 3457 931 3520 Demetrii
946 3458 1140 3536 chronologia
1153 3458 1230 3536 apud
1244 3460 1334 3516 Euse-

125 3535 200 3592 bium
216 3533 329 3613 Evsug.
344 3555 463 3616 praepar.
477 3538 498 3596 l.
514 3540 542 3597 9.
557 3546 687 3614 testatum,
703 3539 848 3616 irrepserit
859 3540 1078 3618 Exscriptorum
1092 3537 1211 3614 incuria,
1226 3537 1274 3596 vel
1287 3537 1336 3617 pio

125 3613 252 3690 quodam
266 3615 371 3692 studio,
386 3637 423 3676 ne
437 3617 664 3676 committeretur
674 3617 769 3677 Lucas
779 3638 845 3678 cum
859 3619 963 3679 LXX.
979 3619 1129 3694 Versione,
1144 3639 1209 3696 quse
1223 3637 1336 3694 magnae

128 3701 262 3753 tumeret
275 3695 467 3756 authoritatis.
510 3697 576 3756 Hoc
590 3706 686 3756 sutem
700 3697 850 3758 marriieste
864 3699 972 3759 evincit
988 3703 1013 3760 1.
1028 3698 1194 3757 Autlsoritas
1207 3697 1297 3755 iliosis
1310 3705 1338 3754 et

130 3773 212 3830 Libri
230 3774 479 3852 Paralipomenon,
501 3777 551 3853 qui
574 3777 604 3834 in
628 3776 868 3854 descriptionibus
886 3778 1090 3857 genealogicis,
1105 3797 1178 3854 ques
1192 3773 1286 3834 tribus
1306 3775 1337 3831 in

129 3851 200 3910 locis
209 3852 404 3931 instituerunt,
415 3857 490 3916 Gen.
506 3875 535 3915 x.
551 3858 598 3931 24,
615 3864 645 3915 et
658 3856 698 3914 xi.
716 3859 761 3932 13,
776 3862 831 3917 etl
847 3859 940 3919 Paral.
955 3860 974 3917 i.
993 3861 1038 3932 18,
1050 3856 1100 3916 ubi
1115 3853 1231 3915 asnede
1245 3873 1280 3912 eo
1292 3852 1336 3911 lo·

128 3931 274 4008 quendum
288 3934 351 4010 fuit,
367 3935 476 3993 nullam
486 3935 660 3994 mentionem
671 3937 734 4013 ejus
744 3936 862 3997 faciunt.
903 3942 932 3998 2.
954 3939 1154 4014 Parapbrases
1165 3932 1336 4006 Omuaicae,

129 4029 193 4088 quse
207 4021 374 4074 constanter
388 4023 446 4073 tam
460 4015 491 4072 in
506 4015 616 4075 Genesi
628 4035 714 4092 quem
728 4015 759 4074 in
772 4016 847 4075 libro
863 4017 1005 4094 Paralipo.
1021 4015 1177 4075 Caiusnem
1192 4011 1337 4071 omittunt.

129 4093 156 4150 3.
176 4093 316 4168 Joeeplsm
330 4093 414 4152 illum
428 4113 486 4152 non
501 4094 640 4172 agnoscit,
663 4115 716 4154 nec
730 4098 854 4155 Berosus
868 4096 905 4154 sb
919 4096 982 4173 ipso
1002 4093 1169 4172 productus,
1191 4110 1245 4150 nec
1258 4091 1337 4163 elfri-

129 4191 214 4230 ccmus
227 4173 312 4249 cujus
325 4173 417 4233 verbe
425 4173 497 4233 citat
507 4175 651 4234 Eusebius
664 4175 695 4232 in
709 4175 860 4234 Chronico.
903 4178 932 4233 4.
956 4173 1004 4232 Sic
1014 4171 1200 4231 conturbatum
1211 4169 1338 4228 Chrono-

431 2979 508 3037 XII.
532 2979 635 3054 Locus,
652 2979 722 3038 Luc.
737 2979 777 3038 iii.
793 2983 840 3058 36,
856 2982 893 3041 de
909 2983 1042 3042 Uainane·
1051 2981 1175 3059 juniore,
1195 2979 1246 3056 qui
1260 2979 1334 3037 inse·

9 4317 10 4320 Ἴ
130 4249 205 4328 log's
218 4271 309 4329 sacra,
325 4261 356 4312 et
370 4253 401 4311 in
415 4252 535 4312 dubium
549 4263 669 4314 vocetur
682 4254 712 4312 in
726 4254 847 4313 historie
861 4253 962 4328 iliosis,
979 4252 1004 4310 si
1018 4249 1180 4309 intentatur
1192 4250 1259 4309 enni
1275 4249 1338 4310 cu-

129 4331 208 4390 nanis
221 4331 298 4391 inter
312 4331 477 4410 Arphsxsd
491 4341 520 4392 et
536 4333 621 4408 Salu3
644 4342 673 4394 et
688 4333 874 4392 Abrebemus
893 4351 952 4391 non
967 4331 1022 4391 erit
1036 4329 1164 4389 decimus
1178 4351 1195 4388 e
1209 4330 1338 4407 Noecho,

127 4419 157 4468 ut
169 4411 247 4488 apud
263 4412 380 4472 Mosem
394 4413 541 4488 assentur,
558 4413 610 4472 sed
623 4413 801 4472 undecimus.
844 4413 872 4471 5.
895 4411 961 4470 Non
971 4418 1053 4471 extet
1066 4409 1096 4467 in
1107 4411 1240 4470 omnibus
1255 4410 1339 4468 Codi—

127 4491 213 4551 cibus.
257 4493 338 4551 Besa
352 4499 452 4550 noster
465 4501 587 4552 testatur
601 4513 659 4550 non
673 4502 773 4552 extare
786 4493 817 4550 in
833 4491 898 4551 MS.
921 4490 1120 4569 antiquissimo
1135 4510 1196 4566 suo,
1212 4499 1242 4549 et
1259 4491 1340 4548 Usse-

126 4571 181 4630 rius
194 4571 314 4632 dissert.
329 4571 368 4629 de
384 4571 510 4631 Csinsne
523 4591 591 4649 pag.
615 4575 681 4648 196,
697 4572 801 4631 asserit
821 4571 876 4631 sibi
892 4571 987 4631 visum
1001 4571 1105 4630 librum
1121 4570 1209 4629 Lucre
1223 4569 1340 4628 Graeco-

126 4649 185 4713 Lct.
200 4651 233 4711 in
247 4649 463 4729 antiquissimis
477 4651 659 4728 membranis,
674 4651 766 4712 literis
779 4652 950 4730 majusculis
961 4653 1022 4712 sine
1037 4649 1185 4729 spiritibus
1199 4657 1228 4708 et
1242 4665 1342 4706 socen·
