3158 5190
136 391 251 442 cunam
266 371 317 455 x.]
635 389 675 432 nn
689 389 861 434 communi.
1314 383 1353 440 99

140 534 225 610 dost,
239 541 268 593 et
280 532 314 593 ta·
327 529 629 611 kpendopqfieicnk
649 532 726 592 noui
738 531 811 592 οιιίπι
823 533 947 592 masne
957 556 969 606 ,·
989 534 1089 593 Justoet
1100 543 1234 613 tannasara
1245 537 1354 615 Uapsa-

141 615 188 688 rii,
210 622 239 672 et
256 613 399 686 tumst
414 613 464 690 pai
483 612 652 670 studentibus
671 614 749 672 sobai
770 613 886 672 (hdieea
900 622 1029 689 portant,
1051 614 1101 673 lib.
1123 616 1195 676 xxii.
1217 627 1295 677 cont.
1318 619 1353 678 1⁴¹.

145 694 273 754 Manich.
288 713 316 754 c.
331 692 418 752 xxiii.
432 692 462 750 in
477 691 617 752 Gordius
629 694 726 768 imm,
740 694 771 751 ia
786 693 933 752 Codanus
947 702 1033 770 mter,
1049 703 1082 753 ut
1095 695 1164 754 alibi
1179 697 1317 774 loquitur.

432 771 523 830 VIII.
546 771 687 847 Quamvis
701 773 921 850 Exscriptorum
935 773 1054 848 incuria,
1069 774 1117 834 vel
1135 783 1296 854 temporum
1311 779 1354 836 in·

174 839 347 944 fffifflu'
386 851 467 931 juria
479 852 569 910 variae
582 851 753 930 corruptelae
772 853 802 910 in
817 853 938 912 Codices
954 853 1096 914 Hebraeos
1115 855 1240 934 irrepere
1253 866 1354 935 potue·

302 931 311 945 “
391 932 458 1008 rint,
473 951 534 1006 uon
547 931 684 991 desinunt
696 940 795 991 umen
808 951 872 992 esse
887 933 987 992 Carion
1001 933 1069 992 fidei
1081 943 1112 993 et
1125 953 1248 996 morum.
1280 937 1355 996 Nam

143 1017 339 1089 praeterquam
357 1011 437 1088 quod
456 1012 569 1071 suntin
582 1012 669 1070 rebus
687 1012 805 1070 levioris
819 1013 964 1089 momenti,
988 1021 1019 1073 et
1031 1033 1096 1091 quae
1110 1014 1197 1075 fidem
1211 1026 1241 1075 et
1260 1036 1356 1077 morsa

144 1110 204 1150 non
218 1099 359 1168 spectant,
374 1093 556 1150 utBeIicnn.
571 1091 632 1168 ipse
646 1091 759 1168 fatetur,
775 1093 825 1152 lib.
835 1093 865 1150 ii.
880 1093 916 1152 de
928 1094 965 1151 V.
982 1093 1019 1153 D.
1034 1113 1059 1153 c.
1074 1094 1104 1153 ii.
1118 1113 1191 1172 quas
1204 1106 1356 1176 propterea

145 1171 305 1249 Scripturas
319 1169 480 1248 integritati
493 1171 607 1230 officere
620 1179 724 1250 negat;
747 1172 775 1230 N
776 1191 814 1230 on
829 1181 896 1232 sunt
909 1172 1087 1233 universales
1101 1175 1131 1232 in
1146 1177 1280 1236 omuibus
1292 1197 1354 1236 oru-

145 1251 216 1309 nino
228 1249 393 1326 (lodicibus,
419 1252 467 1311 vel
488 1251 562 1310 tales
576 1270 641 1329 quae
664 1271 703 1310 ex
716 1252 871 1330 Scripturae
895 1251 987 1332 ipsius
1007 1261 1037 1313 et
1049 1254 1196 1314 variorum
1214 1256 1355 1317 Codicum

144 1329 302 1390 eoliatiorm
315 1330 400 1390 facile
415 1331 521 1409 corrigi
533 1349 593 1391 non
606 1331 727 1410 possint.

188 1409 250 1469 IX.
272 1409 379 1470 Odium
398 1411 570 1470 Judoeorum
588 1429 659 1489 erge
672 1410 850 1471 Christianos
869 1411 964 1489 potuit
977 1412 1094 1490 quidem
1107 1431 1172 1473 esse
1186 1433 1273 1475 eausa
1292 1435 1354 1475 eor-

145 1489 291 1568 rnptionis
316 1490 455 1550 Fontiunt
477 1499 604 1566 remota3
635 1491 687 1550 sed
709 1509 775 1568 quae
802 1491 840 1550 ab
863 1491 921 1550 alia
942 1511 1030 1551 eausa
1052 1495 1198 1572 superiore
1222 1495 1356 1574 impediri

146 1569 251 1649 potuit,
276 1569 414 1630 nimirum
437 1571 493 1630 Dei
510 1569 706 1649 providentia·
725 1589 790 1648 quas
811 1590 870 1630 non
892 1571 988 1632 minus
1009 1575 1159 1652 prospexit
1183 1573 1355 1635 Christianis

144 1649 185 1710 de
198 1658 279 1708 certa
291 1647 360 1709 tidei
373 1651 483 1728 regula,
498 1669 533 1710 ae
542 1649 565 1710 J
565 1649 665 1726 udasis,
677 1659 710 1709 ut
723 1669 760 1710 ex
774 1650 944 1711 indubitatis
957 1652 1151 1712 fundamentis
1162 1654 1354 1736 Evangelium

145 1729 349 1804 deduceretur,
364 1730 442 1808 quod
455 1730 518 1790 fieri
531 1749 590 1789 non
601 1731 705 1808 potuit,
721 1731 747 1790 si
761 1731 904 1810 corrumpi
918 1731 1013 1791 fontes
1026 1733 1213 1810 permisisset.

190 1809 234 1868 X.
256 1809 422 1870 Discrimen
439 1809 592 1870 Versionis
614 1809 717 1870 LXX.
737 1830 755 1869 a
772 1811 870 1870 Textu
888 1811 1031 1888 originali,
1053 1832 1112 1871 non
1130 1813 1216 1874 infert
1229 1815 1355 1874 Textrini

146 1909 214 1950 esse
238 1897 414 1968 corruptum,
436 1890 489 1950 sed
511 1890 609 1968 potius
622 1889 794 1950 Versionem
816 1909 880 1950 ease
900 1891 1051 1968 vitiatem3
1078 1891 1157 1970 quod
1178 1893 1278 1953 Himo.
1303 1915 1356 1954 suo

147 1978 280 2048 tempore
290 1969 354 2048 jam
367 1971 497 2048 agnovit,
514 1968 628 2029 Praefat.
649 1969 681 2028 in
696 1969 833 2029 Deutero.
848 1979 878 2030 et
891 1969 922 2028 in
936 1970 1080 2049 Paralipo.
1094 1979 1126 2031 et
1140 1972 1233 2050 Epist.
1248 1973 1286 2032 ad
1302 1975 1355 2033 Su·

147 2050 229 2108 dam
243 2057 274 2109 et
288 2049 455 2109 Fretellam.
496 2047 689 2110 Britannicus
702 2047 740 2110 de
754 2048 793 2109 V.
809 2049 847 2108 D.
861 2049 912 2108 lib.
927 2049 958 2108 ii.
973 2069 1035 2128 cap.
1050 2050 1090 2109 vi.
1105 2050 1177 2110 dicit
1199 2051 1272 2111 adeo
1292 2070 1356 2112 essa

147 2137 316 2208 corruptam
329 2137 359 2190 et
372 2129 512 2206 ritiamm,
528 2138 561 2190 ut
574 2127 692 2189 omnino
712 2127 769 2188 alia
783 2128 924 2204 videatur,
940 2129 982 2189 ita
994 2137 1028 2189 ut
1044 2130 1106 2208 jam
1125 2137 1220 2190 tutum
1240 2149 1298 2190 non
1319 2133 1357 2193 sit

151 2209 298 2269 Hebraeos
311 2209 360 2269 vel
374 2209 495 2269 latinos
509 2209 621 2270 Textus
633 2227 672 2268 ex
687 2207 800 2268 Graecis
814 2207 969 2268 codicibus
982 2208 1144 2269 emendare.

191 2289 255 2348 XI.
276 2289 402 2348 Tantum
416 2289 499 2349 abest
516 2297 550 2349 ut
563 2288 639 2348 Kers'
655 2297 685 2348 et
701 2288 804 2364 Getici,
819 2306 885 2365 quse
899 2290 958 2348 848
971 2290 1062 2368 mulge
1083 2298 1278 2367 numerantur,
1294 2311 1355 2351 eor·

149 2375 288 2447 rumpant
300 2369 436 2444 Tantum,
451 2378 484 2428 ut
497 2368 593 2428 varias
606 2369 703 2446 potius
715 2367 870 2428 ostendant
888 2368 1026 2429 lectiones
1040 2370 1185 2429 ranomm
1201 2371 1356 2450 Exempla-

149 2450 237 2525 rium,
260 2467 313 2528 per
333 2467 407 2526 quas
428 2447 593 2509 excluditur
616 2447 710 2507 omnis
734 2447 913 2508 Navatorum
932 2449 1095 2529 corruptio:
1127 2451 1191 2526 Quo
1213 2452 1358 2528 pertinent

150 2531 241 2590 essm
256 2529 361 2590 Oine&
374 2537 404 2590 st
416 2530 527 2604 Jotter,
542 2529 593 2606 qui
606 2527 736 2588 defectus
750 2535 800 2588 aut
812 2527 1019 2588 redundantiss
1038 2531 1268 2608 gramnraticales
1282 2531 1356 2590 indi·

150 2617 240 2685 cant3
270 2609 318 2668 Ex
338 2607 444 2687 quibus
459 2607 691 2668 Mssorstlrerum
713 2615 794 2686 patet
814 2609 1045 2686 superstitiosum
1058 2611 1141 2688 quasi
1155 2610 1267 2670 Textus
1288 2631 1357 2670 con·

151 2687 299 2764 mandi,
314 2707 373 2747 non
386 2689 537 2748 mInimum
550 2686 728 2766 depravandi
742 2688 878 2748 studium.

194 2769 274 2828 XII.
292 2769 402 2828 iiickun
415 2769 563 2846 Sopierim
573 2787 626 2827 seu
635 2767 827 2828 &mactiones
840 2768 1014 2844 soenorum,
1025 2787 1090 2846 quaa
1101 2777 1169 2828 sunt
1182 2777 1294 2830 tantum
1311 2771 1358 2864 18ι

152 2867 213 2908 non
237 2858 404 2926 supponunt
423 2847 534 2926 aliquid
554 2847 586 2906 in
604 2841 701 2906 Texta
722 2846 811 2907 finisse
832 2847 983 2924 vitiatum
1008 2849 1089 2924 alias,
1104 2849 1153 2907 vel
1181 2850 1314 2909 Christus
1335 2870 1360 2909 si

151 2937 221 2989 ante
235 2927 331 3022 ipsum
344 2927 428 2988 factes
441 2927 571 3004 fuissem,
583 2927 632 2986 val
645 2925 808 2987 Orthodmi
822 2927 923 2987 Patres
944 2928 968 2986 si
981 2936 1049 3006 post
1062 2927 1209 2988 Christum
1222 2929 1359 3007 contigis-

153 3017 220 3068 sent
233 3026 297 3067 stne
307 3023 429 3068 censura
442 3027 500 3068 non
512 3006 771 3087 praetermisissent.
813 3007 876 3066 Nec
890 3015 957 3067 sunt
970 3007 1139 3066 necessarias
1159 3008 1359 3084 correctiones,

152 3097 188 3148 tt
206 3087 318 3166 legenti
330 3095 419 3166 patet,
435 3087 488 3147 sed
507 3087 604 3166 potius
623 3085 772 3164 elegantes
791 3084 939 3161 lectIones,
957 3095 987 3145 et
1006 3105 1065 3144 non
1078 3093 1138 3144 tam
1159 3105 1261 3146 sensus
1274 3107 1361 3164 quam

153 3169 311 3228 verborum
323 3168 507 3244 mutationes,
523 3187 588 3245 quaa
601 3165 685 3226 factas
699 3170 775 3241 sunt,
789 3165 839 3225 vel
853 3185 871 3224 a
884 3165 965 3225 Viris
980 3165 1144 3243 Synagogoe
1163 3183 1277 3244 magne
1290 3181 1360 3244 quo·

153 3267 219 3308 rum
235 3247 345 3307 Esdras
357 3245 492 3326 princeps
505 3247 559 3307 fult
568 3247 735 3316 Musam,
750 3244 801 3323 qui
814 3253 881 3324 post
893 3243 1017 3304 reditum
1031 3263 1068 3303 ex
1078 3245 1252 3324 captiuitate
1263 3245 1361 3324 Baby·

155 3328 255 3388 ionica
276 3327 465 3406 Exemplaria
478 3325 632 3388 Librorum
655 3327 808 3387 Sacrorum
822 3325 962 3404 dissipata
975 3325 1023 3384 vel
1043 3322 1146 3385 vitiata
1165 3325 1196 3384 in
1216 3327 1362 3406 integrum

155 3407 292 3484 restitut,
307 3415 338 3468 et
349 3423 385 3466 so
396 3425 482 3486 quem
495 3407 636 3466 habemus
649 3407 750 3465 ordine
758 3405 899 3484 digessit;
914 3404 962 3464 set
973 3405 1010 3464 ab
1025 3403 1206 3466 Authoribus
1220 3406 1299 3486 ipsis,
1311 3406 1363 3484 qui

157 3487 320 3548 Rhetorum
333 3506 413 3547 more
432 3506 485 3566 por
499 3485 722 3565 Epanorthosim
735 3485 815 3563 quod
828 3483 962 3544 dixerant
981 3484 1012 3543 in
1025 3491 1108 3545 textu
1122 3487 1288 3566 corrigunt;
1311 3483 1364 3546 sed

156 3567 253 3628 ninus
266 3585 331 3627 essa
341 3567 519 3628 neomaenias
532 3584 578 3626 res
587 3565 650 3644 ipsa
663 3565 776 3642 clamat,
785 3565 855 3642 quia
864 3583 923 3624 non
933 3564 1040 3626 desiuit
1053 3583 1155 3626 sensus
1162 3567 1275 3644 integer
1288 3585 1362 3642 esse,

156 3647 226 3707 iicet
238 3647 332 3707 verbs
344 3647 522 3707 retineantur
541 3653 627 3724 prout
648 3653 761 3705 sonant.
789 3644 858 3704 Vid.
875 3645 970 3706 Gisia.
984 3645 1087 3705 Panos
1101 3665 1126 3705 s.
1141 3646 1161 3704 l.
1178 3649 1205 3724 1,
1222 3649 1317 3706 Troct.
1335 3649 1362 3722 1,

158 3727 194 3788 de
208 3729 316 3786 Tenem
329 3727 420 3786 Hetr.
430 3727 567 3803 puritate

199 3806 298 3866 XIII.
320 3805 483 3866 literarum
501 3803 682 3884 quarundam
701 3803 868 3881 similitudo,
883 3812 979 3884 potest
996 3804 1114 3882 quidem
1132 3803 1235 3878 iacere,
1253 3811 1286 3863 nt
1299 3803 1362 3881 qui-

157 3884 225 3945 dam
240 3887 364 3946 Errores
384 3885 551 3965 irrepserint
570 3886 601 3944 in
622 3884 719 3944 varios
732 3883 854 3944 Codices
867 3884 1087 3962 Exscriptorum
1103 3883 1290 3960 negligentia,
1312 3881 1365 3941 sed

159 3983 217 4024 aon
238 3966 281 4026 ita
299 3966 481 4026 universales
494 3965 617 4041 fuerunt,
643 3965 714 4044 quin
727 3964 833 4041 corrigi
853 3964 999 4043 potuerint
1018 3983 1056 4022 ex
1070 3961 1144 4036 aliis,
1159 3961 1285 4019 maxime
1298 3967 1365 4038 post

162 4045 395 4106 Masorethamm
409 4044 599 4124 diligentiam,
615 4045 665 4121 qui
678 4063 737 4103 non
751 4052 863 4103 tantum
877 4042 1019 4102 dictiones
1032 4059 1141 4116 omnes,
1157 4039 1209 4100 sed
1222 4047 1252 4098 et
1264 4039 1365 4100 literas

160 4134 348 4185 mmerammt
362 4124 477 4202 quoties
489 4125 521 4183 in
534 4133 618 4184 textu
631 4123 828 4182 occurrebant.

199 4203 293 4265 XIV.
307 4203 434 4264 Tantum
445 4205 528 4264 abest
540 4213 574 4264 ut
586 4221 659 4282 opus
670 4202 895 4262 Masorethicum
910 4199 948 4260 sit
961 4203 1161 4276 argumentum
1175 4197 1367 4275 corruptionis

160 4283 303 4363 fontium3
318 4293 467 4344 utcontra
480 4283 517 4343 ad
525 4282 730 4377 praecavendos
738 4299 850 4342 errores
864 4280 902 4339 sit
911 4278 1084 4355 institutum,
1095 4295 1133 4337 ne
1146 4275 1194 4338 vel
1202 4295 1277 4338 unus
1291 4297 1367 4358 apex

162 4383 192 4422 m
202 4362 894 4522 &fiatnssssslffiiddffligeieddat
906 4457 958 4516 per
971 4437 1087 4514 wimar,
1102 4433 1181 4516 quod
1195 4437 1244 4498 Ps.
1259 4437 1322 4498 xix.
1337 4441 1366 4516 5,

163 4541 453 4603 par=pexprsasum
462 4523 571 4600 fuerat;
587 4523 654 4582 Non
662 4521 792 4601 sequitur
800 4525 965 4596 corruptum
974 4525 1153 4578 essetextum
1162 4517 1328 4593 Hebraeum,
1338 4528 1368 4578 et

164 4605 321 4680 repositum
331 4625 390 4680 :tp
398 4603 473 4663 lim
486 4621 592 4678 coruos,
606 4621 658 4681 pro
668 4608 740 4678 nttp
748 4619 813 4676 oon,
820 4599 869 4658 vel
882 4617 964 4658 sonan
978 4617 1083 4658 smum.
1113 4598 1188 4657 Nem
1198 4613 1223 4668 tp
1235 4617 1294 4656 non
1308 4597 1367 4674 sig·
1378 4601 1380 4603 ’
1403 4648 1409 4658 ,

166 4683 262 4743 nificat
288 4693 404 4745 tantum
430 4683 536 4742 linesm
564 4691 714 4743 extensam
741 4677 1058 4758 scuperpsndiculum,
1082 4676 1241 4737 sedetiam
1267 4677 1369 4734 lineam
1455 4692 1468 4726 .’
