3250 5176
171 341 285 392 esaar.
299 319 347 403 11.]
499 353 503 361 ·
611 337 771 380 narrasse
784 336 935 380 anarrnro.

643 560 837 636 QUAESTIO
859 561 902 620 II.

169 725 216 785 An
235 725 389 785 Voluntatis
403 721 526 784 libertati
537 731 675 801 repugnet
686 721 789 862 qlqaeois
805 722 974 862 nqcessitasl
996 723 1080 802 Neg,
1096 731 1196 784 cenna
1210 721 1317 784 Pontii.
1342 729 1372 782 et

727 821 826 862 emens
841 847 848 862 .

210 966 235 1025 I.
258 965 425 1043 Antequam
439 964 475 1026 de
490 972 593 1026 natura
612 971 643 1022 et
662 963 771 1023 ratione
786 963 900 1023 formali
914 963 1013 1023 Liberi
1027 964 1151 1024 Arbitrii
1162 964 1300 1038 dieamus,
1320 981 1371 1021 ex·

170 1046 306 1106 audenda
319 1055 364 1105 est
377 1045 498 1123 quaetio
512 1043 660 1122 proposita
672 1052 789 1122 propter
799 1043 1001 1123 AdversarIos,
1014 1065 1136 1124 quorum
1150 1046 1206 1105 hoc
1220 1055 1265 1104 est
1278 1045 1372 1126 agira

169 1124 269 1201 ψεῦδις,
285 1127 333 1185 cui
347 1134 549 1203 superstruunt
563 1125 670 1202 dogma
690 1144 775 1184 suum
788 1144 940 1184 erroneum
954 1124 990 1186 de
1010 1127 1136 1188 essentia
1153 1125 1296 1186 libertatis
1317 1123 1373 1184 sita

169 1207 200 1265 iu
214 1205 423 1281 indifferentia;
445 1205 580 1264 nimirum
593 1207 791 1264 Necessitatem
805 1205 931 1280 quamvis
942 1207 1064 1266 libertati
1074 1209 1224 1266 voluntates
1237 1208 1371 1265 adversa

170 1286 206 1360 ri,
219 1296 246 1346 et
258 1287 444 1346 nceasitatem
452 1307 487 1344 ac
501 1287 653 1344 libertatem
664 1306 720 1344 csse
732 1282 926 1367 ἇηιδιῃμμίιυς
940 1287 1082 1363 oppositas
1090 1311 1100 1346 .·
1120 1289 1182 1346 Nec
1191 1287 1307 1346 liberam
1321 1307 1371 1345 ar·

170 1367 283 1425 bitriam
297 1367 406 1442 canapi
418 1376 469 1425 aat
481 1366 599 1442 intelliyi
610 1387 695 1442 posse
708 1387 771 1424 cum
784 1367 1013 1427 determinatione
1027 1369 1069 1426 ad
1080 1388 1166 1426 anam
1179 1367 1235 1426 sive
1248 1387 1311 1426 cam
1324 1386 1371 1425 nc·

169 1447 294 1506 cesaimte
307 1447 379 1506 illud
390 1447 583 1505 antecedenter
596 1447 804 1504 demmmnante.
848 1447 959 1522 Scopas
978 1467 1037 1506 non
1056 1447 1131 1506 alius
1148 1456 1201 1521 est,
1219 1467 1306 1524 quam
1320 1466 1372 1504 vo-

169 1527 311 1587 luntatem
328 1526 454 1585 hominis
472 1527 599 1585 eximere
618 1546 636 1584 a
653 1526 825 1586 necessitate
839 1525 1086 1586 determinationis
1104 1535 1133 1586 et
1155 1526 1373 1604 gubernationis

171 1607 287 1684 divina,
302 1617 332 1667 et
345 1603 477 1668 &iissem
491 1626 524 1665 aa
537 1606 691 1664 Dominam
706 1625 822 1665 suorum
836 1615 952 1665 actuum
963 1607 1146 1666 constituere.

299 1753 305 1766 ,
476 1687 519 1746 II.
535 1685 614 1745 Huic
629 1686 853 1763 Pelagiauorum
867 1687 1028 1764 assertioni,
1038 1687 1193 1765 opponitur
1202 1685 1373 1747 Orthodoxa

172 1751 229 1824 Nou
241 1768 319 1799 Μ
334 1767 416 1856 m,
435 1768 552 1842 veritas,
577 1786 641 1844 qum
666 1767 775 1843 statuit,
800 1767 866 1826 Nou
887 1787 1002 1826 omnem
1021 1768 1223 1828 necessitatem
1243 1786 1373 1846 pugnare

201 1817 422 1916 pirbaqsmtriepugqqd
443 1867 508 1906 cum
522 1847 663 1922 libertate,
679 1847 741 1906 Nee
756 1867 869 1906 omnem
888 1847 975 1906 etism
998 1869 1063 1908 cum
1084 1869 1119 1908 ea
1133 1847 1298 1922 subsistere,
1321 1847 1374 1906 sad

200 1929 309 1986 quadam
358 1933 413 1976 aaa
433 1928 560 2006 aliquam
574 1947 639 1986 cum
653 1947 761 1986 estesse
774 1927 922 2004 ἰώπων,
932 1928 1058 2007 aliquam
1069 1948 1138 1988 vero
1153 1947 1219 1987 cum
1233 1948 1268 1986 ea
1281 1927 1372 1986 amice

203 1993 264 2032 rum.
432 2007 604 2086 conspirare,
620 2006 698 2084 quod
713 2027 799 2085 supra
812 2009 875 2086 jam
890 2008 983 2068 obiter
995 2009 1180 2068 observatum
1196 2007 1265 2068 Loc.
1280 2006 1372 2066 VIII.

173 2088 228 2164 Qu.
246 2091 272 2146 1.
286 2087 374 2165 paulo
388 2088 553 2148 distinctius
567 2095 612 2146 est
626 2087 839 2166 explicandum.

214 2168 275 2226 III.
297 2168 380 2227 Varii
401 2168 481 2227 varie
496 2168 673 2227 Libertatem
695 2167 889 2246 distmguunt.
933 2167 1057 2243 Quidam
1079 2177 1112 2229 ut
1134 2171 1313 2245 Bernardas,
1335 2168 1372 2228 de

175 2249 258 2307 Grat.
272 2257 302 2307 et
315 2248 365 2308 lib.
376 2249 457 2325 arbi,
474 2257 503 2308 et
517 2269 555 2306 ex
569 2249 756 2323 eoLombar.,
768 2249 819 2308 lib.
828 2249 858 2308 ii.
869 2247 936 2308 dist.
948 2251 996 2325 25,
1006 2249 1149 2328 triplicem
1163 2248 1232 2308 facit
1242 2248 1372 2308 Liberta-

173 2337 235 2404 tem,
251 2328 372 2404 primam
386 2350 403 2388 a
416 2329 583 2404 necessitate,
606 2328 761 2387 secundam
782 2349 801 2387 a
814 2337 940 2406 peccato,
962 2330 1077 2390 tertiam
1091 2351 1109 2388 a
1121 2329 1244 2389 mania.
1286 2329 1373 2388 Illam

174 2417 261 2468 vocat
273 2418 392 2486 natura,
414 2429 500 2487 quam
522 2408 644 2468 contudit
657 2408 742 2468 nobis
762 2410 793 2467 in
814 2407 978 2469 conditione
999 2417 1128 2486 naturae;
1152 2410 1243 2468 Istam
1259 2410 1371 2488 pratia,

173 2489 242 2565 quia
254 2497 448 2550 restauramur
468 2489 507 2549 ad
530 2508 593 2548 eam
614 2489 645 2546 in
659 2489 772 2567 gratia,
794 2489 880 2548 Hanc
891 2491 1000 2566 pieria,
1015 2490 1084 2568 quia
1101 2498 1266 2550 reservatur
1288 2490 1374 2550 nobis

172 2568 204 2626 in
218 2568 320 2646 gloria.
363 2571 419 2628 Per
442 2571 564 2647 primam
588 2580 758 2647 praestamus
780 2569 892 2631 eatenis
914 2569 1117 2646 animantibus,
1142 2591 1194 2648 per
1217 2569 1374 2630 seeundum

173 2669 298 2723 carnem,
313 2667 365 2724 per
378 2651 492 2708 tertiam
506 2659 628 2710 mortem
642 2650 822 2729 subjicimus.
865 2649 963 2709 Prima
984 2651 1026 2710 sic
1040 2651 1180 2710 naturalis
1194 2659 1240 2709 est
1252 2650 1371 2726 homiui,

173 2737 207 2788 ut
220 2736 346 2803 nequeat
358 2729 419 2786 ullo
433 2729 520 2788 modo
534 2730 615 2806 eripi,
637 2731 701 2788 alim
722 2730 787 2789 dua
808 2749 860 2808 per
875 2739 1026 2808 peccatum
1041 2739 1109 2790 suut
1122 2731 1245 2790 amissae.
1287 2731 1374 2790 Hanc

173 2803 389 2866 distinctionem
413 2807 497 2866 facila
519 2809 681 2885 recipimus,
705 2810 792 2869 modo
814 2810 868 2870 sub
889 2811 1069 2870 necessitatIs
1089 2831 1162 2868 voce
1175 2810 1373 2889 intelligamus

173 2897 234 2948 tarn
250 2887 451 2946 necessitatem
475 2885 625 2965 physicam
649 2907 737 2966 quam
758 2889 923 2966 conchanis,
938 2910 1004 2967 quse
1025 2909 1090 2950 cum
1110 2889 1254 2949 libertatis
1271 2900 1375 2952 natura

174 2976 243 3028 sunt
256 2966 405 3026 &imma

215 3048 271 3107 IV.
296 3048 355 3108 Sed
368 3056 401 3107 ut
415 3047 521 3107 clarius
535 3065 581 3106 res
604 3055 666 3107 tota
690 3055 796 3126 pateat,
819 3046 983 3106 libertatem
1004 3055 1033 3106 at
1053 3048 1255 3107 necessitatem
1269 3048 1299 3107 in
1320 3069 1373 3108 sex

174 3130 270 3206 capita
283 3129 455 3188 tribuimus:
477 3127 620 3187 Nimirum
634 3135 667 3186 ut
681 3128 825 3186 Voluntas
839 3135 935 3205 potest
949 3127 1081 3204 spectari,
1097 3127 1155 3186 Vel
1168 3128 1278 3188 ratione
1287 3150 1372 3206 apere·

174 3210 209 3268 tis
223 3209 340 3282 warni,
363 3208 421 3268 Vel
434 3208 545 3267 ratione
559 3209 685 3266 materia
699 3217 726 3267 ct
737 3228 832 3266 sensas
845 3207 955 3283 interni,
978 3207 1037 3266 Vel
1050 3208 1160 3267 ratione
1174 3205 1241 3284 Dei,
1256 3209 1314 3268 Vel
1328 3230 1372 3268 ra-

174 3289 252 3348 tione
267 3291 417 3349 intellectus
425 3289 557 3364 practici,
579 3287 637 3346 Vel
651 3289 761 3347 ratione
775 3288 903 3346 bonitatis
917 3297 968 3346 ant
980 3285 1095 3346 malitia
1109 3289 1205 3364 objecti
1223 3289 1372 3368 propositi,

175 3369 232 3428 Vel
246 3371 357 3430 ratione
370 3378 481 3428 eventa
495 3379 521 3427 ct
533 3369 693 3428 cantantia.
736 3367 815 3426 Hinc
826 3367 981 3445 sextuplex
991 3367 1082 3426 oritur
1094 3368 1259 3445 necessitas,
1277 3369 1375 3428 Prima

174 3450 320 3509 mcessitas
333 3449 490 3524 coactionis
506 3469 571 3526 qum
585 3448 676 3508 oritur
689 3448 726 3508 ab
740 3456 845 3526 agente
859 3458 988 3524 externo,
1011 3448 1083 3506 nihil
1097 3448 1261 3508 conserente
1276 3469 1310 3509 eo
1324 3449 1375 3527 qui

174 3531 296 3606 cogitur.
340 3529 476 3590 Secunda
489 3529 635 3588 necandas
653 3529 773 3605 physica
787 3537 813 3588 et
825 3530 916 3605 brata,
941 3549 1005 3607 qua
1027 3527 1152 3588 occurrit
1164 3528 1195 3587 in
1208 3529 1374 3590 inanimatis

151 3621 154 3632 '
173 3620 204 3670 et
217 3609 319 3683 brutis,
335 3630 400 3688 quse
413 3630 490 3669 crece
504 3619 614 3669 naturae
628 3608 746 3686 impetu,
766 3609 815 3668 vel
828 3608 913 3668 bruto
927 3608 1066 3668 Instinctu
1080 3617 1109 3667 et
1122 3609 1221 3668 innato
1235 3610 1373 3688 appetitu,

175 3690 256 3749 nullo
270 3699 366 3749 eutem
380 3689 500 3748 rationis
513 3687 622 3749 lumine
636 3699 736 3766 agunt,
758 3697 791 3749 ut
811 3688 968 3748 necessitas
982 3689 1059 3766 ignia
1073 3687 1110 3746 ad
1124 3689 1265 3748 urendum
1279 3689 1374 3766 posito

176 3769 290 3847 objecto
313 3770 517 3843 combustibili,
533 3770 691 3829 necessitas
715 3770 746 3827 in
769 3789 844 3845 equo
867 3767 905 3827 ad
930 3767 1073 3827 edendum
1098 3765 1198 3845 posita'
1215 3769 1305 3828 herba
1326 3769 1375 3828 vel

176 3849 262 3926 sceno,
278 3849 339 3908 sina
354 3849 415 3908 ulla
427 3852 573 3931 resarcire.
605 3850 704 3908 Tertia
712 3857 757 3909 ast
770 3849 916 3908 necessitas
925 3848 1115 3924 dependentia
1124 3857 1261 3908 creaturae
1272 3870 1289 3907 a
1301 3849 1373 3926 Deo,

175 3939 234 3989 tarn
249 3929 346 4007 quoad
360 3933 419 4005 jas,
436 3940 465 3990 et
480 3931 590 4008 Legem
604 3930 642 3988 ab
656 3929 707 3988 illo
721 3929 854 4006 positam,
870 3949 957 4005 quarn
978 3926 1074 4006 quoad
1088 3931 1209 4006 facturn,
1231 3931 1374 4006 guberna-

174 4011 283 4070 tionem
298 4010 409 4070 scilioet
422 4010 621 4088 providentiae,
646 4013 672 4069 1.
687 4009 718 4068 in
738 4008 926 4069 antecedente
947 4007 1071 4085 decreto,
1094 4014 1122 4068 2.
1137 4009 1167 4066 in
1182 4010 1375 4088 subsequente

173 4091 362 4167 executione;
378 4111 443 4168 quae
451 4092 610 4150 necessitas
620 4089 726 4150 dieitur
738 4089 934 4168 hypothetica,
949 4097 1012 4149 tum
1026 4089 1249 4165 infallibilitatis,
1264 4090 1375 4150 ratione

173 4171 371 4248 praecientia,
393 4179 456 4230 tum
476 4170 727 4246 immutabilitatis,
750 4170 860 4230 ratione
882 4169 998 4245 decreti,
1024 4178 1053 4228 et
1066 4169 1188 4229 actualis
1209 4190 1375 4230 concursus.

176 4249 285 4323 Quarta
298 4248 613 4326 necaritasrationalia,
622 4249 862 4310 determinationis
875 4253 917 4310 ad
929 4271 1015 4310 anam
1029 4250 1065 4308 ab
1080 4249 1244 4310 intellectus
1257 4250 1377 4328 practici

170 4328 291 4405 judicio,
315 4330 362 4388 cui
375 4329 515 4406 refragari
528 4351 586 4390 uon
600 4339 696 4407 potest
710 4330 855 4390 voluntas.
898 4330 1006 4405 Quinta
1018 4331 1164 4390 necessitas
1177 4331 1302 4406 morales,
1325 4350 1376 4390 seu

173 4409 321 4481 seruitutis,
338 4428 403 4486 quse
423 4409 514 4468 oritur
528 4430 566 4468 ex
586 4411 734 4469 habitibus
748 4410 833 4469 bonis
847 4409 895 4468 vel
910 4412 1003 4484 malie,
1019 4419 1048 4469 et
1062 4411 1184 4487 appulsu
1199 4410 1377 4487 objectorum

173 4487 211 4546 ad
225 4487 378 4548 facultates
393 4507 459 4547 suas
473 4511 480 4548 ι
502 4489 546 4546 Ea
560 4491 636 4548 enim
651 4499 696 4548 est
708 4490 861 4550 habituum
875 4490 1028 4549 moralium
1042 4491 1125 4565 ratio,
1147 4497 1179 4547 ut
1193 4489 1326 4566 quamvis
1346 4490 1377 4547 in

172 4577 274 4628 nostra
287 4575 432 4646 potestate
446 4587 545 4628 eorum
560 4569 712 4646 acquisitio
727 4569 822 4644 fuerit,
837 4570 889 4628 ubi
903 4579 1000 4629 tamen
1015 4570 1260 4628 voluntasnostra
1273 4568 1309 4626 iia
1323 4569 1376 4626 im-

171 4649 243 4708 buta
257 4659 309 4726 est,
325 4667 420 4726 neque
434 4666 492 4708 non
506 4649 635 4708 exerceri
649 4669 741 4726 neque
756 4649 863 4727 deponi
876 4650 997 4727 possint,
1014 4657 1048 4709 ut
1057 4647 1184 4708 Philoso.
1201 4656 1278 4708 reete
1293 4648 1377 4708 docet
