3160 5194
534 405 665 454 oaaruo
683 407 870 455 suasanus.
1241 397 1308 461 xliii

77 575 251 652 supererat
281 569 374 634 cunis
404 566 615 634 absumebat.’'
668 569 796 648 Quoties
821 577 855 634 et
885 571 1008 651 publice
1037 579 1070 637 et
1101 574 1246 654 privatim
1275 577 1308 639 in

78 671 262 753 lachrymas
279 669 375 750 pium
390 667 478 732 illum
493 667 605 730 Virum
619 677 830 749 erumpentem
843 672 1068 751 conspeximus,
1079 693 1172 753 quum
1188 673 1310 738 audivit

78 770 403 834 Pedemontanorum
418 767 564 830 Fratmm
579 767 736 830 infandam
753 775 876 844 sortem,
892 777 986 850 atque
1001 771 1134 834 intuitus
1149 779 1198 836 est
1213 773 1308 836 mise-

77 869 195 933 rabiles
211 887 333 932 eornm
348 865 506 946 reliquias,
522 867 637 946 partim
653 888 693 930 ex
708 867 876 932 inaccessis
892 869 1042 932 montium
1054 869 1151 952 jugis,
1167 877 1201 934 et
1214 872 1306 935 abdi-

77 969 118 1031 tis
135 967 273 1049 rupium
292 965 412 1042 antris,
441 965 556 1046 partim
580 985 620 1028 ex
645 966 738 1030 tetris
761 973 795 1029 et
820 967 958 1031 obscuris
983 969 1158 1032 carceribus
1174 970 1304 1050 elapsas,

79 1067 165 1131 velut
183 1064 329 1130 titiones
347 1085 390 1129 ex
415 1063 487 1146 igne
509 1069 641 1146 ereptos.
694 1063 821 1142 Quoties
842 1065 968 1129 violarit
992 1069 1102 1130 oborto
1115 1089 1185 1131 rore
1203 1089 1307 1150 genas,

79 1185 176 1246 quum
191 1163 370 1228 Gallorum
387 1164 519 1225 fratrum
535 1162 680 1226 dolendas
697 1163 779 1227 vices
794 1164 960 1245 intellexit,
987 1185 1063 1245 quas
1078 1173 1208 1246 praestat
1224 1168 1309 1248 sipa-

80 1263 132 1328 rio
148 1271 270 1345 tegere,
289 1283 391 1343 quam
409 1281 461 1326 eas
476 1263 637 1327 referendo
653 1262 812 1326 infandum
826 1283 975 1328 renovare
986 1264 1129 1328 dolorem.
1182 1265 1309 1344 Quoties

79 1362 295 1444 ingemiscens
316 1361 427 1424 dixit:

390 1579 415 1637 O
429 1577 495 1634 Rex
508 1576 687 1653 armipotens,
703 1597 783 1654 quem
797 1585 901 1637 ambies
911 1581 1023 1639 modum

387 1659 456 1732 Iroe,
471 1660 585 1734 quando
599 1658 713 1716 tramete
726 1659 858 1735 sucdpies
866 1663 987 1736 preces!

387 1740 532 1798 Traducti
543 1739 654 1797 Pharia
668 1741 702 1798 de
715 1741 810 1798 amobe
823 1741 947 1800 vincam:

385 1820 535 1878 Nadauzm
548 1820 635 1878 solitis
648 1840 700 1878 car
713 1823 796 1878 modo
809 1823 918 1898 sepibus

386 1900 423 1958 Ia
431 1903 565 1975 praedam
579 1901 729 1976 hospitibus
743 1903 847 1959 deseris
861 1903 933 1959 banc
946 1901 1045 1978 aequb?

386 1980 465 2037 Audi
474 1989 612 2057 ¹(sternentes
626 2001 773 2037 carcerare
787 1981 837 2058 qui
848 1981 964 2039 uinculis

387 2061 526 2134 Marcent,
537 2059 648 2137 potenti
660 2061 779 2119 dentem

388 2142 435 2199 De
440 2143 528 2216 sance
542 2142 641 2200 mortis
655 2141 753 2199 libera.

90 2327 211 2390 Summe
229 2325 340 2405 Dens,
359 2325 416 2388 hos
431 2326 574 2407 gemitus,
593 2333 625 2390 et
642 2327 707 2392 hac
721 2327 856 2408 suspiria
871 2326 964 2390 nosti.
998 2325 1031 2388 N
1033 2326 1110 2390 ostis
1128 2325 1310 2409 Auditores,

92 2427 139 2504 qui
157 2446 218 2489 uon
230 2424 337 2488 semel
353 2425 549 2488 madentibus
564 2425 660 2489 oculis
674 2427 740 2490 haee
755 2427 919 2490 deflentem
931 2425 1110 2488 audivistis:
1133 2425 1182 2488 Ea
1194 2425 1309 2490 descri-

90 2524 159 2588 bere
173 2544 237 2588 nou
256 2523 439 2605 aggredior,
454 2525 494 2587 ad
511 2525 683 2604 exemplum
698 2525 816 2606 sagacis
831 2525 913 2588 illius
928 2524 1066 2604 pictoris,
1078 2525 1130 2605 qui
1147 2545 1217 2588 cum
1232 2525 1308 2587 arti-

91 2622 156 2685 licio
179 2621 374 2704 excelleret,
402 2621 525 2703 ingenio
551 2630 654 2686 tamen
679 2623 778 2705 magis
804 2623 974 2698 abundans,
1001 2623 1067 2688 velo
1093 2625 1307 2698 obumbrabat,

91 2721 167 2799 quod
184 2719 344 2801 penicillo
359 2740 522 2800 exequere
540 2721 733 2801 desperabat.

139 2821 313 2882 Aunrvrtr
331 2819 399 2897 ejus
415 2819 548 2899 gemitus
575 2819 785 2902 Omnipotens,
811 2821 890 2885 vidit
905 2819 1077 2902 lachrymas
1093 2825 1125 2882 et
1142 2819 1308 2893 abstersit3

94 2917 135 2979 sic
149 2918 267 2982 sensim
284 2917 334 2978 ad
348 2917 443 2980 fatale
468 2917 545 2980 illud
562 2926 749 2982 momentum
775 2919 935 2984 descendit
955 2919 1072 2993 Oratio,
1099 2939 1160 2998 quo
1178 2917 1310 2982 Turrat-

97 3017 176 3078 tiuua
192 3023 311 3080 noster
325 3015 366 3078 ad
377 3022 491 3078 metam
507 3017 675 3081 communis
692 3018 894 3081 mortalitatis
908 3017 1098 3098 properavit.
1152 3015 1311 3079 Valetudo

97 3113 168 3176 satis
183 3113 244 3194 ipsi
262 3115 362 3176 firma
376 3121 443 3176 erat
458 3121 491 3178 et
515 3121 792 3194 temperamentum
810 3115 947 3195 corporis
967 3115 1114 3178 eximium
1131 3115 1309 3176 corrobora-

99 3209 149 3272 bat
165 3213 293 3276 animus
312 3231 432 3291 semper
446 3213 505 3276 sibi
521 3220 675 3276 constans.
726 3213 813 3275 Raro
829 3219 1030 3293 aegrotantem
1048 3211 1187 3285 vidimus,
1206 3210 1310 3274 colicis

99 3307 255 3374 doloribus
274 3309 379 3374 solnm
395 3311 588 3392 aliquatenus
606 3310 770 3386 obnoxius,
797 3311 959 3390 tribusque
984 3309 1102 3374 vicibus
1116 3315 1239 3373 tantum
1255 3331 1308 3374 no-

100 3407 175 3470 dosae
189 3411 344 3491 podagra
370 3416 508 3473 senserat
523 3410 653 3473 dolores.
707 3409 762 3472 Ad
780 3409 919 3473 ultimam
936 3429 1033 3490 usque
1058 3417 1212 3473 senectam
1237 3430 1307 3489 per-

101 3513 260 3570 uenturum
279 3509 482 3588 sperabamus
496 3531 505 3582 3
532 3529 637 3572 verum
655 3529 711 3572 usn
728 3507 832 3572 venire
848 3508 935 3586 solet,
953 3515 989 3572 ut
1007 3529 1067 3590 quo
1084 3507 1152 3588 quis
1169 3508 1309 3589 magnifi-

103 3606 216 3668 centius
234 3605 352 3670 divinis
369 3605 529 3670 literarum
547 3615 579 3670 et
597 3607 756 3687 sapientia
771 3607 960 3672 ornamentis
978 3607 1114 3670 animum
1128 3607 1309 3682 excoluerit,

103 3721 136 3762 eo
151 3703 244 3766 citius
262 3725 353 3767 mens
369 3705 527 3770 terrestris
544 3711 679 3785 pertaesa
695 3705 842 3769 domicilii
857 3706 1037 3770 sublimiora
1053 3705 1178 3788 cogitet,
1191 3711 1224 3766 et
1241 3724 1308 3767 cor-

104 3817 166 3875 pus,
182 3801 267 3864 omni
281 3803 349 3882 jam
364 3803 479 3882 spiritu
494 3803 527 3866 iu
544 3803 642 3866 tantis
658 3803 817 3868 laboribus
834 3803 985 3870 exhausto
1002 3805 1091 3886 pleno
1108 3810 1142 3867 et
1157 3805 1309 3871 absumto,

105 3897 234 3966 fatiscat.
264 3899 328 3964 Die
347 3901 393 3963 26
412 3900 614 3981 Septembris,
630 3923 692 3982 qua
716 3923 751 3966 se
776 3903 816 3965 ad
844 3905 958 3968 lectum
982 3901 1163 3983 composuit,
1192 3919 1311 3962 summo

108 4013 190 4058 mane
205 4004 239 4060 et
256 4005 331 4061 ante
347 3997 439 4078 primi
455 3999 571 4063 lumina
585 3999 665 4064 Solis
682 4010 869 4078 surrexerat,
885 4023 921 4066 ac
934 4001 1036 4066 unias
1050 4001 1091 4062 ad
1107 3997 1220 4060 amicos
1236 4015 1309 4058 exa-

107 4101 225 4157 raserat
240 4095 358 4171 literas,
371 4103 403 4160 et
419 4097 495 4161 alius
511 4097 605 4161 etiam
621 4119 731 4179 parare
745 4100 778 4161 in
793 4100 895 4162 auimo
912 4105 990 4172 erat,
1003 4103 1040 4159 ut
1057 4097 1095 4158 ab
1114 4114 1150 4158 oo
1166 4092 1308 4156 intellex-

110 4207 231 4268 eramus,
248 4195 289 4257 ad
303 4215 436 4259 summos
453 4194 521 4259 illos
539 4194 719 4278 Theologos,
735 4217 864 4278 qnorum
892 4194 1017 4258 nomina
1034 4201 1103 4257 toto
1119 4193 1193 4256 orbe
1211 4191 1307 4258 notis-

110 4285 181 4351 sima
196 4291 312 4372 absque
326 4293 506 4372 praefatione
520 4295 637 4358 referre
651 4316 712 4358 non
729 4315 863 4376 possum,
881 4293 1056 4358 Reverend.
1066 4293 1096 4356 I.
1111 4293 1157 4356 H.
1168 4293 1308 4376 Heidcp-

110 4403 216 4464 9erum
232 4409 293 4452 uon
309 4389 459 4456 Helvetia
476 4399 609 4471 tantum,
628 4395 682 4457 sed
697 4397 729 4456 et
746 4392 842 4455 totins
861 4393 995 4471 Europae
1025 4397 1081 4473 φῶς
1109 4399 1310 4474 λαμπρότατον,

111 4487 141 4542 et
150 4483 299 4551 Celeberr.
313 4489 443 4552 Petrum
452 4491 578 4574 Jaaeu,
591 4511 680 4571 quem
698 4491 856 4554 nominare
869 4497 918 4554 sat
935 4495 993 4568 cst,
1005 4489 1194 4556 Reformatae
1210 4507 1310 4552 causa

113 4583 287 4648 acerrimum
316 4585 494 4666 Patronnm,
522 4589 739 4654 hereticorum
765 4589 919 4674 malleum,
941 4589 1036 4654 Viros
1062 4591 1201 4673 Magnos,
1227 4587 1311 4648 iuter

115 4696 184 4756 quoe
198 4687 231 4748 et
250 4683 468 4752 Tarrcttc'cum
484 4695 624 4754 ausuum
650 4687 823 4754 arctissima
847 4707 968 4771 semper
984 4689 1161 4755 intercessit
1177 4683 1309 4747 necesa-
