3174 5174
100 895 104 904 ’
224 949 414 1046 soors
449 951 883 1047 securos—on
919 953 1189 1051 eleni-n.

573 1221 824 1238 ffl-

455 1478 456 1484 ,
519 1414 715 1490 QUAESTIO
737 1415 884 1476 PRIMA.

434 1573 491 1648 An,
507 1572 534 1634 'et
547 1577 662 1652 φιαπᾱο
675 1575 769 1636 crecti
777 1575 833 1635 sint
845 1575 971 1654 depolit

11 1793 13 1812 ἓ
137 1733 164 1794 Ι.
188 1731 232 1792 Ut
251 1729 328 1791 inter
341 1730 502 1807 Creetnrae,
524 1733 601 1792 circe
620 1754 694 1813 qnae
711 1735 767 1795 Dei
789 1735 978 1794 Providentia
997 1745 1138 1812 versatu,
1160 1736 1308 1798 excellunt

11 1843 12 1846 ¹
96 1813 222 1891 Angeli,
234 1830 356 1889 quorum
377 1811 504 1889 dignitas
528 1833 563 1873 so
581 1815 682 1893 major,
704 1835 762 1892 quo
780 1815 878 1892 megia
890 1816 1033 1875 accedunt
1045 1816 1083 1875 ad
1098 1817 1235 1876 Divinam
1256 1838 1307 1878 na·

95 1903 201 1967 turam,
216 1901 247 1952 et
265 1891 302 1951 ab
316 1891 395 1951 omni
407 1892 535 1952 materie
549 1904 672 1973 contage
686 1904 754 1955 aunt
767 1895 918 1971 immunes,
933 1915 1033 1955 eorum
1053 1897 1177 1956 Theoria
1197 1899 1309 1957 caeteris

95 1983 175 2034 recte
187 1971 381 2052 premittitrn.
826 2053 833 2068 α
860 2053 867 2067 ⁸
929 2053 936 2068 .
979 2053 986 2068 α
1024 2053 1031 2068 ⁸

96 2104 341 2218 effigere
361 2051 1058 2212 eil,‚ltttttttrllttlltttttt
1067 2055 1306 2194 tttttttlt

124 2227 190 2294 ertu,
209 2237 232 2294 ι.
247 2223 340 2267 virtute
360 2213 459 2290 petita,
465 2214 551 2290 quale
566 2223 611 2273 est
623 2234 728 2273 nomen
737 2213 882 2290 mipace,
892 2215 1033 2291 spe-iem
1054 2214 1124 2275 Alia
1138 2213 1276 2291 ἰποννιόδιι,
1289 2237 1307 2274 a

124 2282 294 2384 affl&
310 2281 341 2326 ab
360 2293 476 2370 virtute,
488 2302 631 2370 potestate
645 2304 675 2354 et
688 2294 838 2372 dignitate,
849 2313 907 2373 que
921 2302 988 2354 sunt
1001 2295 1122 2372 prediti,
1133 2293 1230 2372 qualia
1239 2306 1306 2356 sunt

11 2391 12 2396 ¹
202 2372 209 2385 '
357 2371 475 2431 nomine
494 2375 645 2452 Seraphim
672 2383 702 2434 et
725 2375 881 2449 Ghentbt'm,
910 2381 940 2434 et
967 2375 1092 2450 nemina,
1117 2377 1304 2451 lltroacrum,

11 2483 12 2510 n
95 2452 337 2528 Dmnrirationum,
352 2453 533 2529 Poteetotum,
548 2453 585 2513 de
598 2455 704 2531 quibus
723 2464 842 2533 pestee3
872 2453 942 2514 Alia
953 2457 1063 2530 εχκαὶ
1083 2463 1113 2514 et
1125 2455 1248 2514 relativa
1268 2455 1306 2514 ad

93 2533 221 2609 effic-ieme,
236 2532 316 2610 quod
329 2533 400 2610 ipsis
414 2531 627 2610 demandatum,
642 2534 728 2612 quale
742 2543 786 2594 est
798 2553 904 2593 nomen
917 2535 1027 2611 Anpdi,
1042 2534 1121 2612 qnod
1142 2537 1263 2612 leputcm
1276 2544 1306 2596 et

93 2613 216 2688 mt'mtm,
232 2632 284 2672 sen
297 2614 429 2672 nuceium
450 2612 602 2691 significat,
618 2623 648 2674 ei
667 2615 785 2674 nomina
797 2615 942 2692 meneleus
961 2618 1140 2697 λατονςγιιᾶν,
1154 2615 1305 2693 spirituum

91 2694 334 2768 αὼιώιὺένωτιηι,
351 2693 428 2752 Heb.
443 2687 462 2752 i.
479 2697 527 2752 14.
1196 2706 1198 2712 '
1228 2695 1231 2702 ’

147 2827 154 2838 ,
399 2773 460 2831 111.
483 2774 555 2832 Dari
569 2773 711 2853 Angelos,
722 2775 860 2854 quioquid
874 2777 942 2836 olim
960 2775 1113 2850 Sadducaei
1126 2775 1261 2854 dixerint,
1274 2786 1304 2837 et

94 2826 154 2873 Dm
165 2827 337 2931 ffiffiff'l'*
358 2852 456 2912 dicant
477 2853 564 2912 hodie
588 2855 883 2931 Pseudo-Christiani,
906 2857 957 2933 qui
978 2875 1078 2915 eorum
1091 2857 1217 2936 vestigia
1237 2877 1302 2934 pre·
1390 2885 1395 2893 ·

357 2941 448 3008 munt,
458 2935 550 2993 multa
563 2936 695 3012 probent.
725 2938 751 2993 1.
769 2935 888 2996 Gradere
898 2937 1024 3010 Enticm,
1036 2943 1067 2994 et
1076 2939 1303 3012 complementum

97 3012 247 3085 Unicerei;
269 3011 312 3072 Ut
325 3012 402 3071 enim
416 3013 446 3070 in
461 3033 495 3073 eo
510 3015 591 3074 Dens
605 3023 751 3074 creatores
772 3033 850 3074 mere
867 3033 1018 3091 corporeas
1032 3014 1170 3090 condidit,
1185 3034 1250 3091 quse
1271 3016 1302 3074 in

11 3133 12 3168 ,
94 3111 196 3151 sensus
210 3092 398 3168 incurrerent,
413 3102 446 3153 nt
460 3113 596 3172 eorporn;
618 3095 699 3169 elias,
713 3094 818 3171 partim
833 3113 985 3170 corporeas
998 3102 1028 3152 et
1041 3093 1181 3168 visibiles,
1196 3095 1301 3171 partim

94 3172 259 3250 spirituales
273 3180 304 3231 et
316 3171 486 3249 invisibiles,
501 3175 602 3251 quales
617 3182 685 3233 sunt
697 3173 846 3250 homines3
868 3174 909 3232 ita
927 3173 1103 3232 conveniens
1116 3171 1223 3232 suited
1236 3193 1300 3251 per·

93 3251 247 3311 lectionem
256 3251 358 3311 mundi
368 3255 457 3312 creari
466 3273 543 3312 mere
553 3253 725 3332 spirituales,
735 3254 836 3331 queles
845 3262 913 3312 sunt
922 3251 1039 3330 Angeli.
1055 3255 1083 3312 2.
1093 3253 1301 3328 nepem

93 3332 174 3390 veris
186 3332 279 3410 petite
292 3333 329 3391 ab
343 3330 445 3407 effecti
458 3334 605 3410 ηιὶναπᾱὼ,
620 3353 685 3413 qnae
699 3335 777 3392 vires
797 3334 938 3392 humanus
948 3333 1099 3410 'superant
1115 3333 1152 3391 nb
1170 3333 1301 3394 &aaut

93 3411 170 3489 apud
179 3413 292 3472 Gentes
305 3411 399 3487 editis,
410 3412 447 3471 ab
461 3413 639 3491 appetitione
652 3425 834 3491 spectrmm,
847 3413 884 3472 ab
893 3413 1084 3490 enerpumenr'e
1096 3412 1206 3490 linguis
1219 3433 1301 3492 pere·

93 3491 185 3568 grinis
198 3491 393 3568 loqnenfibns,
408 3493 539 3571 quicum
560 3513 577 3552 e
599 3494 662 3553 Deo
676 3494 820 3572 proficisci
839 3513 899 3553 non
919 3493 1041 3571 possint,
1056 3513 1110 3552 nec
1124 3493 1155 3551 in
1168 3494 1300 3554 homines

92 3571 158 3630 illos
182 3573 367 3647 convenient,
382 3573 474 3632 malos
498 3573 600 3652 genios
621 3575 757 3634 authores
778 3574 923 3652 produnt;
946 3574 1003 3649 Qui
1017 3573 1041 3632 ei
1061 3573 1197 3641 existant,
1213 3575 1300 3634 etiam

93 3651 184 3710 bones
198 3651 324 3711 existere
338 3671 397 3712 non
410 3653 511 3730 negari
525 3653 620 3728 debet,
636 3674 702 3714 cum
716 3655 772 3733 ipsi
786 3654 890 3715 saltem
903 3654 940 3713 ab
954 3653 1037 3714 initio
1051 3653 1120 3712 boni
1135 3656 1198 3713 esse
1209 3654 1299 3727 debu:

86 3731 175 3791 erint
217 3735 248 3791 3.
262 3733 420 3808 Ser-ipm
428 3754 493 3808 occ,
509 3753 574 3811 quae
587 3735 697 3811 passim
710 3735 766 3794 hoc
778 3734 929 3810 tredendo,
941 3733 1135 3812 apodicticum
1149 3734 1229 3791 omni
1247 3755 1300 3792 en·

92 3811 224 3888 ceptione
237 3811 334 3891 majus
347 3812 432 3872 nobie
446 3814 611 3890 suppeditet
624 3824 834 3891 argumentum.

11 3967 12 3970 Ἴ
131 3892 188 3950 IV.
211 3893 285 3952 Cum
295 3911 365 3951 vero
375 3893 461 3953 toties
474 3893 505 3951 in
519 3893 601 3952 libris
612 3893 714 3967 Musis,
729 3901 759 3952 et
768 3893 904 3952 universa
920 3892 1067 3970 Scriptura
1081 3911 1179 3950 eornm
1190 3892 1300 3953 mentio

12 4037 13 4050 ἶ
92 3971 149 4046 liat,
164 3970 271 4030 mirum
281 3971 375 4030 videri
385 3981 490 4050 potest,
505 3993 562 4050 qno
573 3981 658 4052 pecto
671 3971 832 4048 Sadducaei,
844 3973 895 4049 qni
907 3971 998 4030 libros
1009 3971 1102 4030 Mosis
1112 3969 1297 4049 recipiebant,

12 4055 13 4058 ’
91 4053 237 4128 potuerint
250 4051 281 4110 in
295 4052 379 4111 illum
392 4073 516 4112 errorem
538 4053 672 4128 incidere,
687 4061 720 4111 nt
733 4060 874 4129 negarent
896 4050 958 4109 deri
973 4051 1113 4128 Angelos,
1129 4049 1199 4110 Aet.
1214 4047 1298 4111 xxiii.

12 4197 13 4200 Ἴ
91 4133 119 4204 8,
134 4131 274 4209 dicentes,
289 4151 344 4190 nec
358 4134 503 4210 Anpelum,
519 4153 569 4192 nec
582 4133 721 4210 Spiritum
734 4152 801 4191 esee.
843 4131 921 4190 Hinc
932 4129 1048 4204 fectum,
1063 4137 1097 4188 ut
1110 4129 1228 4206 quidam
1241 4131 1315 4191 hoe

91 4210 223 4270 absoluta
244 4211 464 4290 intelligendum
486 4233 549 4272 esse
570 4213 672 4287 nolint,
696 4211 747 4272 sed
770 4210 952 4271 referendum
973 4217 1085 4269 tanturn
1106 4208 1142 4267 ad
1165 4209 1298 4288 Angelos

89 4287 232 4372 ηςίὶςιυς,
248 4291 396 4370 appositos
410 4293 546 4353 custodes
561 4293 684 4370 singulis
704 4290 879 4350 hominibus.
923 4288 982 4349 Sed
995 4289 1099 4348 melius
1113 4289 1163 4348 alii
1183 4299 1296 4368 putant,

83 4373 170 4448 -ipsos
184 4372 305 4432 elusisse
318 4372 383 4431 loce
399 4373 562 4450 Scripturre,
578 4373 626 4432 vel
645 4392 698 4451 per
711 4371 853 4449 Angelos,
868 4369 905 4429 de
919 4369 1025 4447 quibus
1037 4368 1080 4426 ibi
1093 4369 1197 4445 egitur,
1212 4370 1297 4430 intel·

90 4451 209 4528 ligando
222 4452 379 4528 qualitates
392 4473 410 4511 a
421 4453 485 4512 Deo
499 4452 654 4530 productas
667 4453 698 4511 in
711 4451 917 4530 imaginatione
931 4450 1002 4526 ejus,
1015 4469 1100 4526 quem
1112 4448 1190 4534 dere
1200 4449 1298 4526 aliqua

90 4530 185 4590 voluit
197 4531 318 4608 docere;
339 4532 398 4591 Vel
412 4533 597 4593 concedendo
611 4533 727 4610 quidem
743 4532 838 4592 Deum
851 4529 1024 4610 produxisse
1038 4529 1165 4608 spiritus,
1180 4530 1297 4606 qnando

88 4629 190 4670 eornm
204 4611 347 4706 operanti
358 4613 460 4689 veluit,
476 4613 528 4672 sed
541 4622 642 4691 postea
655 4633 706 4672 eos
719 4613 865 4690 legatione
879 4619 962 4688 geste
976 4629 1041 4672 cnm
1055 4607 1223 4690 cerporibus
1237 4611 1297 4694 suis

88 4709 190 4748 rursus
203 4711 365 4752 evenursee.
