3158 5180
145 376 254 427 ausast.
270 354 364 438 xvia]
574 375 613 414 os
628 373 920 416 rsaossrmarross.
1295 363 1354 422 353

144 518 218 592 dam,
234 523 268 577 ut
281 517 409 593 videtin,
425 517 505 595 pacis
520 516 732 577 Ecclesiasticae
752 518 956 595 promovendae
977 517 1106 594 consilio,
1122 525 1152 578 et
1165 518 1267 579 fortius
1287 541 1354 581 cum

145 598 422 658 Remonstrantibua
436 596 603 676 disputandi
624 596 728 673 studio,
744 599 878 676 quamvis
902 615 1038 657 successu
1050 599 1146 658 minus
1160 599 1245 676 felici,
1260 601 1352 680 hypo-

145 680 241 739 theses
254 677 399 756 quasdam
413 678 541 755 ipsorum
554 676 736 756 adoptarunt,
752 678 943 756 peripheriam
954 678 1055 756 gratiae
1065 679 1197 738 latiorem
1211 680 1352 758 ducendo,

145 768 175 818 et
188 758 409 834 Misericordiae,
426 757 653 835 Redemptionis,
669 767 699 817 et
712 759 883 818 Vocationis
896 759 1143 818 universalitatem
1154 760 1271 836 tuendo,
1284 761 1354 820 dum

144 839 321 918 pertendunt
336 839 433 898 Deum
443 839 617 920 ramatensis
625 857 678 898 sua
688 849 718 897 et
726 839 841 916 generis
849 839 968 898 humani
981 839 1177 898 misericordie
1187 841 1353 919 impulsum,

145 919 310 978 decrevisse
325 919 363 978 ab
378 927 485 978 aeterno
501 920 609 978 Filium
630 938 714 978 suum
735 919 766 976 in
783 918 924 978 mundum
944 920 1066 995 mittere,
1082 921 1133 998 qui
1152 921 1281 999 praestita
1301 942 1355 999 pro

145 999 273 1078 moestis
287 998 494 1075 satisfactione,
506 998 704 1058 remissionem
717 1007 909 1078 peccatorum,
922 1008 952 1059 et
965 999 1087 1059 salutem
1099 1008 1234 1060 eternam
1246 1021 1280 1061 aa
1288 1003 1354 1080 lege

144 1080 282 1140 omnihus
295 1079 466 1157 acquireret,
481 1080 507 1138 ai
520 1080 615 1158 ipsum
628 1099 680 1158 per
693 1078 780 1138 fidem
794 1081 1042 1159 amplecterentur,
1058 1100 1112 1139 nec
1130 1080 1356 1160 dedignarentur

145 1168 234 1220 tante
248 1159 353 1219 salutis
372 1179 436 1220 esse
457 1167 614 1238 compotes.
657 1159 704 1218 Ita
726 1168 857 1220 statuunt
880 1161 975 1219 Deum
997 1161 1094 1238 aliquo
1116 1161 1202 1221 modo
1216 1163 1354 1239 voluisse,

145 1249 175 1300 et
188 1241 323 1300 homines
336 1239 444 1318 pariter
456 1239 585 1318 potuisse
606 1240 715 1298 servari
729 1259 837 1316 omnes,
854 1240 940 1299 modo
961 1240 1129 1318 crederent;
1161 1242 1219 1302 Sed
1233 1243 1354 1319 addunt,

146 1321 244 1380 Deum
257 1340 317 1379 non
332 1319 456 1399 amplius
470 1340 523 1379 sue
536 1323 709 1400 paseatgam‘p
722 1321 875 1397 communi,
888 1320 940 1380 sed
954 1321 1094 1398 singulari
1108 1322 1234 1398 quodam
1249 1325 1355 1382 amoris

145 1410 176 1460 et
189 1399 396 1460 misericordiae
411 1419 516 1478 genere
529 1410 700 1479 permotum,
711 1401 866 1460 nonnullos
880 1421 918 1460 ex
931 1401 1119 1460 universitate
1133 1402 1282 1463 hominum
1297 1404 1355 1463 ele-

145 1479 968 1640 titatittitttlttttttttttttt
977 1481 1277 1639 ttttttttltt
1290 1502 1356 1622 tt·

146 1641 237 1700 tuerit
250 1661 301 1700 eos
316 1639 354 1699 ad
367 1639 455 1700 tidem
469 1640 613 1700 adducere
627 1651 661 1700 ut
679 1650 838 1701 serventur.
881 1607 1059 1720 Duo'itaque
1073 1643 1217 1721 praecipue
1232 1644 1281 1703 hic
1297 1645 1356 1703 De-

146 1731 228 1781 creta
241 1719 400 1800 spectanda
413 1740 477 1780 esse
490 1721 674 1799 pertendunt.
715 1721 808 1781 Aliud
825 1721 965 1782 emate
978 1721 1015 1780 de
1030 1723 1180 1782 servandis
1193 1743 1245 1802 per
1259 1724 1357 1784 Chris·

147 1811 212 1862 tum
233 1801 424 1878 credentibus,
453 1821 511 1879 quo
534 1802 616 1861 Deus
642 1802 744 1860 statuit
771 1802 899 1860 omnium
920 1810 949 1860 et
969 1802 1149 1879 singulorum
1169 1804 1306 1879 misereri,
1329 1812 1359 1863 et

150 1881 295 1942 Christum
310 1882 445 1941 omnibns
460 1882 651 1942 Mediatorem
665 1881 742 1958 dare,
765 1890 795 1940 et
808 1900 907 1940 omnes
921 1880 958 1939 ad
973 1882 1095 1940 salutem
1109 1903 1222 1942 vocare.
1265 1884 1358 1943 Aliud

150 1963 286 2038 Speciale,
314 1981 374 2041 quo
401 1961 531 2022 decrevit
558 1961 699 2040 quosdam
727 1961 880 2020 efficaciter
898 1979 1011 2036 vocare,
1041 1969 1070 2020 et
1096 1962 1155 2021 illis
1183 1962 1270 2022 fidem
1298 1984 1358 2041 prae

152 2041 264 2102 caeteris
288 2043 407 2120 largiri:
430 2042 532 2118 Quoad
552 2043 633 2121 prius
654 2061 720 2102 cum
744 2041 1015 2100 Remonstrentihus
1042 2041 1227 2118 conveniunt,
1263 2042 1360 2120 quoad

149 2123 292 2200 posterius
306 2122 395 2182 abiis
409 2123 559 2183 &delent
602 2122 679 2182 Vide
691 2123 842 2200 Amyrald.
857 2122 935 2181 Dias.
957 2123 992 2180 de
1016 2121 1090 2182 Cra.
1110 2123 1173 2182 Uni.
1198 2131 1228 2182 et
1250 2125 1359 2183 Testor.

150 2203 183 2262 ἀι
195 2203 283 2262 Ιναιὶ.

193 2283 232 2342 V.
253 2283 383 2362 Recepta
395 2303 466 2343 vcro
480 2283 558 2362 apud
571 2283 755 2345 Reformatos
769 2281 919 2359 sententia,
935 2282 1015 2342 aliud
1027 2282 1115 2363 longe
1129 2283 1230 2344 statuit
1241 2305 1249 2362 ς
1265 2285 1360 2344 Deum

148 2362 262 2424 scilicet
273 2383 333 2422 nou
347 2363 484 2440 omnium,
500 2364 553 2424 sed
566 2363 746 2442 quorundam
766 2372 879 2424 tentum
899 2384 937 2423 ex
957 2365 1082 2423 humano
1097 2384 1202 2442 genere
1216 2364 1246 2424 in
1260 2385 1361 2444 pecca·

148 2451 213 2504 tum
228 2451 256 2504 et
268 2453 392 2504 mortem
406 2445 540 2523 prolapso
554 2445 683 2504 miaereri
696 2444 832 2520 voluisse,
845 2463 918 2522 quos
927 2453 1079 2523 propterea
1092 2465 1130 2504 ex
1143 2445 1227 2525 lapsu
1240 2447 1360 2524 erigere,

147 2531 181 2584 et
194 2523 234 2582 ad
247 2524 369 2584 salutem
383 2524 526 2585 deducere
547 2525 736 2602 constituerit,
759 2525 870 2584 caeteris
890 2525 921 2583 in
941 2525 1041 2584 native
1055 2545 1107 2584 sua
1121 2526 1302 2604 corruptione
1316 2547 1361 2585 re-

147 2604 248 2664 lictis:
269 2605 339 2682 qnia
351 2624 495 2664 veronen
508 2613 621 2683 poterat
635 2605 859 2665 misericordiam
883 2625 964 2664 suam
979 2625 1048 2682 erga
1062 2605 1140 2684 ipsos
1154 2626 1280 2684 exerere,
1304 2605 1362 2665 nisi

148 2683 306 2745 satisfieret
319 2685 401 2763 prius
414 2685 545 2746 Juatinae
556 2705 635 2762 aue3
651 2685 723 2744 Ideo
737 2685 897 2746 destinasse
912 2686 983 2763 ipsis
998 2686 1144 2746 Christum
1159 2687 1359 2762 Mediatorem,

148 2765 203 2843 qni
216 2773 355 2843 tanquam
369 2765 432 2825 Vas
445 2785 497 2846 pro
511 2767 582 2845 ipsis
596 2765 774 2825 satisfaceret
787 2775 817 2825 et
830 2767 952 2825 salutem
967 2764 1140 2843 impetraret,
1163 2776 1193 2826 et
1212 2775 1246 2828 ut
1268 2768 1363 2845 Caput

148 2866 205 2924 per
220 2845 345 2924 Spiritus
359 2845 524 2922 efficaciam,
539 2846 627 2905 fidem
641 2845 795 2924 operando,
816 2847 937 2905 salutem
959 2846 1130 2924 acquisitam
1144 2848 1181 2906 iis
1194 2847 1361 2926 applicaret.

150 2927 201 2986 Ita
215 2925 377 3004 concipitur
389 2927 482 3004 primo
494 2928 575 2986 Deus
588 2927 732 3004 cogitasse
746 2926 782 2985 de
796 2926 862 3001 fine,
885 2925 923 2984 id.
939 2925 975 2984 de
990 2926 1082 2984 salute
1097 2925 1270 3003 quibusdam
1291 2926 1362 2985 dan-

148 3005 200 3082 da,
225 3005 410 3084 postmodum
431 3007 468 3067 de
489 3007 601 3082 mediis,
633 3014 663 3066 et
684 3006 777 3084 primo
797 3006 833 3065 de
854 3005 949 3064 medio
970 3005 1177 3082 acquisitionis,
1200 3005 1305 3064 deinde
1326 3007 1363 3066 do

149 3086 251 3146 medio
263 3086 482 3165 applicationie3
505 3088 557 3148 sed
580 3088 622 3147 ita
635 3096 668 3146 ut
680 3106 771 3146 unum
785 3085 932 3145 decretum
946 3105 1003 3143 non
1018 3085 1057 3144 sit
1076 3085 1165 3144 letius
1185 3085 1285 3160 altero,
1309 3105 1365 3144 nec

152 3166 221 3226 eliis
235 3167 395 3228 destinasse
410 3176 554 3229 statuatur
577 3169 709 3243 salutem,
723 3166 773 3225 vel
788 3166 942 3241 Christum,
968 3183 1055 3243 quarn
1079 3165 1185 3243 quihus
1206 3164 1365 3225 destinavit

155 3247 305 3324 Spiritum,
321 3255 351 3308 et
365 3246 461 3308 fidem.
496 3249 580 3325 Nem,
595 3257 628 3307 ut
641 3257 701 3307 tres
714 3255 810 3325 partes
823 3245 976 3325 precipuae
991 3245 1091 3323 getiae
1106 3245 1240 3305 salutmis
1253 3245 1291 3304 ad
1305 3255 1364 3305 tres

155 3327 300 3386 Personas
316 3327 346 3386 S.
363 3329 393 3388 S.
415 3328 566 3389 Trinitatis
579 3327 742 3387 reseruntur
761 3346 814 3404 per
834 3325 1103 3404 appropriationem,
1118 3327 1227 3386 Electio
1249 3326 1287 3385 ad
1308 3326 1363 3385 Pe·

153 3416 238 3483 hem,
262 3409 430 3485 Redemptio
454 3409 493 3468 ad
506 3409 614 3468 Filium
638 3416 668 3468 et
691 3408 880 3488 Sancaflmtio
904 3407 941 3465 ed
968 3406 1106 3484 Spiritum
1130 3407 1268 3467 Sanctum
1283 3429 1291 3484 3
1317 3407 1365 3466 Ita

152 3488 297 3566 aequalem
310 3488 502 3566 peripheriam
516 3498 546 3549 et
559 3487 777 3567 amplitudinem
791 3487 920 3548 obtinere
935 3487 1050 3563 debent,
1061 3497 1095 3548 ut
1108 3507 1193 3547 nemo
1203 3488 1313 3548 electus
1327 3487 1366 3548 sit

153 3589 174 3628 a
188 3569 283 3644 Patre,
308 3569 359 3647 qui
373 3589 391 3627 a
405 3569 482 3629 Filio
495 3589 554 3629 non
568 3568 655 3628 fuerit
668 3567 861 3644 redimendus,
877 3576 906 3628 et
925 3587 942 3626 a
958 3568 1067 3645 Spiritu
1082 3567 1313 3643 sanctificandus,
1336 3577 1366 3627 et

153 3667 240 3708 nemo
255 3649 386 3708 viciam
399 3651 503 3710 redimi
517 3649 650 3710 debuerit
662 3668 680 3707 a
694 3648 817 3724 Christo,
843 3649 894 3727 qui
918 3669 936 3707 a
958 3649 1044 3708 Patre
1068 3648 1177 3709 alectus
1197 3649 1235 3707 ab
1257 3657 1366 3708 retemo

153 3748 214 3787 non
227 3729 323 3805 faerit,
339 3738 369 3788 et
381 3749 433 3807 per
448 3729 587 3808 Spiritum
602 3749 655 3788 suo
668 3737 796 3808 tempore
811 3728 1043 3789 sanctificandus.

461 3811 518 3870 VI.
541 3811 620 3869 Hinc
641 3809 726 3868 facile
748 3809 847 3886 colligi
868 3817 964 3887 potest
984 3829 1071 3868 verus
1086 3807 1261 3883 Quaestionis
1281 3805 1367 3865 istius

423 3892 532 3951 Status.
575 3893 602 3949 1.
618 3890 684 3948 Non
698 3890 844 3968 quaeritur,
861 3890 911 3947 An
932 3907 1032 3947 omnes
1052 3896 1082 3946 et
1103 3887 1210 3966 singuli
1223 3886 1365 3961 homines,

421 3971 483 4030 sive
498 3969 625 4045 credent,
641 3970 703 4028 sive
717 3989 776 4028 non
796 3967 922 4043 credant,
938 3967 976 4025 ad
997 3967 1120 4026 salutem
1141 3967 1199 4026 sint
1218 3965 1367 4043 pradesti-

156 4053 238 4128 neti;
260 4051 336 4112 Nam
350 4053 407 4112 hoa
426 4052 565 4111 Samucla‘a
578 4051 690 4109 Hateri
703 4049 899 4108 Ecclesisrum
914 4046 1133 4106 Helveticarum
1147 4045 1292 4123 quondam
1306 4053 1366 4104 tur-

157 4133 242 4192 bonis
256 4141 459 4208 commentum,
475 4131 586 4209 pridem
601 4129 762 4208 explosum,
778 4137 808 4188 et
820 4129 904 4206 nigro
919 4127 999 4185 theta
1012 4133 1152 4184 notatum.

199 4213 273 4272 VII.
295 4217 324 4271 h.
339 4211 407 4272 Non
428 4212 574 4291 queritur,
590 4211 639 4269 An
655 4211 736 4269 Deus
757 4227 862 4283 amore,
878 4216 907 4267 et
928 4206 1101 4286 praeequis
1121 4205 1248 4283 generali
1262 4203 1372 4264 seratur

157 4294 190 4352 in
209 4293 351 4366 homines,
366 4301 505 4369 tanquam
520 4299 665 4350 creaturas
683 4309 758 4365 suas,
781 4298 811 4348 et
830 4286 912 4346 varia
932 4287 1018 4346 etiam
1040 4285 1179 4344 beneficia
1198 4285 1369 4362 temporalia

158 4374 284 4433 circaea
303 4375 411 4440 βιωτικὰ
431 4372 491 4432 illis
512 4371 669 4448 largiatur:
692 4371 758 4428 Non
779 4367 934 4428 diffitemur
954 4366 1031 4425 enim
1050 4366 1106 4424 hee
1128 4366 1158 4423 in
1179 4373 1260 4442 parte
1275 4365 1371 4423 Deum

158 4473 309 4532 nunqnam
324 4473 355 4512 se
368 4453 531 4530 relinquere
544 4452 693 4532 ὶμιίςτνςοι,
710 4451 779 4510 Act
793 4449 854 4508 xiv.
872 4451 918 4507 1⁷.
961 4447 1000 4505 Et
1013 4445 1096 4504 facile
1111 4445 1213 4504 damus
1226 4443 1371 4506 neminem

158 4553 232 4609 esse,
248 4534 301 4610 qni
314 4532 442 4609 aliquam
456 4532 578 4610 gratiam
595 4533 657 4590 lJeo
671 4549 729 4588 non
744 4529 856 4606 debeat,
872 4526 963 4605 etqui
979 4525 1118 4604 quicquid
1132 4532 1185 4600 est,
1200 4533 1251 4584 aut
1264 4533 1369 4602 potest,

159 4615 262 4691 gratias
278 4612 423 4673 Creatoda
443 4612 489 4672 sui
503 4620 652 4690 acceptum
676 4610 749 4670 ferre
768 4630 828 4669 non
850 4617 989 4669 teneatur.
1034 4606 1092 4667 Sed
1106 4605 1202 4684 agitur
1215 4605 1252 4664 de
1266 4606 1372 4665 Amore

160 4693 279 4772 speciali
291 4702 322 4753 et
334 4693 465 4770 mhtari,
480 4693 531 4772 qui
545 4689 646 4751 tendat
665 4690 703 4750 ad
723 4690 863 4751 beneficia
885 4688 1053 4769 spiritualia,
1069 4696 1098 4748 et
1120 4685 1319 4766 quoipsorum
1334 4685 1371 4746 ad

1154 4785 1171 4826 a

193 3875 279 3922 sutus
291 3873 370 3924 (lm-

246 3933 328 3980 tionis.
