3174 5174
46 302 62 377 J
130 314 241 364 cussa.
258 293 326 374 vra]
403 359 407 368 ⁸
582 311 621 352 ns
635 312 771 352 rennues
786 313 925 354 struas.
1269 301 1327 358 522

129 460 191 512 tum
205 461 236 512 et
249 452 428 512 desuuetum
442 451 595 512 statuimus
608 450 766 510 universali
779 450 898 528 diluvio,
914 452 962 510 vel
976 452 1063 512 etiam
1077 455 1217 532 singulari
1231 454 1329 534 aliquo

129 533 186 591 Dei
196 531 309 610 judicio
323 532 407 592 nobis
421 532 578 608 incognito,
597 549 634 589 ne
654 530 778 590 reditum
798 530 829 588 in
849 532 932 590 illum
951 531 1083 592 homines
1103 533 1277 609 affectarent,
1299 544 1330 596 et

129 611 236 670 scirent
249 611 337 670 alium
351 610 538 688 quaerendum
552 629 615 668 esse
635 609 722 686 longe
743 611 979 686 praestantiorem,
1004 612 1074 671 nim.
1097 613 1252 689 coelestem,
1278 614 1329 692 qui

128 691 209 749 nullo
223 690 336 748 diluvio
349 690 438 749 deleri
451 690 551 768 possit,
567 688 618 748 sed
632 689 662 747 in
683 697 821 748 aternum
841 689 880 749 ad
899 688 1065 750 felicitatem
1085 692 1198 769 picnrm
1219 693 1258 752 ait
1277 713 1328 770 pe·

128 776 366 932 {affixam
388 929 395 943 ι
429 849 485 910 IV.
500 849 723 987 Rfflmssi
736 850 762 908 1.
774 848 860 986 t(gnra,
871 849 1065 987 Gem'ffidllq'
1076 854 1124 930 20,
1131 851 1237 990 dimi
1246 873 1329 931 aqua

155 957 282 1047 {affirm
311 958 366 1003 pre
386 937 543 1067 diisiiiios
566 948 696 1085 quoeqoarre
719 947 1145 1084 rdrlonterimdusililndieldimud‘usliitis
1159 940 1330 1088 εὓιιιιέθᾝι

128 1086 208 1164 Ergo
222 1085 319 1146 delere
332 1087 418 1146 etiam
432 1087 547 1146 hortum
560 1086 647 1145 istum
662 1085 832 1146 debuerunt.
873 1086 959 1161 Quod
972 1107 1040 1146 vero
1055 1089 1192 1149 Bellarm.
1206 1091 1255 1166 ait,
1269 1111 1333 1151 erc··

127 1165 217 1224 dibile
231 1185 294 1224 esse
308 1186 398 1244 aquas
412 1165 515 1226 diluvii
523 1165 553 1224 in
566 1165 731 1243 paradisum
744 1185 803 1224 ncn
815 1174 988 1242 penetrasse,
1001 1175 1031 1228 st
1044 1168 1122 1242 quod
1136 1168 1330 1229 dementibus

127 1264 200 1322 quos
209 1245 409 1322 superaverint
421 1265 504 1323 aquae
517 1253 657 1320 narratur,
672 1243 892 1320 intelligendum
906 1265 969 1304 esse
983 1245 1020 1304 de
1032 1247 1092 1306 illis
1111 1246 1266 1324 montibus,
1279 1250 1330 1326 qni

127 1325 356 1401 spectatoribus
370 1325 400 1382 in
410 1332 487 1383 terra
494 1324 624 1384 habitata
634 1324 844 1399 incolerentrr3
866 1324 968 1383 eadem
978 1323 1115 1385 facilitate
1123 1327 1260 1404 rejicitur,
1270 1347 1330 1404 qua

127 1405 218 1480 gratia
242 1411 272 1462 et
296 1404 357 1496 sinc
381 1402 567 1463 fundamento
588 1423 644 1495 pro
679 1403 765 1462 nitur.
807 1403 872 1496 Iuno
888 1403 1041 1480 Scripturas
1062 1412 1159 1497 aperte
1176 1414 1327 1483 repugnat,

127 1502 266 1640 test?
273 1483 620 1636 ltttttlttttt
635 1481 1005 1638 qffilil‘iils'ii
1012 1482 1327 1641 sisiimli'ltssi:

127 1641 193 1700 sitio
206 1641 379 1700 universalis
391 1661 450 1700 non
464 1641 550 1700 debet
569 1639 714 1717 restringi,
729 1639 786 1698 nisi
808 1639 839 1697 in
863 1639 927 1716 ipsa
950 1641 1098 1718 Scriptura
1114 1643 1246 1719 exceptio
1265 1641 1326 1718 liat,

28 1721 33 1732 '
126 1720 175 1778 vel
188 1721 262 1780 ratio
276 1719 436 1780 necessaria
449 1740 513 1780 eam
526 1727 673 1796 exposcat,
688 1737 753 1795 quae
766 1719 848 1778 nulla
859 1718 908 1778 hic
921 1719 1024 1779 datur:
1046 1720 1121 1779 Nam
1131 1741 1196 1798 quse
1209 1720 1333 1782 affertur

127 1799 163 1858 de
177 1799 292 1858 Enochi
306 1799 398 1858 salute
411 1807 512 1878 postea
525 1799 679 1859 refelletur.
723 1797 787 1856 Imo
807 1797 869 1875 ipse
883 1799 1077 1858 Bellarminus
1094 1819 1147 1858 sua
1159 1801 1258 1859 vineta
1271 1821 1325 1860 cae·

127 1877 199 1937 dens
213 1878 319 1938 fatetur
331 1887 440 1957 postea,
456 1897 545 1956 aquas
566 1878 597 1935 in
611 1876 782 1935 Paradisum
801 1885 975 1952 penemse,
991 1886 1020 1936 et
1034 1878 1059 1936 si
1073 1897 1131 1937 non
1144 1879 1261 1938 omnino
1275 1879 1326 1938 de·

126 1965 277 2033 sunctum,
292 1957 494 2018 detrimentum
515 1967 611 2016 tamen
625 1955 743 2032 aliquod
763 1955 916 2033 accepisse,
933 1956 986 2015 aed
998 1975 1057 2015 nou
1069 1957 1167 2032 totale,
1183 1958 1251 2034 quac
1269 1978 1327 2016 non

127 2039 276 2096 mutaverit
287 2039 369 2095 atam
383 2037 444 2112 loci,
459 2056 508 2096 aec
521 2037 597 2095 ot'ria
618 2043 871 2111 temperamentum,
886 2055 936 2093 nec
952 2037 1068 2094 arbores
1082 2056 1175 2095 omnes
1195 2038 1324 2095 eradica

127 2117 206 2192 verit,
220 2119 265 2175 ael
276 2117 432 2191 arefacere
1285 2163 1287 2168 .

165 2195 204 2254 V.
227 2195 369 2271 Secundo,
385 2194 460 2270 Quia
479 2195 590 2254 nullum
613 2192 736 2270 amplius
758 2192 865 2269 existit,
880 2193 929 2252 vel
951 2192 1174 2270 deprehenditur
1195 2193 1331 2255 Pontio

127 2274 291 2350 vestigium,
299 2273 722 2350 necinMesopotamiainqua,
730 2272 901 2347 utdiximus,
908 2272 1324 2350 probabilissimumcstfuisse,

14 2375 15 2378 ¹
126 2353 194 2430 quia
207 2354 346 2430 estregio
360 2353 561 2428 amoenissima,
577 2352 628 2410 ubi
640 2352 821 2429 reperiuntur
833 2351 954 2410 flumina
968 2351 1098 2412 Paradisi
1113 2353 1276 2431 Euphrates
1296 2362 1327 2412 et

126 2431 231 2508 Tigris,
247 2433 297 2492 ubi
318 2441 363 2492 est
386 2441 463 2492 terra
476 2434 561 2490 Edere
582 2451 646 2508 quae
659 2450 765 2490 nornen
786 2430 867 2489 dedit
888 2430 1034 2504 Paradiso,
1051 2432 1125 2491 Gen.
1140 2431 1170 2490 ii.
1186 2434 1213 2507 8,
1228 2432 1331 2492 vicina

126 2510 248 2586 charan,
263 2515 282 2569 2
297 2512 372 2589 Reg,
386 2512 450 2570 xix.
467 2513 512 2585 12,
529 2511 615 2569 Erec.
630 2510 723 2568 xxvii.
738 2513 790 2584 233
811 2529 865 2568 nec
878 2509 990 2587 uspiam
1004 2511 1083 2570 alibi.

164 2589 221 2650 VI.
243 2590 350 2665 Tertio,
367 2591 399 2649 Si
420 2589 575 2649 Paradisua
596 2589 713 2666 speciali
729 2589 882 2666 privilegio
896 2599 1083 2650 conservatus
1096 2589 1230 2650 fuisseta
1251 2592 1329 2665 Deo,

124 2677 153 2728 et
166 2669 302 2729 immunis
315 2671 353 2729 ab
377 2669 460 2747 aquis
474 2669 604 2744 Diluvii3
634 2667 741 2727 frustra
753 2669 890 2727 Noaehoe
912 2675 992 2727 tanto
1013 2677 1142 2747 tempore
1163 2678 1192 2728 et
1209 2679 1330 2748 sumptu*

125 2748 233 2807 Arcam
248 2749 426 2823 confecisset,
440 2749 571 2824 inquam
585 2766 616 2806 ee
630 2747 778 2823 reciperat,
790 2767 855 2806 cum
864 2745 948 2805 facile
958 2749 1100 2824 potuisset
1112 2748 1143 2806 in
1154 2749 1324 2807 Paradisum

125 2846 203 2966 curas¹²
204 2827 313 2886 familia
327 2847 387 2902 sua,
402 2837 432 2888 et
452 2827 563 2887 cateris
577 2826 779 2900 animantibus,
795 2826 927 2902 migrare,
943 2826 993 2884 ubi
1013 2835 1094 2887 tutus
1114 2825 1216 2886 misses
1229 2827 1266 2885 ab
1279 2828 1323 2884 in-

124 2926 165 2964 un
203 2908 290 2968 tione.

163 2986 239 3045 VII.
261 2987 377 3062 Quarto,
396 2971 427 3046 Si
442 2985 597 3044 Paradisus
612 2993 799 3044 conservatus
812 2991 865 3059 est,
880 2984 977 3060 eliqua
990 2982 1179 3061 proculdubio
1190 2983 1226 3042 da
1237 3002 1324 3042 eausa

123 3067 289 3124 conservari
302 3065 410 3142 debuit,
426 3074 455 3124 et
468 3066 499 3123 in
512 3065 638 3142 aliquem
651 3065 747 3122 finem
791 3063 849 3122 Sed
862 3063 941 3121 nulla
955 3063 1028 3121 ratio
1041 3070 1137 3140 potest
1150 3061 1214 3139 ejus
1230 3062 1321 3122 reddi.

123 3144 199 3203 Nam
213 3164 249 3204 aa
261 3165 349 3221 quam
363 3145 534 3204 Adversarii
547 3143 670 3220 fingunt,
684 3143 819 3202 nimirum
832 3149 866 3200 ut
880 3142 982 3200 Enoch
1001 3149 1031 3200 et
1044 3141 1125 3198 Elias
1139 3159 1173 3198 eo
1187 3141 1322 3200 nanasar-

122 3232 229 3298 rentur,
245 3233 277 3283 ut
291 3231 496 3302 congruentem
510 3243 563 3282 suo
577 3222 665 3282 statui
678 3221 776 3280 sedem
789 3221 936 3295 haberent,
952 3220 1043 3279 donec
1057 3228 1170 3296 tempus
1184 3227 1268 3295 esset,
1289 3229 1324 3280 ut

122 3322 188 3362 eum
202 3302 405 3363 Anti-Christo
420 3303 647 3380 congredientes,
659 3302 749 3360 vitam
764 3320 829 3359 cum
843 3308 934 3358 morte
949 3306 1165 3372 commutarent,
1176 3299 1267 3358 futilis
1278 3308 1324 3358 aet

122 3392 152 3440 et
165 3381 291 3442 absurda
304 3382 410 3458 fabula,
425 3402 490 3458 quae
504 3382 584 3440 nullo
595 3379 781 3440 fundamento
791 3379 901 3438 nititur.
943 3379 1072 3437 Dubium
1082 3377 1199 3454 quidem
1209 3398 1269 3438 non
1278 3389 1332 3438 est>

23 3492 26 3537 ι
122 3460 276 3520 Enochum
289 3470 318 3521 et
332 3462 428 3519 Eliam
441 3461 472 3518 in
486 3461 655 3519 Paradisum
669 3459 757 3518 fuisse
777 3458 940 3534 manshtos,
955 3458 1006 3516 ubi
1019 3457 1051 3515 in
1070 3467 1209 3517 aeternnm
1222 3457 1322 3518 vivere

122 3538 246 3616 debent,
270 3541 322 3599 sed
345 3540 471 3600 coelestis
492 3539 554 3614 fuit,
577 3548 805 3614 nantonense,
828 3537 984 3597 Paradisus
1004 3537 1114 3595 scilieet
1134 3537 1191 3611 ille,
1217 3538 1247 3594 in
1267 3557 1322 3612 quo

25 3648 28 3675 t
121 3620 232 3678 Porcius
245 3620 354 3678 audivit
365 3621 450 3678 verba
462 3617 562 3698 ἔρῥιπιι,
577 3627 610 3678 ut
625 3619 753 3677 irenaeus
765 3616 895 3694 loquitur
903 3617 954 3676 lib.
965 3636 994 3674 v.
1006 3635 1068 3692 cap.
1084 3620 1111 3688 7,
1122 3617 1191 3691 quia
1204 3616 1241 3672 de
1255 3615 1323 3672 Elia

122 3707 236 3758 constat
250 3718 316 3758 eum
340 3707 453 3775 raptum
476 3717 540 3757 csse
568 3697 599 3755 in
628 3698 734 3756 coelum
753 3697 784 3754 in
808 3695 931 3770 turbine,
957 3699 974 3752 2
1004 3695 1077 3770 ch.
1102 3693 1132 3751 ii.
1160 3695 1205 3766 11,
1228 3700 1257 3750 et
1284 3693 1320 3751 de

123 3776 244 3836 Enocho
254 3777 334 3854 quod
346 3778 504 3836 translatus
518 3776 564 3850 sit,
577 3777 687 3835 seilicet
701 3777 731 3833 in
745 3775 858 3850 coelum,
873 3794 910 3832 ne
924 3780 1045 3831 mortem
1059 3771 1178 3846 videret,
1189 3771 1267 3829 Hsb.
1278 3771 1319 3830 xi.

122 3857 154 3928 ὃς
169 3875 229 3915 non
239 3855 342 3949 fuisset
352 3865 448 3916 autern
456 3855 624 3915 mortalitati
638 3863 798 3933 exemptus,
810 3853 834 3911 si
845 3853 939 3912 adhuc
953 3851 982 3909 in
994 3848 1116 3909 Hedene
1125 3857 1321 3908 asservmetur

121 3933 372 4074 adffirltpnfflplis
388 4012 537 4091 Syracidis
550 4033 612 4090 cap.
627 4013 700 4072 xliv.
717 4015 763 4088 16,
778 4011 881 4072 asserit
894 4008 1011 4088 quidem
1024 4009 1171 4067 lineolam
1180 4006 1320 4083 pameas

120 4095 193 4168 Deo,
208 4102 237 4152 ct
249 4097 418 4153 traaalmam
429 4095 529 4170 fluisse,
545 4093 655 4152 scilicet
668 4111 706 4150 ex
719 4092 827 4151 mundo
848 4093 877 4149 in
898 4089 1012 4163 coelum,
1027 4087 1079 4146 sed
1092 4085 1320 4145 additamentum

26 4222 30 4231 .
120 4171 201 4248 illud,
217 4191 276 4249 quo
289 4173 395 4232 dicitur
408 4175 562 4232 cananea
575 4173 604 4231 in
617 4172 799 4244 Parodt'aum,
813 4189 872 4228 non
886 4176 967 4228 extat
979 4169 1010 4226 in
1025 4166 1129 4226 Codice
1141 4165 1252 4239 Graec,
1268 4164 1320 4224 sed

120 4251 260 4311 insertum
273 4261 319 4311 est
332 4272 350 4310 a
363 4251 401 4310 V.
417 4252 586 4328 Interprete,
602 4259 632 4310 ct
651 4271 669 4309 a
690 4250 818 4309 Concilio
831 4247 1001 4314 Tridentino
1018 4265 1167 4323 perperam
1180 4243 1319 4322 approba·

120 4338 191 4389 tum.
232 4331 321 4390 Adde
334 4331 415 4409 quod
428 4330 508 4389 aliud
521 4338 566 4390 est
578 4329 725 4389 mansferri
738 4329 769 4387 in
782 4327 955 4406 paradisum,
971 4325 1050 4385 alind
1062 4323 1210 4384 nausias-ri
1225 4322 1255 4380 in
1269 4343 1318 4400 pa·

120 4409 446 4549 fflmffiiimm
467 4409 548 4488 prins
561 4409 699 4469 assentur
711 4408 788 4487 apud
804 4407 971 4485 Syraeidem
990 4424 1028 4464 ax
1042 4404 1080 4464 V.
1094 4403 1245 4478 Versicne,
1268 4400 1320 4461 aad

162 4568 177 4625 I
214 4613 221 4628 .
245 4569 367 4629 Frustra
381 4567 583 4645 Bellarmiuus,
599 4575 631 4627 ut
643 4567 746 4644 probet
760 4565 993 4626 Anti-Christum
1007 4562 1134 4701 nondum
1148 4561 1272 4636 venisse,
1284 4579 1319 4618 na

1103 4660 1120 4699 u
