3152 5178
19 292 29 424 p
138 289 308 372 aum-14
591 312 951 371 pernoctaturum.
1318 293 1375 354 les

23 450 25 492 5
151 448 230 530 quod
248 456 368 514 narbam
380 459 432 516 eae
445 452 559 518 &rain
573 460 604 518 et
620 453 786 519 distinctam
805 454 861 520 Dei
881 455 985 532 ideam,
999 455 1026 516 si
1046 473 1104 532 qua
1119 453 1207 514 datur
1228 452 1259 516 iu
1278 453 1372 532 nobis,

158 552 215 592 non
227 551 265 591 ex
277 541 398 609 natura
414 552 483 611 quaa
502 553 556 610 per
575 543 724 612 peccatum
738 534 925 595 obtenebrata
938 544 983 595 est
997 545 1026 595 at
1040 543 1196 610 excaecata,
1210 533 1264 594 aed
1277 554 1315 594 ex
1328 555 1373 596 re-

159 611 302 674 velatione
316 614 539 690 mummuli
552 613 644 678 Verbi
656 614 773 682 demum
792 615 901 690 baberi,
916 615 947 674 iu
965 635 1024 693 qua
1039 615 1119 680 Deua
1133 623 1230 694 aperte
1244 634 1276 674 se
1289 615 1373 674 nobis

161 693 312 773 patdaeite
333 691 408 754 lieet
427 693 493 754 bac
513 693 578 772 ipae
591 695 718 772 cognitio
732 705 865 773 respectu
878 695 979 772 glorta
989 697 1158 760 sitientum
1173 694 1330 774 specularis
1343 703 1374 762 ot

163 774 353 852 migmatiaa,
368 773 410 834 id
424 773 595 852 imperfecta
607 775 703 840 adhue
716 783 746 840 et
759 775 846 838 valde
859 776 990 840 obscura

201 853 300 914 XIX.
331 853 462 916 Possunt
480 854 539 917 alia
560 870 621 917 aon
639 875 732 936 pauca
750 855 819 919 addi
838 864 1009 933 argumenta
1028 855 1067 920 nd
1090 854 1221 934 ejusdem
1241 854 1373 917 veritatis

162 933 432 996 mammonam:
452 934 484 995 A
497 938 775 1012 annuntiemur
788 945 816 999 et
831 955 907 1002 mere
919 936 1134 1014 ammonam
1144 935 1291 1011 ναέἱοίηἱὺ,
1307 955 1372 1012 qua

161 1015 251 1092 louge
263 1022 335 1075 anta
349 1021 488 1074 evanum
508 1014 627 1093 praedici
639 1035 698 1080 uon
711 1025 874 1094 -potiaruut
887 1016 1054 1092 acosma,
1069 1015 1126 1078 nisi
1139 1035 1157 1074 a
1170 1023 1266 1076 mente
1281 1015 1371 1074 omni·

161 1095 241 1156 aeia:
263 1093 316 1154 nb
329 1094 450 1154 auore
463 1113 636 1174 magnorum
649 1096 787 1160 Virorum
800 1097 924 1172 meua,
939 1096 990 1174 qui
1009 1097 1071 1158 siue
1085 1095 1183 1158 afflatu
1196 1095 1296 1155 divino
1310 1095 1373 1156 dari

162 1193 221 1314 ffi
231 1174 414 1270 patrissant:
432 1174 679 1318 Ab·impeffl
689 1176 1184 1334 cpnpppgimrnrilpppbptevepsiopgrps,
1195 1195 1269 1255 quaa
1275 1176 1372 1270 digito

235 1263 545 1332 cenurrgararesrsa
672 1279 680 1318 ι
951 1277 1096 1321 woesee
1158 1276 1293 1332 mpoaea
1326 1277 1372 1318 ua

162 1336 201 1394 ab
214 1335 320 1396 ultrice
341 1335 459 1394 Nemori
480 1275 668 1414 idfliguntur3
690 1344 720 1398 et
734 1335 764 1397 A
777 1337 921 1400 miraculae
935 1357 1000 1415 quaa
1018 1339 1107 1398 totius
1126 1345 1236 1397 natruae
1249 1276 1371 1398 vimqsu·

162 1425 277 1493 perant.
320 1415 394 1474 (inm
412 1414 491 1474 οιιίιιι
508 1416 582 1476 nihil
601 1417 679 1478 ultra
691 1417 769 1480 rirea
782 1437 851 1480 suas
864 1437 951 1496 agere
971 1418 1072 1496 possit,
1087 1425 1117 1479 et
1129 1416 1221 1476 multa
1234 1416 1373 1479 miracula

162 1495 443 1636 idibem
463 1495 1173 1640 iffldisiibiidffliifflidiiidid
1187 1496 1373 1639 iiiiii&

162 1657 260 1734 majus
281 1663 311 1714 et
331 1619 524 1794 prffiaritine,
546 1657 629 1735 cujus
649 1656 751 1718 virtuti
763 1597 1007 1720 iammbmptin:
1031 1657 1111 1735 quod
1127 1622 1187 1717 nori
1207 1656 1287 1718 aliud
1309 1676 1372 1718 eaeo

201 1743 261 1796 test
294 1755 362 1795 nam
422 1754 467 1794 ua.
580 1787 583 1794 .

161 1755 295 1876 poxxp
307 1815 381 1874 Hac
391 1833 463 1874 vero
476 1822 507 1874 at
519 1814 625 1876 similia
634 1824 805 1894 argumenta
817 1837 855 1876 ex
870 1817 996 1896 Operum
1008 1816 1182 1878 Divinarum
1196 1817 1371 1894 contempla.

161 1896 252 1972 tione,
268 1903 298 1956 et
310 1915 348 1954 ex
361 1894 428 1954 imis
448 1901 558 1955 natira
571 1896 767 1973 penetralibus
780 1905 870 1972 eruta,
885 1897 991 1974 quibus
1004 1896 1165 1974 blasphemi
1179 1897 1228 1956 isti
1248 1897 1373 1972 talpam

160 1973 281 2035 eonbdi
293 1981 423 2053 possunt,
440 1974 644 2036 confirmantur
657 1976 833 2036 luculentius
846 1976 985 2038 exVorbi
994 1975 1184 2052 irrefragabili
1193 1977 1371 2051 testimonio;

159 2055 243 2134 quod
256 2075 323 2115 curn
339 2054 510 2114 Divinitatis
524 2073 583 2115 suas
596 2055 725 2116 illustres
748 2064 833 2116 notas
845 2075 906 2132 prae
919 2075 951 2116 aa
965 2055 1046 2130 ferat,
1071 2065 1106 2116 ut
1118 2063 1204 2120 antea
1216 2054 1321 2130 deum,
1343 2063 1373 2116 et

161 2136 261 2204 Deum
275 2135 427 2194 authorem
440 2153 526 2194 nrum
538 2136 646 2212 passim
660 2135 806 2213 predicat,
821 2136 896 2198 bano
910 2135 1126 2214 persuasionem
1139 2135 1170 2194 in
1184 2133 1288 2198 animis
1300 2133 1372 2194 fide·

159 2215 236 2276 lium
248 2215 396 2274 indelebili
411 2215 576 2275 charactere
589 2215 735 2292 insculpit.

203 2294 300 2354 XXI.
315 2293 398 2353 Addi
405 2303 528 2372 possunt
537 2304 566 2355 et
577 2296 641 2354 hae
654 2302 825 2372 argrnnenta
838 2293 876 2356 ad
888 2294 1043 2370 bominem,
1055 2314 1120 2371 qna
1134 2293 1264 2355 Athenin
1277 2293 1372 2371 ipsum

159 2383 416 2519 ffipfflmi
428 2373 657 2514 fflendun
669 2375 911 2518 Νυωιοῳὲἶίξοέε
920 2375 978 2436 Dei
987 2375 1118 2518 ipsinatiet
1132 2374 1372 2514 Rplligionisfirein·

307 2473 404 2530 cansa,
545 2473 743 2532 ampuriae
777 2475 797 2516 n
933 2474 993 2518 sure
1093 2475 1119 2516 a.
1190 2474 1276 2514 amer
1337 2474 1373 2514 us

161 2555 221 2594 non
235 2543 288 2610 est7
308 2534 389 2594 nulla
403 2533 573 2612 Republica,
596 2535 678 2594 nulla
701 2535 830 2596 Societas
850 2536 881 2594 in
904 2475 1098 2594 mundogidta
1119 2535 1190 2612 erit;
1214 2534 1289 2610 Quia
1310 2534 1372 2598 sino

161 2615 279 2691 virtute,
295 2615 357 2674 aine
372 2613 527 2692 Religiona
540 2614 614 2674 nihil
632 2621 728 2676 tutum
748 2635 811 2676 esee
831 2624 944 2694 potant:
965 2615 1009 2676 At
1029 2615 1054 2675 si
1070 2616 1150 2676 Deus
1170 2635 1229 2674 non
1243 2621 1296 2690 eat,
1318 2633 1373 2674 neo

159 2696 257 2755 virtus
268 2713 323 2754 nae
336 2693 455 2772 Religio
469 2701 522 2754 aet.
564 2693 642 2769 Quid
655 2694 710 2758 erit
722 2695 847 2757 mimdus
867 2695 925 2755 nisi
937 2715 1048 2758 merum
1061 2695 1253 2770 buccinium,
1268 2694 1299 2754 in
1313 2713 1372 2771 qno

159 2776 265 2854 urique
279 2773 359 2852 qued
371 2773 477 2833 libabit
489 2772 596 2850 licebit,
612 2773 643 2832 in
656 2794 714 2851 quc
727 2775 840 2835 nullum
859 2774 904 2836 las
918 2784 969 2836 ant
981 2775 1063 2836 nefas
1076 2776 1139 2850 elit,
1154 2775 1267 2836 nullum
1280 2775 1371 2852 impe·

159 2855 244 2919 rudi
260 2857 320 2934 jus,
334 2853 418 2914 nulla
435 2852 591 2914 obediendi
609 2855 776 2930 necessitas,
791 2855 822 2914 in
836 2873 894 2932 qno
913 2855 1039 2933 optimus
1057 2856 1112 2916 erit
1125 2855 1176 2932 qui
1190 2855 1369 2930 vaferrimus,

158 2944 190 2996 at
214 2936 352 2996 dominus
377 2933 430 3012 qui
451 2933 676 3011 potentissima
718 2935 808 2994 Nullo
835 2933 926 2994 fraeno
950 2935 1144 2996 continebitur
1167 2934 1371 3012 imperantium

158 3016 285 3090 hanua,
302 3024 331 3075 et
345 3013 527 3074 subditorum
540 3013 669 3090 rebellio,
692 3033 744 3074 sno
759 3013 881 3091 quisque
895 3014 992 3074 auimo
1005 3014 1122 3091 impune
1137 3013 1253 3074 serviet
1295 3013 1371 3074 Rur-

160 3115 210 3158 sus
223 3096 250 3155 ai
264 3097 420 3154 Densum
434 3101 487 3169 eat,
501 3113 586 3153 uerno
600 3094 765 3156 mortalium
778 3093 828 3152 vel
841 3092 879 3152 ad
891 3101 1069 3154 momentum
1088 3100 1170 3154 tutuo
1190 3100 1240 3152 aut
1254 3110 1372 3152 seeum

160 3176 345 3254 compotorit
358 3193 377 3232 a
390 3173 431 3248 vi,
452 3193 471 3232 a
487 3172 598 3251 frande,
612 3173 780 3253 aperjurio,
795 3192 814 3232 a
827 3171 915 3248 cade,
930 3193 949 3232 a
962 3173 1112 3250 sanguine.
1155 3171 1292 3230 Inhoras
1312 3171 1371 3231 sins

160 3256 246 3334 gulas
258 3255 357 3314 omnia
370 3253 525 3314 metuenda
538 3262 641 3314 eumt:
665 3253 786 3317 Sublato
808 3253 885 3314 enirn
907 3252 1077 3312 Divinitatie
1101 3251 1193 3328 obice,
1216 3251 1282 3328 quie
1303 3249 1373 3312 fidei

161 3345 192 3401 et
200 3335 373 3395 innocentiae
384 3333 501 3393 dabitur
513 3334 614 3394 locus?
627 3333 698 3411 qnid
710 3333 837 3396 licentiae
850 3341 901 3394 aut
914 3333 1060 3394 violentia
1073 3353 1132 3392 neu
1145 3331 1275 3410 patebit?
1295 3331 1371 3392 Nam

162 3415 258 3494 quoad
270 3415 368 3475 edicta
380 3415 516 3488 bumana,
541 3423 732 3491 preterquam
754 3413 832 3491 quod
854 3412 982 3474 animrnu
1003 3413 1034 3472 iu
1055 3413 1159 3474 melius
1179 3421 1291 3474 muare
1312 3432 1371 3472 non

161 3503 291 3573 pessunt,
307 3495 360 3554 aad
372 3501 474 3554 annua
486 3513 552 3552 enm
566 3493 692 3554 reddunt
705 3494 828 3570 vafrum,
842 3501 873 3556 et
886 3494 916 3554 in
930 3511 1030 3554 omnes
1044 3493 1163 3556 fallendi
1182 3501 1260 3554 arms
1273 3493 1368 3552 inten-

163 3583 242 3651 arm
263 3575 330 3653 quis
344 3573 462 3633 dabitur
474 3573 576 3633 edictis
589 3573 724 3634 humanis
736 3573 827 3650 locus,
850 3575 875 3634 si
895 3574 1009 3634 sublato
1030 3573 1164 3637 Numinis
1185 3593 1281 3650 sensu,
1302 3591 1371 3636 cou-

166 3655 285 3716 scientia
294 3655 370 3735 justi
383 3663 413 3714 at
427 3653 529 3731 injusti
542 3654 684 3713 rationem
697 3673 811 3714 omnem
825 3655 926 3716 exuit?

164 3777 166 3784 ,
467 3733 580 3793 XXII.
603 3733 685 3793 Licet
700 3733 780 3794 Deus
798 3754 856 3794 non
877 3741 975 3812 pateat
989 3734 1121 3794 sensibus
1135 3730 1372 3810 comprehensiva

198 3799 368 3904 fmflfflfflu·
426 3821 460 3872 ut
473 3820 518 3872 est
531 3813 562 3871 in
576 3832 616 3888 se,
630 3814 839 3890 apprehensive
853 3823 949 3874 tamen
963 3822 1059 3892 potest
1072 3813 1189 3892 percipi,
1211 3819 1297 3888 prout
1310 3811 1370 3902 elu-

427 3901 474 3951 cet
486 3891 518 3949 in
532 3892 683 3970 Operibus,
699 3893 815 3954 ridetur
827 3894 858 3956 in
872 3894 972 3972 signis,
987 3893 1103 3953 auditur
1115 3893 1146 3950 in
1155 3891 1263 3964 Verbo,
1278 3909 1371 3947 mam·

167 3968 284 4030 iactatur
296 3971 328 4029 in
340 3970 432 4030 totius
446 3971 585 4031 Universi
598 3972 715 4032 fabrica.
757 3977 785 4034 2.
809 3973 898 4032 Falso
920 3973 1091 4050 supponitur
1111 3970 1185 4029 nihil
1198 3989 1261 4028 esee
1275 3969 1307 4026 in
1327 3967 1370 4024 in-

167 4049 289 4126 tellectu,
304 4049 384 4128 quod
397 4053 478 4128 prius
491 4071 550 4110 non
569 4051 656 4112 buerit
668 4053 699 4112 in
719 4073 815 4117 sensu.
857 4053 932 4114 Nam
952 4051 1128 4114 universalia
1148 4057 1216 4108 aunt
1236 4048 1266 4105 in
1286 4047 1370 4106 intel·

167 4127 250 4206 lectur,
265 4139 295 4190 et
308 4149 458 4207 nunquam
480 4129 595 4191 bierunt
618 4132 649 4189 in
673 4153 777 4194 sensu:
799 4132 908 4191 Anima
931 4131 1116 4208 cognoscitur
1136 4136 1212 4186 utet
1226 4127 1370 4203 Angelus,

168 4225 220 4268 uec
239 4219 337 4270 tamen
359 4211 525 4270 sentiuntur
546 4213 594 4271 rel
618 4211 754 4272 videntur
775 4212 832 4273 uisi
855 4231 893 4272 ex
915 4209 1034 4272 effectis.
1076 4207 1184 4283 Quidni
1206 4227 1275 4284 ergo
1291 4207 1372 4266 Deus

169 4298 260 4382 mente
273 4289 437 4350 certissime
449 4299 648 4385 cognoscatur,
664 4311 751 4369 quam
763 4311 817 4351 neo
836 4291 935 4383 oculu·
946 4309 1001 4350 noo
1019 4289 1084 4348 aliia
1098 4287 1225 4366 eorporis
1239 4286 1371 4346 sensibus

171 4371 996 4521 wrdffiriliodsliddmisixddrierddffiriiodeboeiiniiibbs
1022 4457 1207 4530 apparentem
1221 4449 1251 4506 in
1264 4447 1373 4508 mundo

168 4539 294 4607 respectu
308 4529 414 4604 nostri,
428 4529 507 4606 quod
519 4530 721 4608 concedimus;
743 4529 836 4590 Aliud
859 4550 924 4592 esee
946 4549 1045 4590 veram
1068 4537 1098 4590 at
1121 4529 1228 4590 realem
1241 4549 1279 4592 ox
1292 4535 1374 4607 parte
