3158 5190
253 321 311 382 112
721 341 813 386 aeone
827 339 989 384 sncnsnos.
1264 315 1385 397 [crass.
1400 335 1470 376 nm.

251 499 336 541 nemo
351 480 502 558 intelligat.
540 479 598 541 Sed
613 481 660 541 hic
673 480 800 540 mirabili
815 479 870 540 Dei
885 479 979 559 grstia
992 477 1110 552 facturn,
1125 483 1158 536 ut
1172 475 1281 536 divisio
1293 475 1470 570 linguarum,

251 580 316 636 qua
330 561 399 619 olim
413 560 623 620 maledictionis
637 561 730 621 fluerat
744 562 868 638 signum,
886 561 948 638 jam
963 557 1174 618 benedictionis
1188 557 1317 616 coelesns
1332 565 1469 650 srtargu·

251 648 387 715 mentum,
403 660 467 717 quae
479 639 516 699 ad
527 641 751 701 destructionem
762 640 881 701 Babelis
892 639 1010 698 inducta
1021 637 1122 714 fuerat
1134 637 1198 715 jam
1208 637 1248 695 ad
1258 645 1470 697 extructionem

253 719 349 778 Sionis
363 720 493 796 mysticae
506 729 669 798 usurpetur.
1436 798 1442 810 Ι

291 797 353 858 111.
374 803 403 858 2.
426 799 500 874 Quia
524 800 718 878 Evangelium
739 800 770 858 in
784 799 918 858 omnibus
931 797 1041 876 linguis
1054 795 1244 874 praedicatum
1258 805 1312 873 est,
1337 797 1416 876 Ergo
1435 819 1469 856 ιιι

250 897 350 936 omnes
364 877 480 956 linguas
494 879 569 939 verti
587 887 726 958 potestat
740 879 845 938 debet:
866 880 990 956 Conscq.
1012 878 1123 970 valeta
1137 877 1237 936 Verbo
1258 877 1415 954 praedicato
1428 879 1469 936 ad

252 956 404 1034 scriptum3
419 959 488 1035 quia
498 959 599 1018 eadem
612 968 657 1052 est
670 957 1466 1096 ummuedmffbglslffuffilggsffifflaglissffi

250 1035 335 1174 hiddi
348 1039 923 1210 ddtdrlrmdbblsldllaerllddalddlhdroelihgua
937 1117 1112 1210 scripserint,
1128 1116 1336 1209 nonaequitnr
1348 1116 1379 1174 in
1392 1117 1465 1209 alias

248 1213 307 1252 non
321 1214 385 1253 esse
401 1196 580 1274 Scripturam
593 1198 771 1273 vertendam,
786 1197 856 1275 qnia
876 1197 935 1256 alra
954 1205 1028 1256 retro
1049 1206 1095 1256 eat
1110 1197 1258 1270 Fontrum,
1273 1195 1333 1254 alra
1346 1196 1462 1254 Versio-

249 1292 337 1332 num:
360 1275 469 1335 Fontes
483 1297 542 1336 una
554 1285 667 1336 tantum
681 1277 782 1354 lingua
790 1276 904 1336 exarari
918 1275 1089 1351 debuerunt,
1105 1285 1135 1335 et
1148 1284 1303 1353 propterea
1318 1275 1461 1353 Apostoli,

247 1361 280 1410 ut
295 1352 437 1414 Doctores
450 1356 629 1416 universales
640 1357 788 1432 Ecclesia,
813 1375 872 1414 non
892 1355 950 1414 alia
963 1375 1051 1433 quam
1071 1354 1231 1414 universali
1244 1364 1275 1415 et
1289 1357 1462 1414 communis·

247 1431 320 1490 sima
333 1433 442 1511 lingua,
458 1455 523 1513 qua
538 1436 642 1496 Graeca
663 1444 725 1495 erat
746 1444 816 1494 tnnc
829 1435 975 1512 temporis,
999 1435 1124 1494 scribere
1138 1434 1311 1528 debuerunt,
1328 1443 1361 1494 ut
1374 1435 1414 1494 V.
1428 1436 1461 1494 Τ.

246 1510 326 1588 quod
339 1512 362 1571 J
363 1512 454 1573 udaia
468 1514 674 1590 destinabatur,
689 1515 790 1592 lingua
801 1514 927 1573 Hebraea
941 1513 1012 1592 ipsis
1025 1514 1183 1574 vernacula
1196 1523 1395 1592 conscriptum
1409 1525 1461 1574 est.

247 1589 307 1648 Sed
320 1591 371 1685 ubi
394 1613 465 1654 usus
487 1594 598 1656 Graeca
619 1595 728 1674 linguas
742 1594 836 1670 desiit,
860 1593 1052 1654 Versionihus
1074 1613 1148 1671 opus
1169 1593 1226 1654 finit
1243 1593 1283 1653 ad
1306 1595 1463 1672 Evangelii

246 1689 514 1813 prpprompmffim
538 1761 674 1814 constans
689 1753 894 1830 Ecclesiarum,
913 1754 1002 1832 juxta
1014 1773 1102 1831 quam
1116 1761 1229 1814 certum
1243 1761 1289 1812 est
1311 1753 1461 1812 Ecclesiae

244 1835 307 1888 tum
322 1829 484 1892 Orientales
497 1841 560 1894 tum
574 1833 774 1895 Occidentales
788 1833 947 1894 Versiones
961 1853 1029 1892 suas
1049 1832 1241 1948 hahuisse„et
1255 1833 1461 1971 sacrpnllingu:

244 1909 721 2070 tttt.ltt¹ttlttltlzttt
730 1913 1321 2070 tttthttt‘ttlttttstt
1336 1933 1459 2052 alig..

244 2066 309 2127 duae
324 2068 432 2131 fuerint
449 2073 650 2133 memorabiles
668 2073 786 2166 Israelis
805 2072 1007 2166 dispersiones,
1024 2092 1083 2132 una
1096 2071 1174 2150 apud
1186 2071 1350 2166 Chaldaeos,
1367 2072 1459 2168 altera

243 2147 457 2288 tritten
640 2153 809 2290 mn
821 2150 1457 2306 rnnrntrtanlrmrn

241 2244 352 2362 lta-cea
367 2277 513 2367 adonlatae
527 2251 680 2368 fueruntglh
689 2310 813 2386 gratiam
826 2251 926 2386 pnpilli
936 2311 1069 2370 rudioris.
1102 2311 1141 2370 Et
1151 2311 1250 2389 quoad
1264 2311 1456 2390 Thargumim

238 2381 337 2457 plures
351 2381 476 2444 fuerunt
520 2387 617 2445 Primo
631 2388 756 2447 occurrit
764 2390 961 2465 Paraphraarh
972 2391 1142 2466 Cbuldot'ca,
1157 2392 1334 2450 Jonartana
1345 2391 1457 2452 Uziclis

238 2458 436 2537 filiidiscipuli
451 2464 577 2540 Hillelis,
595 2465 738 2525 Simeonis
752 2467 899 2544 coaetanei,
912 2470 963 2546 qui
973 2470 1050 2552 vixit
1060 2473 1100 2529 40
1114 2470 1198 2530 annis
1212 2479 1280 2530 ante
1296 2471 1458 2532 Christum.

240 2537 271 2595 Is
285 2557 351 2595 cum
365 2539 478 2601 videret
491 2542 622 2620 linguam
635 2565 706 2622 pure
724 2546 880 2606 Hehraeam
902 2549 1043 2626 paulatim
1065 2548 1144 2608 abire
1166 2550 1198 2608 in
1220 2550 1456 2626 desuetudinem,

236 2624 266 2674 et
280 2617 389 2675 versari
403 2620 497 2680 solum
519 2622 550 2680 in
573 2642 629 2682 usu
653 2623 823 2702 doctiorum,
839 2625 1012 2687 Versionem
1027 2629 1215 2688 Chaldaicam
1230 2629 1398 2707 edomavit,
1420 2651 1459 2690 ne

236 2693 344 2770 vulgus
358 2703 439 2756 tanto
454 2699 672 2763 defraudaretur
685 2705 841 2781 thesaur03
865 2707 912 2764 Ex
927 2727 962 2766 eo
975 2708 1117 2768 habemus
1131 2709 1306 2768 Versionem
1323 2710 1456 2788 Prophe-
1569 2725 1570 2741 ¹

234 2780 329 2832 tarum
350 2775 479 2850 priorum
501 2787 530 2838 et
552 2783 752 2857 posteriorum.
795 2785 849 2844 Cui
867 2787 996 2862 Onkcloa
1019 2789 1070 2865 qui
1092 2796 1159 2866 post
1180 2789 1330 2848 Christum
1346 2789 1455 2866 floruit,

234 2859 263 2910 et
278 2850 432 2912 Gamalicli
446 2855 500 2918 fuit
515 2857 659 2940 chymera,
674 2862 787 2923 addidit
801 2865 1018 2925 translationem
1035 2867 1235 2926 Pentateuchi.
1259 2869 1456 2946 Paraphrasis
1568 2903 1569 2915 ι

234 2929 321 2989 etiam
336 2941 434 2994 exstat
448 2936 732 3018 Hagiographorum,
748 2942 800 3002 sed
814 2943 850 3002 de
866 2945 986 3004 authore
1000 2945 1074 3004 nihil
1088 2947 1160 3005 certi
1175 2947 1307 3008 habetur.
1339 2949 1456 3008 Extant

233 3017 373 3088 praeterea
394 3013 552 3079 Versiones
576 3021 712 3097 Syriacae,
737 3021 880 3099 Arabica,
908 3024 1040 3099 Persicas,
1065 3025 1253 3104 AEthiopicae,
1278 3027 1332 3086 aad
1355 3029 1454 3088 minna
1567 3079 1568 3084 ,

233 3089 347 3148 usitatae
362 3100 391 3151 et
405 3097 538 3172 cognite.
561 3099 663 3175 Quoad
679 3101 715 3160 N.
725 3101 805 3162 Test.
820 3103 906 3162 datur
916 3105 1079 3164 Translctio
1088 3105 1221 3182 Syriaca,
1234 3126 1300 3183 quae
1315 3117 1455 3167 censetur

232 3187 306 3246 opus
319 3188 383 3229 esse
397 3175 639 3256 antiquissimum,
661 3181 908 3259 etaquihusdam
933 3183 1073 3242 Ecclesia
1098 3183 1293 3244 Antiochense
1318 3188 1453 3248 nascenti
1566 3243 1567 3263 ,

231 3246 397 3386 mlllltllras
411 3343 572 3406 sequuntur
586 3337 744 3398 Versiones
758 3341 869 3400 Graeca
883 3342 923 3400 V.
938 3342 972 3401 T.
987 3363 1053 3421 qua
1073 3343 1162 3402 etiam
1177 3352 1246 3404 sunt
1260 3345 1449 3424 multiplices.

232 3400 330 3458 Prima
343 3405 570 3472 celebratissima
583 3424 628 3475 est
647 3419 744 3476 Verrio
758 3421 858 3480 LXX.
873 3441 939 3499 quae
954 3422 1008 3481 snb
1023 3423 1106 3500 Rege
1121 3421 1283 3484 Ptolomaeo
1299 3425 1449 3485 Philadal·
1565 3419 1566 3439 ²

229 3478 287 3554 pho
302 3479 430 3560 AEgypti
445 3487 536 3564 Rege,
552 3495 612 3552 300
634 3493 749 3555 circiter
770 3508 837 3558 ante
853 3501 999 3560 Christum
1013 3501 1096 3560 annis
1121 3500 1199 3562 iacta
1212 3512 1267 3563 est.
1312 3505 1450 3565 Secunda

228 3557 340 3634 Aquila
359 3563 472 3622 Pontici
490 3569 545 3626 sub
566 3570 699 3632 Adriano
720 3575 907 3655 Imperatore,
929 3599 1006 3638 anno
1021 3581 1053 3640 C.
1071 3583 1138 3656 13⁷,
1157 3582 1210 3658 qui
1223 3583 1309 3644 initio
1325 3585 1449 3645 Graecus
1564 3599 1565 3613 ¹

228 3636 376 3715 religione,
392 3652 458 3718 post
473 3645 662 3726 Christianam,
678 3673 744 3710 cum
758 3654 796 3713 oh
817 3657 951 3717 insanum
967 3659 1145 3737 Astrologiae
1166 3661 1297 3722 studium
1313 3663 1449 3724 Ecclesia

228 3728 400 3794 moveretur,
416 3722 483 3781 odio
499 3723 727 3790 Christianorum
748 3733 846 3795 deficit
866 3737 905 3795 ad
925 3738 1056 3814 Judaeos,
1072 3749 1102 3798 et
1116 3739 1155 3799 V.
1170 3740 1205 3800 T.
1221 3743 1312 3802 vertit
1326 3753 1361 3803 ut
1376 3743 1446 3804 Ora-

226 3795 293 3853 cula
303 3795 339 3857 de
354 3799 468 3860 Christo
482 3817 686 3883 connmperat
721 3813 750 3870 3.
767 3815 963 3876 dheodotionis
976 3817 1027 3893 qui
1041 3818 1095 3877 suh
1110 3819 1272 3880 Commodo
1286 3822 1367 3882 vixit
1380 3843 1446 3881 ann.
1562 3875 1563 3880 .

228 3871 260 3932 C.
278 3877 344 3954 184,
367 3887 397 3937 et
410 3900 516 3957 genere
531 3884 678 3964 Ponticus,
702 3890 843 3969 religione
866 3895 1049 3972 Marcionita,
1072 3907 1175 3974 postea
1198 3899 1327 3962 Judaeus
1352 3902 1448 3962 factus

226 3969 332 4013 noram
347 3957 518 4020 Versionem
532 3965 654 4042 paravit,
669 3967 700 4026 in
713 3989 772 4106 (pua
793 3975 923 4050 sequitur
943 3983 975 4034 ut
988 3975 1146 4052 plurimum
1160 3978 1268 4040 LXX.
1312 3984 1342 4040 4.
1364 3983 1445 4058 Sann-
1561 4045 1562 4048 ,

226 4033 320 4090 macti
330 4036 386 4126 ⁸sub
410 4037 561 4102 Antonino
584 4053 614 4103 et
636 4046 717 4107 Aure
731 4049 758 4107 'o
780 4050 860 4111 Vero
875 4053 1052 4132 Imperatore
1077 4056 1155 4115 circa
1168 4059 1374 4136 ann.C.197,
1397 4061 1447 4138 qni

227 4105 424 4176 Samaritanus
448 4119 550 4198 primo,
574 4143 645 4183 mox
666 4126 791 4189 Judaeus
812 4131 906 4192 sactus
920 4133 958 4192 V.
973 4133 1007 4192 T.
1023 4135 1180 4212 transtulit,
1196 4146 1230 4198 ut
1246 4138 1447 4200 Samaritanae

134 4223 137 4230 .
226 4185 395 4278 confutaret.
438 4197 551 4280 Quibus
564 4203 628 4262 alia
642 4204 789 4268 adduntur
799 4210 864 4270 dua
878 4211 980 4271 incerti
994 4213 1133 4291 authoris,
1149 4236 1208 4274 una
1222 4219 1445 4279 Hierichuntina

226 4262 362 4356 ¹¹¹.‘¹⁰¹¹⁰.
380 4270 506 4336 Inventa
518 4300 608 4358 prope
631 4283 833 4347 Jerichuntem
858 4291 913 4349 sub
938 4291 1087 4350 Caracalla
1111 4313 1157 4352 an.
1175 4295 1209 4354 C.
1224 4299 1295 4356 220.
1340 4299 1444 4359 Altera

226 4335 430 4410 Nw⁰P⁰lttaaa
443 4367 556 4428 reperta
578 4361 665 4419 etiam
687 4384 776 4442 prope
800 4368 964 4446 Nicopolim
988 4369 1042 4428 suh
1058 4371 1231 4433 Alexandro
1248 4377 1361 4436 Severo
1376 4399 1441 4437 ann.

253 4416 344 4473 ,230
387 4421 435 4480 Ex
449 4431 555 4501 quibus
570 4440 703 4500 omnibus
718 4443 793 4504 inter
807 4448 960 4524 sejunctis
977 4450 1113 4526 Origenes
1127 4453 1275 4532 Tetrapla,
1293 4456 1440 4536 Ilexapla
1558 4499 1559 4554 ,

226 4485 348 4622 gpltppla
361 4513 414 4554 sua
428 4509 623 4606 concinnavit.
661 4519 797 4598 Tetrapla
816 4527 1004 4586 continebant
1016 4538 1141 4604 quatuor
1155 4532 1317 4594 Versiones
1332 4555 1443 4614 groecaa

301 4585 346 4624 em
374 4573 516 4641 columnis
538 4587 698 4670 distinctas,
729 4599 832 4677 LXX,
863 4605 989 4682 Aquila,
1016 4607 1194 4686 Symmachi,
1219 4611 1441 4677 Theodoticnis.
