<?xml version="1.0" encoding="UTF-8"?>
<!DOCTYPE html PUBLIC "-//W3C//DTD XHTML 1.0 Transitional//EN"
    "http://www.w3.org/TR/xhtml1/DTD/xhtml1-transitional.dtd">
<html xmlns="http://www.w3.org/1999/xhtml" xml:lang="en" lang="en">
 <head>
  <title>
</title>
<meta http-equiv="Content-Type" content="text/html;charset=utf-8" />
  <meta name='ocr-system' content='tesseract 3.04.00' />
  <meta name='ocr-capabilities' content='ocr_page ocr_carea ocr_par ocr_line ocrx_word'/>
</head>
<body>
  <div class='ocr_page' id='page_1' title='image "./francisciturret01pictgoog_0069.png"; bbox 0 0 3160 5194; ppageno 0'>
   <div class='ocr_carea' id='block_1_1' title="bbox 244 351 1452 435">
    <p class='ocr_par' dir='ltr' id='par_1_1' title="bbox 244 351 1452 435">
     <span class='ocr_line' id='line_1_1' title="bbox 244 351 1452 435; baseline -0.002 -16"><span class='ocrx_word' id='word_1_1' title='bbox 244 357 281 419; x_wconf 78' lang='lat' dir='ltr'><strong>tl</strong></span> <span class='ocrx_word' id='word_1_2' title='bbox 739 367 829 416; x_wconf 82' lang='lat' dir='ltr'><strong>toous</strong></span> <span class='ocrx_word' id='word_1_3' title='bbox 844 373 961 415; x_wconf 79' lang='lat' dir='ltr'><strong>rannus.</strong></span> <span class='ocrx_word' id='word_1_4' title='bbox 1259 351 1390 435; x_wconf 72' lang='lat' dir='ltr'><strong>[ouasr.</strong></span> <span class='ocrx_word' id='word_1_5' title='bbox 1406 373 1452 416; x_wconf 74' lang='lat' dir='ltr'><strong>ru.</strong></span> 
     </span>
    </p>
   </div>
   <div class='ocr_carea' id='block_1_2' title="bbox 238 501 1453 757">
    <p class='ocr_par' dir='ltr' id='par_1_2' title="bbox 238 501 1453 757">
     <span class='ocr_line' id='line_1_2' title="bbox 238 501 1451 598; baseline -0.002 -20"><span class='ocrx_word' id='word_1_6' title='bbox 238 519 301 598; x_wconf 86' lang='lat' dir='ltr'><strong>agit</strong></span> <span class='ocrx_word' id='word_1_7' title='bbox 321 517 357 579; x_wconf 90' lang='lat' dir='ltr'><strong>de</strong></span> <span class='ocrx_word' id='word_1_8' title='bbox 372 515 546 592; x_wconf 75' lang='lat' dir='ltr'>Gentilibus,</span> <span class='ocrx_word' id='word_1_9' title='bbox 562 514 613 574; x_wconf 90' lang='lat' dir='ltr'><strong>sed</strong></span> <span class='ocrx_word' id='word_1_10' title='bbox 634 514 670 574; x_wconf 89' lang='lat' dir='ltr'><strong>de</strong></span> <span class='ocrx_word' id='word_1_11' title='bbox 684 513 815 592; x_wconf 74' lang='lat' dir='ltr'><strong>Jonas,</strong></span> <span class='ocrx_word' id='word_1_12' title='bbox 837 533 911 592; x_wconf 87' lang='lat' dir='ltr'><strong>quoa</strong></span> <span class='ocrx_word' id='word_1_13' title='bbox 932 515 986 572; x_wconf 88' lang='lat' dir='ltr'><strong>hoe</strong></span> <span class='ocrx_word' id='word_1_14' title='bbox 1008 501 1102 593; x_wconf 86' lang='lat' dir='ltr'><strong>capita</strong></span> <span class='ocrx_word' id='word_1_15' title='bbox 1116 513 1287 574; x_wconf 79' lang='lat' dir='ltr'>convincere</span> <span class='ocrx_word' id='word_1_16' title='bbox 1301 513 1367 576; x_wconf 83' lang='lat' dir='ltr'><strong>vult</strong></span> <span class='ocrx_word' id='word_1_17' title='bbox 1380 535 1451 595; x_wconf 87' lang='lat' dir='ltr'><strong>pec-</strong></span> 
     </span>
     <span class='ocr_line' id='line_1_3' title="bbox 239 593 1453 674; baseline -0.003 -16"><span class='ocrx_word' id='word_1_18' title='bbox 239 599 305 674; x_wconf 83' lang='lat' dir='ltr'><strong>cati,</strong></span> <span class='ocrx_word' id='word_1_19' title='bbox 322 607 362 670; x_wconf 88' lang='lat' dir='ltr'><strong>ut,</strong></span> <span class='ocrx_word' id='word_1_20' title='bbox 378 599 440 673; x_wconf 85' lang='lat' dir='ltr'><strong>cap.</strong></span> <span class='ocrx_word' id='word_1_21' title='bbox 457 599 482 670; x_wconf 93' lang='lat' dir='ltr'><strong>l,</strong></span> <span class='ocrx_word' id='word_1_22' title='bbox 506 595 646 654; x_wconf 88' lang='lat' dir='ltr'><strong>Ethnicos</strong></span> <span class='ocrx_word' id='word_1_23' title='bbox 663 593 725 672; x_wconf 88' lang='lat' dir='ltr'><strong>jam</strong></span> <span class='ocrx_word' id='word_1_24' title='bbox 740 593 870 673; x_wconf 86' lang='lat' dir='ltr'><strong>ejusdem</strong></span> <span class='ocrx_word' id='word_1_25' title='bbox 886 602 981 655; x_wconf 80' lang='lat' dir='ltr'><strong>reatus</strong></span> <span class='ocrx_word' id='word_1_26' title='bbox 1003 595 1185 655; x_wconf 79' lang='lat' dir='ltr'><strong>convicerat:</strong></span> <span class='ocrx_word' id='word_1_27' title='bbox 1208 595 1293 654; x_wconf 84' lang='lat' dir='ltr'><strong>Patet</strong></span> <span class='ocrx_word' id='word_1_28' title='bbox 1310 599 1336 654; x_wconf 94' lang='lat' dir='ltr'><strong>l.</strong></span> <span class='ocrx_word' id='word_1_29' title='bbox 1350 613 1391 655; x_wconf 85' lang='lat' dir='ltr'><strong>ex</strong></span> <span class='ocrx_word' id='word_1_30' title='bbox 1412 597 1453 655; x_wconf 83' lang='lat' dir='ltr'><strong>iis</strong></span> 
     </span>
     <span class='ocr_line' id='line_1_4' title="bbox 238 673 1452 757; baseline -0.004 -18"><span class='ocrx_word' id='word_1_31' title='bbox 238 698 303 757; x_wconf 87' lang='lat' dir='ltr'><strong>quae</strong></span> <span class='ocrx_word' id='word_1_32' title='bbox 324 677 373 736; x_wconf 89' lang='lat' dir='ltr'><strong>isti</strong></span> <span class='ocrx_word' id='word_1_33' title='bbox 392 675 502 735; x_wconf 90' lang='lat' dir='ltr'><strong>homiui</strong></span> <span class='ocrx_word' id='word_1_34' title='bbox 522 694 609 753; x_wconf 91' lang='lat' dir='ltr'><strong>quem</strong></span> <span class='ocrx_word' id='word_1_35' title='bbox 629 674 784 754; x_wconf 89' lang='lat' dir='ltr'><strong>compellat</strong></span> <span class='ocrx_word' id='word_1_36' title='bbox 804 674 912 750; x_wconf 82' lang='lat' dir='ltr'><strong>tribuit,</strong></span> <span class='ocrx_word' id='word_1_37' title='bbox 934 693 999 752; x_wconf 76' lang='lat' dir='ltr'><strong>qua</strong></span> <span class='ocrx_word' id='word_1_38' title='bbox 1020 674 1051 733; x_wconf 91' lang='lat' dir='ltr'><strong>in</strong></span> <span class='ocrx_word' id='word_1_39' title='bbox 1068 673 1180 733; x_wconf 89' lang='lat' dir='ltr'><strong>nullum</strong></span> <span class='ocrx_word' id='word_1_40' title='bbox 1201 675 1299 751; x_wconf 86' lang='lat' dir='ltr'><strong>alium,</strong></span> <span class='ocrx_word' id='word_1_41' title='bbox 1314 695 1403 753; x_wconf 88' lang='lat' dir='ltr'><strong>quam</strong></span> <span class='ocrx_word' id='word_1_42' title='bbox 1418 677 1452 734; x_wconf 86' lang='lat' dir='ltr'><strong>in</strong></span> 
     </span>
    </p>
   </div>
   <div class='ocr_carea' id='block_1_3' title="bbox 237 753 1566 834">
    <p class='ocr_par' dir='ltr' id='par_1_3' title="bbox 237 753 1566 834">
     <span class='ocr_line' id='line_1_5' title="bbox 237 753 1566 834; baseline -0.003 -16"><span class='ocrx_word' id='word_1_43' title='bbox 237 759 375 818; x_wconf 79' lang='lat' dir='ltr'><strong>Judaeum</strong></span> <span class='ocrx_word' id='word_1_44' title='bbox 389 757 484 834; x_wconf 87' lang='lat' dir='ltr'><strong>aptius</strong></span> <span class='ocrx_word' id='word_1_45' title='bbox 498 755 648 833; x_wconf 78' lang='lat' dir='ltr'><strong>quadrant,</strong></span> <span class='ocrx_word' id='word_1_46' title='bbox 663 763 696 813; x_wconf 92' lang='lat' dir='ltr'><strong>ut</strong></span> <span class='ocrx_word' id='word_1_47' title='bbox 716 754 795 832; x_wconf 89' lang='lat' dir='ltr'><strong>quod</strong></span> <span class='ocrx_word' id='word_1_48' title='bbox 815 754 886 815; x_wconf 90' lang='lat' dir='ltr'><strong>alios</strong></span> <span class='ocrx_word' id='word_1_49' title='bbox 904 753 1017 832; x_wconf 89' lang='lat' dir='ltr'><strong>judicet</strong></span> <span class='ocrx_word' id='word_1_50' title='bbox 1036 753 1067 812; x_wconf 85' lang='lat' dir='ltr'><strong>in</strong></span> <span class='ocrx_word' id='word_1_51' title='bbox 1086 754 1123 813; x_wconf 87' lang='lat' dir='ltr'><strong>iis</strong></span> <span class='ocrx_word' id='word_1_52' title='bbox 1137 773 1201 833; x_wconf 87' lang='lat' dir='ltr'><strong>quae</strong></span> <span class='ocrx_word' id='word_1_53' title='bbox 1215 755 1277 833; x_wconf 89' lang='lat' dir='ltr'><strong>ipse</strong></span> <span class='ocrx_word' id='word_1_54' title='bbox 1290 763 1450 834; x_wconf 73' lang='lat' dir='ltr'>perpetrat,</span> <span class='ocrx_word' id='word_1_55' title='bbox 1565 812 1566 831; x_wconf 49' lang='lat'><strong>,</strong></span> 
     </span>
    </p>
   </div>
   <div class='ocr_carea' id='block_1_4' title="bbox 238 834 1452 996">
    <p class='ocr_par' dir='ltr' id='par_1_4' title="bbox 238 834 1452 996">
     <span class='ocr_line' id='line_1_6' title="bbox 239 834 1452 914; baseline -0.003 -16"><span class='ocrx_word' id='word_1_56' title='bbox 239 837 292 898; x_wconf 77' lang='lat' dir='ltr'><strong>&amp;e</strong></span> <span class='ocrx_word' id='word_1_57' title='bbox 308 842 336 897; x_wconf 82' lang='lat'><strong>2.</strong></span> <span class='ocrx_word' id='word_1_58' title='bbox 351 857 388 898; x_wconf 89' lang='lat' dir='ltr'><strong>ex</strong></span> <span class='ocrx_word' id='word_1_59' title='bbox 403 855 490 895; x_wconf 85' lang='lat' dir='ltr'><strong>versu</strong></span> <span class='ocrx_word' id='word_1_60' title='bbox 506 839 552 912; x_wconf 83' lang='grc'><strong>17,</strong></span> <span class='ocrx_word' id='word_1_61' title='bbox 567 835 617 895; x_wconf 90' lang='lat' dir='ltr'><strong>ubi</strong></span> <span class='ocrx_word' id='word_1_62' title='bbox 630 835 800 894; x_wconf 86' lang='lat' dir='ltr'><strong>nominatim</strong></span> <span class='ocrx_word' id='word_1_63' title='bbox 814 835 949 913; x_wconf 83' lang='lat' dir='ltr'><strong>dirigitur</strong></span> <span class='ocrx_word' id='word_1_64' title='bbox 962 853 1056 894; x_wconf 88' lang='lat' dir='ltr'><strong>sermo</strong></span> <span class='ocrx_word' id='word_1_65' title='bbox 1069 835 1107 893; x_wconf 89' lang='lat' dir='ltr'><strong>ad</strong></span> <span class='ocrx_word' id='word_1_66' title='bbox 1117 834 1263 910; x_wconf 77' lang='lat' dir='ltr'><strong>Judaeum,</strong></span> <span class='ocrx_word' id='word_1_67' title='bbox 1275 835 1327 914; x_wconf 89' lang='lat' dir='ltr'><strong>qui</strong></span> <span class='ocrx_word' id='word_1_68' title='bbox 1341 835 1452 898; x_wconf 89' lang='lat' dir='ltr'><strong>dicitur</strong></span> 
     </span>
     <span class='ocr_line' id='line_1_7' title="bbox 238 913 1450 996; baseline -0.001 -18"><span class='ocrx_word' id='word_1_69' title='bbox 238 939 302 978; x_wconf 87' lang='lat' dir='ltr'><strong>esse</strong></span> <span class='ocrx_word' id='word_1_70' title='bbox 322 918 408 976; x_wconf 90' lang='lat' dir='ltr'><strong>homo</strong></span> <span class='ocrx_word' id='word_1_71' title='bbox 429 916 584 994; x_wconf 85' lang='lat' dir='ltr'><strong>illaquam</strong></span> <span class='ocrx_word' id='word_1_72' title='bbox 604 915 770 993; x_wconf 81' lang='lat' dir='ltr'><strong>alloquutus</strong></span> <span class='ocrx_word' id='word_1_73' title='bbox 784 913 885 992; x_wconf 90' lang='lat' dir='ltr'><strong>fuerat,</strong></span> <span class='ocrx_word' id='word_1_74' title='bbox 906 917 983 973; x_wconf 83' lang='lat' dir='ltr'><strong>Ecce</strong></span> <span class='ocrx_word' id='word_1_75' title='bbox 1003 924 1033 974; x_wconf 88' lang='lat' dir='ltr'><strong>tu</strong></span> <span class='ocrx_word' id='word_1_76' title='bbox 1053 916 1172 974; x_wconf 79' lang='lat' dir='ltr'><strong>Judoeus</strong></span> <span class='ocrx_word' id='word_1_77' title='bbox 1191 916 1357 992; x_wconf 67' lang='lat' dir='ltr'><strong>nmmum,</strong></span> <span class='ocrx_word' id='word_1_78' title='bbox 1380 935 1450 996; x_wconf 75' lang='lat' dir='ltr'><strong>quae</strong></span> 
     </span>
    </p>
   </div>
   <div class='ocr_carea' id='block_1_5' title="bbox 237 994 1567 1086">
    <p class='ocr_par' dir='ltr' id='par_1_5' title="bbox 237 994 1567 1086">
     <span class='ocr_line' id='line_1_8' title="bbox 237 994 1567 1086; baseline 0 -29"><span class='ocrx_word' id='word_1_79' title='bbox 237 997 327 1057; x_wconf 85' lang='lat' dir='ltr'><strong>verba</strong></span> <span class='ocrx_word' id='word_1_80' title='bbox 347 1017 405 1055; x_wconf 89' lang='lat' dir='ltr'><strong>uon</strong></span> <span class='ocrx_word' id='word_1_81' title='bbox 427 1004 495 1056; x_wconf 88' lang='lat' dir='ltr'><strong>suut</strong></span> <span class='ocrx_word' id='word_1_82' title='bbox 512 997 652 1056; x_wconf 89' lang='lat' dir='ltr'><strong>sermonis</strong></span> <span class='ocrx_word' id='word_1_83' title='bbox 670 996 740 1055; x_wconf 83' lang='lat' dir='ltr'><strong>nori</strong></span> <span class='ocrx_word' id='word_1_84' title='bbox 753 995 898 1054; x_wconf 79' lang='lat' dir='ltr'><strong>inchoatio</strong></span> <span class='ocrx_word' id='word_1_85' title='bbox 911 995 949 1054; x_wconf 88' lang='lat' dir='ltr'><strong>ad</strong></span> <span class='ocrx_word' id='word_1_86' title='bbox 962 994 1051 1054; x_wconf 87' lang='lat' dir='ltr'><strong>alium</strong></span> <span class='ocrx_word' id='word_1_87' title='bbox 1064 995 1209 1054; x_wconf 90' lang='lat' dir='ltr'><strong>hominem</strong></span> <span class='ocrx_word' id='word_1_88' title='bbox 1224 1013 1241 1054; x_wconf 91' lang='lat' dir='ltr'><strong>a</strong></span> <span class='ocrx_word' id='word_1_89' title='bbox 1254 996 1450 1074; x_wconf 68' lang='lat' dir='ltr'><strong>precedente,</strong></span> <span class='ocrx_word' id='word_1_90' title='bbox 1566 1055 1567 1086; x_wconf 54' lang='lat'><strong>,</strong></span> 
     </span>
    </p>
   </div>
   <div class='ocr_carea' id='block_1_6' title="bbox 238 1074 1450 1157">
    <p class='ocr_par' dir='ltr' id='par_1_6' title="bbox 238 1074 1450 1157">
     <span class='ocr_line' id='line_1_9' title="bbox 238 1074 1450 1157; baseline -0.001 -20"><span class='ocrx_word' id='word_1_91' title='bbox 238 1077 290 1138; x_wconf 86' lang='lat' dir='ltr'><strong>aed</strong></span> <span class='ocrx_word' id='word_1_92' title='bbox 310 1077 419 1155; x_wconf 89' lang='lat' dir='ltr'><strong>prioris</strong></span> <span class='ocrx_word' id='word_1_93' title='bbox 434 1076 611 1136; x_wconf 81' lang='lat' dir='ltr'><strong>continuatio</strong></span> <span class='ocrx_word' id='word_1_94' title='bbox 632 1095 698 1136; x_wconf 89' lang='lat' dir='ltr'><strong>cum</strong></span> <span class='ocrx_word' id='word_1_95' title='bbox 711 1075 825 1134; x_wconf 86' lang='lat' dir='ltr'><strong>clariori</strong></span> <span class='ocrx_word' id='word_1_96' title='bbox 843 1074 1041 1154; x_wconf 77' lang='lat' dir='ltr'><strong>designatione</strong></span> <span class='ocrx_word' id='word_1_97' title='bbox 1056 1093 1203 1154; x_wconf 83' lang='lat' dir='ltr'><strong>personae:</strong></span> <span class='ocrx_word' id='word_1_98' title='bbox 1223 1076 1361 1157; x_wconf 65' lang='grc' dir='ltr'><strong>χςηπὸας</strong></span> <span class='ocrx_word' id='word_1_99' title='bbox 1375 1097 1450 1155; x_wconf 89' lang='lat' dir='ltr'><strong>ergo</strong></span> 
     </span>
    </p>
   </div>
   <div class='ocr_carea' id='block_1_7' title="bbox 238 1155 1564 1236">
    <p class='ocr_par' dir='ltr' id='par_1_7' title="bbox 238 1155 1564 1236">
     <span class='ocr_line' id='line_1_10' title="bbox 238 1155 1564 1236; baseline 0 -20"><span class='ocrx_word' id='word_1_100' title='bbox 238 1158 274 1216; x_wconf 90' lang='lat' dir='ltr'><strong>de</strong></span> <span class='ocrx_word' id='word_1_101' title='bbox 285 1175 343 1234; x_wconf 90' lang='lat' dir='ltr'><strong>qua</strong></span> <span class='ocrx_word' id='word_1_102' title='bbox 356 1158 404 1216; x_wconf 93' lang='lat' dir='ltr'><strong>hic</strong></span> <span class='ocrx_word' id='word_1_103' title='bbox 417 1157 514 1235; x_wconf 85' lang='lat' dir='ltr'><strong>agitur</strong></span> <span class='ocrx_word' id='word_1_104' title='bbox 526 1164 608 1216; x_wconf 87' lang='lat' dir='ltr'><strong>notat</strong></span> <span class='ocrx_word' id='word_1_105' title='bbox 626 1155 831 1216; x_wconf 87' lang='lat' dir='ltr'><strong>revelationem</strong></span> <span class='ocrx_word' id='word_1_106' title='bbox 844 1155 949 1215; x_wconf 84' lang='lat' dir='ltr'><strong>factam</strong></span> <span class='ocrx_word' id='word_1_107' title='bbox 966 1155 988 1215; x_wconf 93' lang='lat' dir='ltr'><strong>J</strong></span> <span class='ocrx_word' id='word_1_108' title='bbox 989 1155 1089 1231; x_wconf 83' lang='lat' dir='ltr'><strong>edacis,</strong></span> <span class='ocrx_word' id='word_1_109' title='bbox 1105 1163 1134 1215; x_wconf 89' lang='lat' dir='ltr'><strong>et</strong></span> <span class='ocrx_word' id='word_1_110' title='bbox 1147 1156 1287 1215; x_wconf 89' lang='lat' dir='ltr'><strong>beneficia</strong></span> <span class='ocrx_word' id='word_1_111' title='bbox 1300 1157 1373 1236; x_wconf 87' lang='lat' dir='ltr'><strong>ipsis</strong></span> <span class='ocrx_word' id='word_1_112' title='bbox 1386 1158 1448 1218; x_wconf 92' lang='lat' dir='ltr'><strong>col·</strong></span> <span class='ocrx_word' id='word_1_113' title='bbox 1563 1201 1564 1204; x_wconf 63' lang='lat'><strong>,</strong></span> 
     </span>
    </p>
   </div>
   <div class='ocr_carea' id='block_1_8' title="bbox 237 1233 1447 1393">
    <p class='ocr_par' dir='ltr' id='par_1_8' title="bbox 237 1233 1447 1393">
     <span class='ocr_line' id='line_1_11' title="bbox 237 1233 1337 1314; baseline 0.001 -18"><span class='ocrx_word' id='word_1_114' title='bbox 237 1237 313 1314; x_wconf 87' lang='lat' dir='ltr'><strong>lata;</strong></span> <span class='ocrx_word' id='word_1_115' title='bbox 336 1237 388 1296; x_wconf 89' lang='lat' dir='ltr'><strong>sed</strong></span> <span class='ocrx_word' id='word_1_116' title='bbox 401 1237 474 1296; x_wconf 87' lang='lat' dir='ltr'><strong>nihil</strong></span> <span class='ocrx_word' id='word_1_117' title='bbox 487 1255 638 1296; x_wconf 88' lang='lat' dir='ltr'><strong>commune</strong></span> <span class='ocrx_word' id='word_1_118' title='bbox 652 1236 740 1296; x_wconf 90' lang='lat' dir='ltr'><strong>habet</strong></span> <span class='ocrx_word' id='word_1_119' title='bbox 753 1255 818 1296; x_wconf 90' lang='lat' dir='ltr'><strong>cum</strong></span> <span class='ocrx_word' id='word_1_120' title='bbox 832 1235 967 1314; x_wconf 87' lang='lat' dir='ltr'><strong>operibus</strong></span> <span class='ocrx_word' id='word_1_121' title='bbox 980 1233 1169 1313; x_wconf 75' lang='lat' dir='ltr'><strong>providentie</strong></span> <span class='ocrx_word' id='word_1_122' title='bbox 1183 1237 1337 1314; x_wconf 87' lang='lat' dir='ltr'><strong>generalis.</strong></span> 
     </span>
     <span class='ocr_line' id='line_1_12' title="bbox 279 1314 1447 1393; baseline 0.003 -19"><span class='ocrx_word' id='word_1_123' title='bbox 279 1317 370 1376; x_wconf 88' lang='lat' dir='ltr'>XIV.</span> <span class='ocrx_word' id='word_1_124' title='bbox 392 1316 532 1392; x_wconf 84' lang='lat' dir='ltr'><strong>Quamvis</strong></span> <span class='ocrx_word' id='word_1_125' title='bbox 552 1316 727 1376; x_wconf 87' lang='lat' dir='ltr'><strong>conscientia</strong></span> <span class='ocrx_word' id='word_1_126' title='bbox 748 1315 909 1376; x_wconf 77' lang='lat' dir='ltr'><strong>Gentilium</strong></span> <span class='ocrx_word' id='word_1_127' title='bbox 929 1314 1085 1393; x_wconf 92' lang='lat' dir='ltr'><strong>aliquando</strong></span> <span class='ocrx_word' id='word_1_128' title='bbox 1104 1335 1155 1376; x_wconf 86' lang='lat' dir='ltr'><strong>eos</strong></span> <span class='ocrx_word' id='word_1_129' title='bbox 1168 1335 1308 1376; x_wconf 85' lang='lat' dir='ltr'><strong>excusare</strong></span> <span class='ocrx_word' id='word_1_130' title='bbox 1321 1317 1447 1393; x_wconf 63' lang='lat' dir='ltr'><strong>dicaam,</strong></span> 
     </span>
    </p>
   </div>
   <div class='ocr_carea' id='block_1_9' title="bbox 239 1395 1562 1476">
    <p class='ocr_par' dir='ltr' id='par_1_9' title="bbox 239 1395 1562 1476">
     <span class='ocr_line' id='line_1_13' title="bbox 239 1395 1562 1476; baseline 0.002 -19"><span class='ocrx_word' id='word_1_131' title='bbox 239 1397 323 1457; x_wconf 90' lang='lat' dir='ltr'><strong>Rom.</strong></span> <span class='ocrx_word' id='word_1_132' title='bbox 339 1397 368 1456; x_wconf 91' lang='lat' dir='ltr'><strong>ii.</strong></span> <span class='ocrx_word' id='word_1_133' title='bbox 386 1401 432 1474; x_wconf 88' lang='grc'><strong>14,</strong></span> <span class='ocrx_word' id='word_1_134' title='bbox 450 1399 495 1473; x_wconf 84' lang='grc'><strong>15,</strong></span> <span class='ocrx_word' id='word_1_135' title='bbox 511 1415 569 1456; x_wconf 91' lang='lat' dir='ltr'><strong>non</strong></span> <span class='ocrx_word' id='word_1_136' title='bbox 584 1397 714 1474; x_wconf 87' lang='lat' dir='ltr'><strong>sequitur</strong></span> <span class='ocrx_word' id='word_1_137' title='bbox 726 1416 810 1475; x_wconf 88' lang='lat' dir='ltr'><strong>posse</strong></span> <span class='ocrx_word' id='word_1_138' title='bbox 825 1415 875 1455; x_wconf 90' lang='lat' dir='ltr'><strong>cos</strong></span> <span class='ocrx_word' id='word_1_139' title='bbox 888 1397 919 1454; x_wconf 89' lang='lat' dir='ltr'><strong>in</strong></span> <span class='ocrx_word' id='word_1_140' title='bbox 932 1395 982 1456; x_wconf 94' lang='lat' dir='ltr'><strong>illo</strong></span> <span class='ocrx_word' id='word_1_141' title='bbox 997 1403 1075 1455; x_wconf 87' lang='lat' dir='ltr'><strong>statu</strong></span> <span class='ocrx_word' id='word_1_142' title='bbox 1087 1415 1158 1455; x_wconf 86' lang='lat' dir='ltr'><strong>vera</strong></span> <span class='ocrx_word' id='word_1_143' title='bbox 1171 1403 1201 1455; x_wconf 90' lang='lat' dir='ltr'><strong>ct</strong></span> <span class='ocrx_word' id='word_1_144' title='bbox 1214 1395 1307 1455; x_wconf 85' lang='lat' dir='ltr'><strong>solida</strong></span> <span class='ocrx_word' id='word_1_145' title='bbox 1320 1417 1400 1476; x_wconf 88' lang='lat' dir='ltr'><strong>pace,</strong></span> <span class='ocrx_word' id='word_1_146' title='bbox 1417 1407 1450 1458; x_wconf 89' lang='lat' dir='ltr'><strong>et</strong></span> <span class='ocrx_word' id='word_1_147' title='bbox 1558 1398 1562 1443; x_wconf 59' lang='lat'><strong>&#39;¹</strong></span> 
     </span>
    </p>
   </div>
   <div class='ocr_carea' id='block_1_10' title="bbox 214 1475 1451 2755">
    <p class='ocr_par' dir='ltr' id='par_1_10' title="bbox 214 1475 1451 2755">
     <span class='ocr_line' id='line_1_14' title="bbox 238 1475 1447 1557; baseline 0.001 -21"><span class='ocrx_word' id='word_1_148' title='bbox 238 1497 303 1554; x_wconf 89' lang='lat' dir='ltr'><strong>quae</strong></span> <span class='ocrx_word' id='word_1_149' title='bbox 317 1495 380 1536; x_wconf 87' lang='lat' dir='ltr'><strong>eam</strong></span> <span class='ocrx_word' id='word_1_150' title='bbox 394 1477 525 1554; x_wconf 90' lang='lat' dir='ltr'><strong>sequitur</strong></span> <span class='ocrx_word' id='word_1_151' title='bbox 537 1475 664 1554; x_wconf 85' lang='lat' dir='ltr'><strong>perfecta</strong></span> <span class='ocrx_word' id='word_1_152' title='bbox 677 1475 769 1536; x_wconf 86' lang='lat' dir='ltr'><strong>saluta</strong></span> <span class='ocrx_word' id='word_1_153' title='bbox 783 1475 856 1553; x_wconf 81' lang='lat' dir='ltr'><strong>frui3</strong></span> <span class='ocrx_word' id='word_1_154' title='bbox 878 1476 954 1551; x_wconf 83' lang='lat' dir='ltr'><strong>Quia</strong></span> <span class='ocrx_word' id='word_1_155' title='bbox 970 1475 1051 1536; x_wconf 89' lang='lat' dir='ltr'><strong>aliud</strong></span> <span class='ocrx_word' id='word_1_156' title='bbox 1068 1484 1113 1536; x_wconf 89' lang='lat' dir='ltr'><strong>est</strong></span> <span class='ocrx_word' id='word_1_157' title='bbox 1126 1495 1266 1536; x_wconf 86' lang='lat' dir='ltr'><strong>excusare</strong></span> <span class='ocrx_word' id='word_1_158' title='bbox 1279 1476 1311 1536; x_wconf 91' lang='lat' dir='ltr'><strong>in</strong></span> <span class='ocrx_word' id='word_1_159' title='bbox 1325 1478 1447 1557; x_wconf 88' lang='lat' dir='ltr'><strong>quibus-</strong></span> 
     </span>
     <span class='ocr_line' id='line_1_15' title="bbox 238 1555 1447 1635; baseline 0.002 -19"><span class='ocrx_word' id='word_1_160' title='bbox 238 1558 313 1634; x_wconf 87' lang='lat' dir='ltr'><strong>dam,</strong></span> <span class='ocrx_word' id='word_1_161' title='bbox 324 1557 371 1616; x_wconf 88' lang='lat' dir='ltr'><strong>vel</strong></span> <span class='ocrx_word' id='word_1_162' title='bbox 386 1565 507 1633; x_wconf 89' lang='lat' dir='ltr'><strong>atanto,</strong></span> <span class='ocrx_word' id='word_1_163' title='bbox 521 1556 600 1634; x_wconf 89' lang='lat' dir='ltr'><strong>quod</strong></span> <span class='ocrx_word' id='word_1_164' title='bbox 614 1556 699 1633; x_wconf 79' lang='lat' dir='ltr'><strong>faeit3</strong></span> <span class='ocrx_word' id='word_1_165' title='bbox 721 1556 802 1614; x_wconf 90' lang='lat' dir='ltr'><strong>eliud</strong></span> <span class='ocrx_word' id='word_1_166' title='bbox 821 1555 852 1614; x_wconf 90' lang='lat' dir='ltr'><strong>in</strong></span> <span class='ocrx_word' id='word_1_167' title='bbox 873 1555 1006 1615; x_wconf 89' lang='lat' dir='ltr'><strong>omnibus</strong></span> <span class='ocrx_word' id='word_1_168' title='bbox 1023 1563 1053 1615; x_wconf 87' lang='lat' dir='ltr'><strong>et</strong></span> <span class='ocrx_word' id='word_1_169' title='bbox 1066 1575 1084 1614; x_wconf 92' lang='lat' dir='ltr'><strong>a</strong></span> <span class='ocrx_word' id='word_1_170' title='bbox 1096 1563 1168 1633; x_wconf 88' lang='lat' dir='ltr'><strong>toto,</strong></span> <span class='ocrx_word' id='word_1_171' title='bbox 1182 1557 1262 1635; x_wconf 88' lang='lat' dir='ltr'><strong>quod</strong></span> <span class='ocrx_word' id='word_1_172' title='bbox 1275 1557 1319 1616; x_wconf 88' lang='lat' dir='ltr'><strong>illi</strong></span> <span class='ocrx_word' id='word_1_173' title='bbox 1333 1567 1378 1619; x_wconf 88' lang='lat' dir='ltr'><strong>eat</strong></span> <span class='ocrx_word' id='word_1_174' title='bbox 1391 1559 1447 1618; x_wconf 90' lang='lat' dir='ltr'><strong>im·</strong></span> 
     </span>
     <span class='ocr_line' id='line_1_16' title="bbox 235 1635 1451 1716; baseline 0.001 -19"><span class='ocrx_word' id='word_1_175' title='bbox 235 1637 391 1716; x_wconf 73' lang='lat' dir='ltr'><strong>possibile,</strong></span> <span class='ocrx_word' id='word_1_176' title='bbox 413 1636 506 1696; x_wconf 87' lang='lat' dir='ltr'><strong>Aliud</strong></span> <span class='ocrx_word' id='word_1_177' title='bbox 523 1655 662 1696; x_wconf 89' lang='lat' dir='ltr'><strong>excusare</strong></span> <span class='ocrx_word' id='word_1_178' title='bbox 675 1657 693 1695; x_wconf 84' lang='lat' dir='ltr'><strong>a</strong></span> <span class='ocrx_word' id='word_1_179' title='bbox 706 1635 888 1714; x_wconf 84' lang='lat' dir='ltr'><strong>gravioribus</strong></span> <span class='ocrx_word' id='word_1_180' title='bbox 902 1635 1066 1712; x_wconf 89' lang='lat' dir='ltr'><strong>sceleribus,</strong></span> <span class='ocrx_word' id='word_1_181' title='bbox 1082 1644 1112 1695; x_wconf 91' lang='lat' dir='ltr'><strong>et</strong></span> <span class='ocrx_word' id='word_1_182' title='bbox 1132 1643 1295 1716; x_wconf 80' lang='lat' dir='ltr'><strong>comparate</strong></span> <span class='ocrx_word' id='word_1_183' title='bbox 1315 1638 1354 1698; x_wconf 90' lang='lat' dir='ltr'><strong>ad</strong></span> <span class='ocrx_word' id='word_1_184' title='bbox 1373 1638 1451 1698; x_wconf 86' lang='lat' dir='ltr'><strong>alios</strong></span> 
     </span>
     <span class='ocr_line' id='line_1_17' title="bbox 236 1715 1450 1797; baseline 0.003 -22"><span class='ocrx_word' id='word_1_185' title='bbox 236 1718 407 1796; x_wconf 81' lang='lat' dir='ltr'><strong>nequiores3</strong></span> <span class='ocrx_word' id='word_1_186' title='bbox 429 1716 522 1776; x_wconf 85' lang='lat' dir='ltr'><strong>Aliud</strong></span> <span class='ocrx_word' id='word_1_187' title='bbox 542 1735 643 1796; x_wconf 86' lang='lat' dir='ltr'><strong>pacem</strong></span> <span class='ocrx_word' id='word_1_188' title='bbox 664 1725 771 1776; x_wconf 79' lang='lat' dir='ltr'><strong>certam</strong></span> <span class='ocrx_word' id='word_1_189' title='bbox 794 1723 825 1775; x_wconf 87' lang='lat' dir='ltr'><strong>ct</strong></span> <span class='ocrx_word' id='word_1_190' title='bbox 848 1723 1026 1775; x_wconf 83' lang='lat' dir='ltr'><strong>constantem</strong></span> <span class='ocrx_word' id='word_1_191' title='bbox 1051 1715 1135 1776; x_wconf 91' lang='lat' dir='ltr'><strong>nobis</strong></span> <span class='ocrx_word' id='word_1_192' title='bbox 1159 1717 1266 1795; x_wconf 85' lang='lat' dir='ltr'><strong>largiri,</strong></span> <span class='ocrx_word' id='word_1_193' title='bbox 1291 1737 1357 1797; x_wconf 74' lang='lat' dir='ltr'><strong>que</strong></span> <span class='ocrx_word' id='word_1_194' title='bbox 1380 1718 1450 1779; x_wconf 89' lang='lat' dir='ltr'><strong>fluit</strong></span> 
     </span>
     <span class='ocr_line' id='line_1_18' title="bbox 236 1795 1447 1876; baseline 0 -18"><span class='ocrx_word' id='word_1_195' title='bbox 236 1817 274 1858; x_wconf 88' lang='lat' dir='ltr'><strong>ex</strong></span> <span class='ocrx_word' id='word_1_196' title='bbox 288 1815 375 1858; x_wconf 82' lang='lat' dir='ltr'><strong>sensu</strong></span> <span class='ocrx_word' id='word_1_197' title='bbox 389 1797 494 1857; x_wconf 82' lang='lat' dir='ltr'><strong>amoris</strong></span> <span class='ocrx_word' id='word_1_198' title='bbox 505 1797 560 1856; x_wconf 92' lang='lat' dir='ltr'><strong>Dei</strong></span> <span class='ocrx_word' id='word_1_199' title='bbox 573 1804 603 1857; x_wconf 86' lang='lat' dir='ltr'><strong>et</strong></span> <span class='ocrx_word' id='word_1_200' title='bbox 615 1804 721 1857; x_wconf 72' lang='lat' dir='ltr'><strong>noemae</strong></span> <span class='ocrx_word' id='word_1_201' title='bbox 735 1815 801 1856; x_wconf 92' lang='lat' dir='ltr'><strong>cum</strong></span> <span class='ocrx_word' id='word_1_202' title='bbox 815 1815 849 1855; x_wconf 90' lang='lat' dir='ltr'><strong>eo</strong></span> <span class='ocrx_word' id='word_1_203' title='bbox 863 1795 1188 1876; x_wconf 63' lang='lat' dir='ltr'><strong>reconciliationisque</strong></span> <span class='ocrx_word' id='word_1_204' title='bbox 1201 1798 1232 1856; x_wconf 90' lang='lat' dir='ltr'><strong>in</strong></span> <span class='ocrx_word' id='word_1_205' title='bbox 1241 1797 1368 1860; x_wconf 85' lang='lat' dir='ltr'><strong>Ethnico</strong></span> <span class='ocrx_word' id='word_1_206' title='bbox 1381 1799 1447 1859; x_wconf 86' lang='lat' dir='ltr'><strong>dari</strong></span> 
     </span>
     <span class='ocr_line' id='line_1_19' title="bbox 237 1886 1446 2035; baseline 0.002 -18"><span class='ocrx_word' id='word_1_207' title='bbox 237 1886 437 2019; x_wconf 32' lang='lat' dir='ltr'><strong>milli&#39;ioedtlia</strong></span> <span class='ocrx_word' id='word_1_208' title='bbox 449 1958 524 2018; x_wconf 92' lang='lat' dir='ltr'><strong>ratio</strong></span> <span class='ocrx_word' id='word_1_209' title='bbox 537 1965 583 2018; x_wconf 88' lang='lat' dir='ltr'><strong>est</strong></span> <span class='ocrx_word' id='word_1_210' title='bbox 594 1965 683 2018; x_wconf 71' lang='lat' dir='ltr'><strong>states</strong></span> <span class='ocrx_word' id='word_1_211' title='bbox 696 1957 820 2032; x_wconf 70' lang='lat' dir='ltr'><strong>instincti,</strong></span> <span class='ocrx_word' id='word_1_212' title='bbox 830 1965 859 2016; x_wconf 90' lang='lat' dir='ltr'><strong>et</strong></span> <span class='ocrx_word' id='word_1_213' title='bbox 868 1955 991 2017; x_wconf 60' lang='lat' dir='ltr'><strong>donasti</strong></span> <span class='ocrx_word' id='word_1_214' title='bbox 996 1980 1009 2029; x_wconf 87' lang='lat'><strong>‚·</strong></span> <span class='ocrx_word' id='word_1_215' title='bbox 1023 1955 1094 2016; x_wconf 87' lang='lat' dir='ltr'><strong>Alia</strong></span> <span class='ocrx_word' id='word_1_216' title='bbox 1103 1955 1192 2035; x_wconf 89' lang='lat' dir='ltr'><strong>Legis</strong></span> <span class='ocrx_word' id='word_1_217' title='bbox 1206 1955 1236 2015; x_wconf 92' lang='lat' dir='ltr'><strong>in</strong></span> <span class='ocrx_word' id='word_1_218' title='bbox 1250 1975 1282 2017; x_wconf 86' lang='lat' dir='ltr'><strong>se</strong></span> <span class='ocrx_word' id='word_1_219' title='bbox 1294 1965 1326 2018; x_wconf 89' lang='lat' dir='ltr'><strong>et</strong></span> <span class='ocrx_word' id='word_1_220' title='bbox 1339 1965 1446 2019; x_wconf 83' lang='lat' dir='ltr'><strong>natura</strong></span> 
     </span>
     <span class='ocr_line' id='line_1_20' title="bbox 214 2036 1446 2116; baseline 0.002 -18"><span class='ocrx_word' id='word_1_221' title='bbox 214 2063 218 2070; x_wconf 93' lang='lat'><em>·</em></span> <span class='ocrx_word' id='word_1_222' title='bbox 237 2059 290 2099; x_wconf 89' lang='lat' dir='ltr'><strong>sua</strong></span> <span class='ocrx_word' id='word_1_223' title='bbox 310 2039 516 2116; x_wconf 71' lang='lat' dir='ltr'><strong>consideratae,</strong></span> <span class='ocrx_word' id='word_1_224' title='bbox 537 2037 608 2098; x_wconf 85' lang='lat' dir='ltr'><strong>Alia</strong></span> <span class='ocrx_word' id='word_1_225' title='bbox 620 2047 753 2116; x_wconf 88' lang='lat' dir='ltr'><strong>respectu</strong></span> <span class='ocrx_word' id='word_1_226' title='bbox 766 2037 875 2098; x_wconf 80' lang='lat' dir='ltr'><strong>nostri:</strong></span> <span class='ocrx_word' id='word_1_227' title='bbox 897 2036 961 2095; x_wconf 86' lang='lat' dir='ltr'><strong>Lex</strong></span> <span class='ocrx_word' id='word_1_228' title='bbox 974 2036 1057 2095; x_wconf 92' lang='lat' dir='ltr'><strong>initio</strong></span> <span class='ocrx_word' id='word_1_229' title='bbox 1069 2037 1180 2096; x_wconf 89' lang='lat' dir='ltr'><strong>homini</strong></span> <span class='ocrx_word' id='word_1_230' title='bbox 1193 2037 1308 2116; x_wconf 88' lang='lat' dir='ltr'><strong>integro</strong></span> <span class='ocrx_word' id='word_1_231' title='bbox 1321 2037 1392 2098; x_wconf 87' lang='lat' dir='ltr'><strong>data</strong></span> <span class='ocrx_word' id='word_1_232' title='bbox 1405 2040 1446 2100; x_wconf 87' lang='lat' dir='ltr'><strong>ad</strong></span> 
     </span>
     <span class='ocr_line' id='line_1_21' title="bbox 235 2115 1445 2198; baseline 0.001 -20"><span class='ocrx_word' id='word_1_233' title='bbox 235 2120 335 2198; x_wconf 83' lang='lat' dir='ltr'><strong>vitam,</strong></span> <span class='ocrx_word' id='word_1_234' title='bbox 350 2127 381 2178; x_wconf 92' lang='lat' dir='ltr'><strong>et</strong></span> <span class='ocrx_word' id='word_1_235' title='bbox 393 2139 446 2197; x_wconf 92' lang='lat' dir='ltr'><strong>per</strong></span> <span class='ocrx_word' id='word_1_236' title='bbox 459 2138 489 2179; x_wconf 92' lang='lat' dir='ltr'><strong>ae</strong></span> <span class='ocrx_word' id='word_1_237' title='bbox 503 2119 591 2179; x_wconf 88' lang='lat' dir='ltr'><strong>etiam</strong></span> <span class='ocrx_word' id='word_1_238' title='bbox 604 2118 642 2179; x_wconf 89' lang='lat' dir='ltr'><strong>ad</strong></span> <span class='ocrx_word' id='word_1_239' title='bbox 656 2119 746 2178; x_wconf 87' lang='lat' dir='ltr'><strong>vitam</strong></span> <span class='ocrx_word' id='word_1_240' title='bbox 760 2117 852 2194; x_wconf 86' lang='lat' dir='ltr'><strong>duxit,</strong></span> <span class='ocrx_word' id='word_1_241' title='bbox 867 2117 956 2195; x_wconf 85' lang='lat' dir='ltr'><strong>juxta</strong></span> <span class='ocrx_word' id='word_1_242' title='bbox 969 2115 1155 2192; x_wconf 88' lang='lat' dir='ltr'><strong>sanctionem,</strong></span> <span class='ocrx_word' id='word_1_243' title='bbox 1170 2119 1233 2177; x_wconf 79' lang='lat' dir='ltr'><strong>Fac</strong></span> <span class='ocrx_word' id='word_1_244' title='bbox 1244 2119 1297 2177; x_wconf 75' lang='lat' dir='ltr'><strong>hoc</strong></span> <span class='ocrx_word' id='word_1_245' title='bbox 1309 2127 1337 2177; x_wconf 84' lang='lat' dir='ltr'><strong>et</strong></span> <span class='ocrx_word' id='word_1_246' title='bbox 1348 2119 1422 2179; x_wconf 67' lang='lat' dir='ltr'><strong>mors</strong></span> <span class='ocrx_word' id='word_1_247' title='bbox 1429 2144 1445 2194; x_wconf 86' lang='lat'><strong>,-</strong></span> 
     </span>
     <span class='ocr_line' id='line_1_22' title="bbox 236 2195 1445 2277; baseline 0 -19"><span class='ocrx_word' id='word_1_248' title='bbox 236 2199 277 2258; x_wconf 88' lang='lat' dir='ltr'><strong>sic</strong></span> <span class='ocrx_word' id='word_1_249' title='bbox 292 2200 417 2277; x_wconf 85' lang='lat' dir='ltr'><strong>intelligi</strong></span> <span class='ocrx_word' id='word_1_250' title='bbox 432 2200 515 2260; x_wconf 86' lang='lat' dir='ltr'><strong>Rom.</strong></span> <span class='ocrx_word' id='word_1_251' title='bbox 531 2199 561 2259; x_wconf 88' lang='lat' dir='ltr'><strong>ii.</strong></span> <span class='ocrx_word' id='word_1_252' title='bbox 573 2202 619 2258; x_wconf 85' lang='lat'><strong>13.</strong></span> <span class='ocrx_word' id='word_1_253' title='bbox 653 2199 712 2259; x_wconf 86' lang='lat' dir='ltr'><strong>Sed</strong></span> <span class='ocrx_word' id='word_1_254' title='bbox 725 2205 791 2277; x_wconf 89' lang='lat' dir='ltr'><strong>poet</strong></span> <span class='ocrx_word' id='word_1_255' title='bbox 803 2198 917 2275; x_wconf 87' lang='lat' dir='ltr'><strong>lapsum</strong></span> <span class='ocrx_word' id='word_1_256' title='bbox 931 2195 1046 2274; x_wconf 92' lang='lat' dir='ltr'><strong>quaudo</strong></span> <span class='ocrx_word' id='word_1_257' title='bbox 1060 2196 1171 2258; x_wconf 86' lang='lat' dir='ltr'><strong>viribus</strong></span> <span class='ocrx_word' id='word_1_258' title='bbox 1185 2197 1323 2258; x_wconf 87' lang='lat' dir='ltr'><strong>destituta</strong></span> <span class='ocrx_word' id='word_1_259' title='bbox 1336 2207 1382 2258; x_wconf 86' lang='lat' dir='ltr'><strong>est</strong></span> <span class='ocrx_word' id='word_1_260' title='bbox 1389 2219 1445 2277; x_wconf 90' lang='lat' dir='ltr'><strong>per</strong></span> 
     </span>
     <span class='ocr_line' id='line_1_23' title="bbox 234 2275 1441 2432; baseline 0 -15"><span class='ocrx_word' id='word_1_261' title='bbox 234 2275 1170 2432; x_wconf 44' lang='lat' dir='ltr'><strong>tlt?ittunitatatlttttltfftffltttitfiae‘</strong></span> <span class='ocrx_word' id='word_1_262' title='bbox 1184 2277 1222 2338; x_wconf 69' lang='lat'><strong>“⁶</strong></span> <span class='ocrx_word' id='word_1_263' title='bbox 1235 2277 1359 2338; x_wconf 63' lang='lat' dir='ltr'><strong>amn</strong></span> <span class='ocrx_word' id='word_1_264' title='bbox 1372 2298 1441 2358; x_wconf 52' lang='lat' dir='ltr'><strong>‘m&#39;</strong></span> 
     </span>
     <span class='ocr_line' id='line_1_24' title="bbox 275 2401 1439 2517; baseline 0.004 -23"><span class='ocrx_word' id='word_1_265' title='bbox 275 2435 365 2495; x_wconf 85' lang='lat' dir='ltr'><strong>xvr.</strong></span> <span class='ocrx_word' id='word_1_266' title='bbox 390 2437 469 2512; x_wconf 69' lang='lat' dir='ltr'><strong>opas</strong></span> <span class='ocrx_word' id='word_1_267' title='bbox 482 2437 567 2512; x_wconf 58' lang='lat' dir='ltr'><strong>says</strong></span> <span class='ocrx_word' id='word_1_268' title='bbox 586 2435 718 2496; x_wconf 69' lang='lat' dir='ltr'><strong>utranam</strong></span> <span class='ocrx_word' id='word_1_269' title='bbox 738 2435 852 2512; x_wconf 68' lang='lat' dir='ltr'><strong>usim,</strong></span> <span class='ocrx_word' id='word_1_270' title='bbox 867 2436 916 2495; x_wconf 76' lang='lat' dir='ltr'><strong>vu</strong></span> <span class='ocrx_word' id='word_1_271' title='bbox 929 2401 1104 2513; x_wconf 57' lang='lat' dir='ltr'><strong>mure,</strong></span> <span class='ocrx_word' id='word_1_272' title='bbox 1120 2437 1199 2515; x_wconf 75' lang='lat' dir='ltr'><strong>quos</strong></span> <span class='ocrx_word' id='word_1_273' title='bbox 1213 2437 1276 2496; x_wconf 69' lang='lat' dir='ltr'><strong>nex</strong></span> <span class='ocrx_word' id='word_1_274' title='bbox 1290 2437 1354 2516; x_wconf 80' lang='lat' dir='ltr'><strong>ipsa</strong></span> <span class='ocrx_word' id='word_1_275' title='bbox 1366 2457 1439 2517; x_wconf 71' lang='lat' dir='ltr'><strong>pm-</strong></span> 
     </span>
     <span class='ocr_line' id='line_1_25' title="bbox 234 2514 1440 2597; baseline 0.003 -23"><span class='ocrx_word' id='word_1_276' title='bbox 234 2522 299 2591; x_wconf 87' lang='lat' dir='ltr'><strong>atat,</strong></span> <span class='ocrx_word' id='word_1_277' title='bbox 323 2515 371 2574; x_wconf 85' lang='lat' dir='ltr'><strong>vel</strong></span> <span class='ocrx_word' id='word_1_278' title='bbox 392 2514 556 2592; x_wconf 79' lang='lat' dir='ltr'><strong>imperative</strong></span> <span class='ocrx_word' id='word_1_279' title='bbox 577 2515 655 2594; x_wconf 92' lang='lat' dir='ltr'><strong>quod</strong></span> <span class='ocrx_word' id='word_1_280' title='bbox 676 2515 787 2575; x_wconf 86' lang='lat' dir='ltr'><strong>homini</strong></span> <span class='ocrx_word' id='word_1_281' title='bbox 809 2515 957 2595; x_wconf 87' lang='lat' dir='ltr'><strong>praecipit;</strong></span> <span class='ocrx_word' id='word_1_282' title='bbox 978 2516 1058 2595; x_wconf 90' lang='lat' dir='ltr'><strong>prius</strong></span> <span class='ocrx_word' id='word_1_283' title='bbox 1080 2525 1125 2577; x_wconf 91' lang='lat' dir='ltr'><strong>est</strong></span> <span class='ocrx_word' id='word_1_284' title='bbox 1147 2537 1219 2597; x_wconf 90' lang='lat' dir='ltr'><strong>opus</strong></span> <span class='ocrx_word' id='word_1_285' title='bbox 1241 2537 1293 2578; x_wconf 86' lang='lat' dir='ltr'><strong>seu</strong></span> <span class='ocrx_word' id='word_1_286' title='bbox 1315 2517 1440 2579; x_wconf 85' lang='lat' dir='ltr'><strong>officium</strong></span> 
     </span>
     <span class='ocr_line' id='line_1_26' title="bbox 234 2594 1441 2676; baseline 0.006 -23"><span class='ocrx_word' id='word_1_287' title='bbox 234 2594 323 2674; x_wconf 85' lang='lat' dir='ltr'><strong>Legis</strong></span> <span class='ocrx_word' id='word_1_288' title='bbox 343 2595 419 2654; x_wconf 88' lang='lat' dir='ltr'><strong>cirea</strong></span> <span class='ocrx_word' id='word_1_289' title='bbox 438 2595 583 2654; x_wconf 86' lang='lat' dir='ltr'><strong>hominem</strong></span> <span class='ocrx_word' id='word_1_290' title='bbox 604 2595 683 2675; x_wconf 94' lang='lat' dir='ltr'><strong>quod</strong></span> <span class='ocrx_word' id='word_1_291' title='bbox 702 2597 733 2655; x_wconf 94' lang='lat' dir='ltr'><strong>in</strong></span> <span class='ocrx_word' id='word_1_292' title='bbox 753 2595 952 2676; x_wconf 84' lang='lat' dir='ltr'><strong>praeceptione,</strong></span> <span class='ocrx_word' id='word_1_293' title='bbox 968 2596 1166 2676; x_wconf 78' lang='lat' dir='ltr'><strong>promissione,</strong></span> <span class='ocrx_word' id='word_1_294' title='bbox 1188 2597 1390 2658; x_wconf 87' lang='lat' dir='ltr'><strong>interdictione</strong></span> <span class='ocrx_word' id='word_1_295' title='bbox 1411 2607 1441 2660; x_wconf 84' lang='lat' dir='ltr'><strong>ct</strong></span> 
     </span>
     <span class='ocr_line' id='line_1_27' title="bbox 231 2674 1441 2755; baseline 0.005 -21"><span class='ocrx_word' id='word_1_296' title='bbox 231 2674 453 2735; x_wconf 87' lang='lat' dir='ltr'><strong>comminatione</strong></span> <span class='ocrx_word' id='word_1_297' title='bbox 466 2683 614 2752; x_wconf 80' lang='lat' dir='ltr'><strong>versatur3</strong></span> <span class='ocrx_word' id='word_1_298' title='bbox 629 2677 773 2754; x_wconf 83' lang='lat' dir='ltr'><strong>posterius</strong></span> <span class='ocrx_word' id='word_1_299' title='bbox 786 2685 831 2737; x_wconf 91' lang='lat' dir='ltr'><strong>est</strong></span> <span class='ocrx_word' id='word_1_300' title='bbox 844 2697 917 2755; x_wconf 89' lang='lat' dir='ltr'><strong>opus</strong></span> <span class='ocrx_word' id='word_1_301' title='bbox 931 2677 1056 2737; x_wconf 86' lang='lat' dir='ltr'><strong>hominia</strong></span> <span class='ocrx_word' id='word_1_302' title='bbox 1070 2676 1145 2737; x_wconf 86' lang='lat' dir='ltr'><strong>circa</strong></span> <span class='ocrx_word' id='word_1_303' title='bbox 1156 2677 1282 2755; x_wconf 79' lang='lat' dir='ltr'><strong>Legem3</strong></span> <span class='ocrx_word' id='word_1_304' title='bbox 1300 2678 1382 2755; x_wconf 87' lang='lat' dir='ltr'><strong>prins</strong></span> <span class='ocrx_word' id='word_1_305' title='bbox 1395 2689 1441 2740; x_wconf 85' lang='lat' dir='ltr'><strong>est</strong></span> 
     </span>
    </p>
   </div>
   <div class='ocr_carea' id='block_1_11' title="bbox 230 2755 1490 2836">
    <p class='ocr_par' dir='ltr' id='par_1_11' title="bbox 230 2755 1490 2836">
     <span class='ocr_line' id='line_1_28' title="bbox 230 2755 1490 2836; baseline 0.002 -22"><span class='ocrx_word' id='word_1_306' title='bbox 230 2755 389 2834; x_wconf 86' lang='lat' dir='ltr'><strong>propositio</strong></span> <span class='ocrx_word' id='word_1_307' title='bbox 402 2763 433 2814; x_wconf 90' lang='lat' dir='ltr'><strong>et</strong></span> <span class='ocrx_word' id='word_1_308' title='bbox 445 2755 584 2815; x_wconf 82' lang='lat' dir='ltr'><strong>revelatio</strong></span> <span class='ocrx_word' id='word_1_309' title='bbox 599 2756 705 2835; x_wconf 85' lang='lat' dir='ltr'><strong>Legie;</strong></span> <span class='ocrx_word' id='word_1_310' title='bbox 724 2755 867 2835; x_wconf 87' lang='lat' dir='ltr'><strong>posterius</strong></span> <span class='ocrx_word' id='word_1_311' title='bbox 881 2757 945 2836; x_wconf 86' lang='lat' dir='ltr'><strong>ejus</strong></span> <span class='ocrx_word' id='word_1_312' title='bbox 959 2757 1122 2817; x_wconf 89' lang='lat' dir='ltr'><strong>observatio</strong></span> <span class='ocrx_word' id='word_1_313' title='bbox 1136 2765 1167 2816; x_wconf 92' lang='lat' dir='ltr'><strong>et</strong></span> <span class='ocrx_word' id='word_1_314' title='bbox 1179 2757 1318 2836; x_wconf 88' lang='lat' dir='ltr'><strong>impletio.</strong></span> <span class='ocrx_word' id='word_1_315' title='bbox 1360 2759 1439 2819; x_wconf 80' lang='lat' dir='ltr'><strong>Geu-</strong></span> <span class='ocrx_word' id='word_1_316' title='bbox 1487 2813 1490 2817; x_wconf 90' lang='lat'>.</span> 
     </span>
    </p>
   </div>
   <div class='ocr_carea' id='block_1_12' title="bbox 231 2835 1440 2916">
    <p class='ocr_par' dir='ltr' id='par_1_12' title="bbox 231 2835 1440 2916">
     <span class='ocr_line' id='line_1_29' title="bbox 231 2835 1440 2916; baseline 0.003 -22"><span class='ocrx_word' id='word_1_317' title='bbox 231 2835 298 2895; x_wconf 89' lang='lat' dir='ltr'><strong>tiles</strong></span> <span class='ocrx_word' id='word_1_318' title='bbox 311 2835 446 2895; x_wconf 90' lang='lat' dir='ltr'><strong>dicuntur</strong></span> <span class='ocrx_word' id='word_1_319' title='bbox 455 2838 558 2911; x_wconf 82' lang='lat' dir='ltr'><strong>facere</strong></span> <span class='ocrx_word' id='word_1_320' title='bbox 571 2856 635 2914; x_wconf 76' lang='lat' dir='ltr'><strong>quea</strong></span> <span class='ocrx_word' id='word_1_321' title='bbox 647 2846 712 2894; x_wconf 80' lang='lat' dir='ltr'><strong>aaut</strong></span> <span class='ocrx_word' id='word_1_322' title='bbox 723 2837 817 2912; x_wconf 74' lang='lat' dir='ltr'><strong>Leptis,</strong></span> <span class='ocrx_word' id='word_1_323' title='bbox 833 2835 917 2895; x_wconf 89' lang='lat' dir='ltr'><strong>Rom.</strong></span> <span class='ocrx_word' id='word_1_324' title='bbox 932 2836 962 2895; x_wconf 91' lang='lat' dir='ltr'><strong>ii.</strong></span> <span class='ocrx_word' id='word_1_325' title='bbox 979 2840 1026 2914; x_wconf 87' lang='lat'><strong>14,</strong></span> <span class='ocrx_word' id='word_1_326' title='bbox 1038 2855 1096 2895; x_wconf 92' lang='lat' dir='ltr'><strong>uon</strong></span> <span class='ocrx_word' id='word_1_327' title='bbox 1110 2836 1207 2915; x_wconf 82' lang='lat' dir='ltr'><strong>quoad</strong></span> <span class='ocrx_word' id='word_1_328' title='bbox 1219 2837 1372 2916; x_wconf 87' lang='lat' dir='ltr'><strong>posterius,</strong></span> <span class='ocrx_word' id='word_1_329' title='bbox 1388 2840 1440 2898; x_wconf 89' lang='lat' dir='ltr'><strong>sed</strong></span> 
     </span>
    </p>
   </div>
   <div class='ocr_carea' id='block_1_13' title="bbox 230 2913 1567 2996">
    <p class='ocr_par' dir='ltr' id='par_1_13' title="bbox 230 2913 1567 2996">
     <span class='ocr_line' id='line_1_30' title="bbox 230 2913 1567 2996; baseline 0.004 -22"><span class='ocrx_word' id='word_1_330' title='bbox 230 2915 328 2992; x_wconf 87' lang='lat' dir='ltr'><strong>prius;</strong></span> <span class='ocrx_word' id='word_1_331' title='bbox 350 2935 409 2974; x_wconf 92' lang='lat' dir='ltr'><strong>non</strong></span> <span class='ocrx_word' id='word_1_332' title='bbox 422 2913 569 2994; x_wconf 87' lang='lat' dir='ltr'><strong>implendo</strong></span> <span class='ocrx_word' id='word_1_333' title='bbox 581 2914 796 2992; x_wconf 69' lang='lat' dir='ltr'><strong>mandataque</strong></span> <span class='ocrx_word' id='word_1_334' title='bbox 811 2916 874 2974; x_wconf 86' lang='lat' dir='ltr'><strong>Lex</strong></span> <span class='ocrx_word' id='word_1_335' title='bbox 888 2916 1056 2993; x_wconf 84' lang='lat' dir='ltr'><strong>praescribit,</strong></span> <span class='ocrx_word' id='word_1_336' title='bbox 1071 2917 1124 2976; x_wconf 88' lang='lat' dir='ltr'><strong>sed</strong></span> <span class='ocrx_word' id='word_1_337' title='bbox 1137 2917 1268 2976; x_wconf 81' lang='lat' dir='ltr'><strong>faciendo</strong></span> <span class='ocrx_word' id='word_1_338' title='bbox 1282 2918 1363 2996; x_wconf 92' lang='lat' dir='ltr'><strong>quod</strong></span> <span class='ocrx_word' id='word_1_339' title='bbox 1375 2918 1440 2996; x_wconf 87' lang='lat' dir='ltr'><strong>ipsa</strong></span> <span class='ocrx_word' id='word_1_340' title='bbox 1566 2947 1567 2954; x_wconf 16' lang='grc' dir='ltr'>ἒ</span> 
     </span>
    </p>
   </div>
   <div class='ocr_carea' id='block_1_14' title="bbox 224 2993 1440 4674">
    <p class='ocr_par' dir='ltr' id='par_1_14' title="bbox 227 2993 1440 4095">
     <span class='ocr_line' id='line_1_31' title="bbox 230 2993 1440 3076; baseline 0.004 -23"><span class='ocrx_word' id='word_1_341' title='bbox 230 2993 307 3072; x_wconf 83' lang='lat' dir='ltr'><strong>iacit,</strong></span> <span class='ocrx_word' id='word_1_342' title='bbox 322 2995 445 3056; x_wconf 87' lang='lat' dir='ltr'><strong>honesta</strong></span> <span class='ocrx_word' id='word_1_343' title='bbox 457 2995 658 3075; x_wconf 72' lang='lat' dir='ltr'><strong>precipiendo,</strong></span> <span class='ocrx_word' id='word_1_344' title='bbox 674 3003 704 3056; x_wconf 89' lang='lat' dir='ltr'><strong>et</strong></span> <span class='ocrx_word' id='word_1_345' title='bbox 720 2995 816 3074; x_wconf 89' lang='lat' dir='ltr'><strong>turpia</strong></span> <span class='ocrx_word' id='word_1_346' title='bbox 829 2995 972 3070; x_wconf 73' lang='lat' dir='ltr'><strong>vetando,</strong></span> <span class='ocrx_word' id='word_1_347' title='bbox 994 3002 1074 3073; x_wconf 89' lang='lat' dir='ltr'><strong>patet</strong></span> <span class='ocrx_word' id='word_1_348' title='bbox 1097 2999 1122 3055; x_wconf 92' lang='grc'><strong>1.</strong></span> <span class='ocrx_word' id='word_1_349' title='bbox 1143 3017 1180 3055; x_wconf 89' lang='lat' dir='ltr'><strong>ex</strong></span> <span class='ocrx_word' id='word_1_350' title='bbox 1201 3015 1288 3074; x_wconf 88' lang='lat' dir='ltr'><strong>scopo</strong></span> <span class='ocrx_word' id='word_1_351' title='bbox 1309 2999 1440 3076; x_wconf 87' lang='lat' dir='ltr'><strong>generali</strong></span> 
     </span>
     <span class='ocr_line' id='line_1_32' title="bbox 232 3075 1439 3154; baseline 0.004 -21"><span class='ocrx_word' id='word_1_352' title='bbox 232 3075 324 3154; x_wconf 88' lang='lat' dir='ltr'><strong>Pauli,</strong></span> <span class='ocrx_word' id='word_1_353' title='bbox 335 3077 385 3154; x_wconf 92' lang='lat' dir='ltr'><strong>qui</strong></span> <span class='ocrx_word' id='word_1_354' title='bbox 399 3084 444 3136; x_wconf 86' lang='lat' dir='ltr'><strong>eet</strong></span> <span class='ocrx_word' id='word_1_355' title='bbox 457 3076 627 3136; x_wconf 84' lang='lat' dir='ltr'><strong>convincere</strong></span> <span class='ocrx_word' id='word_1_356' title='bbox 639 3075 771 3137; x_wconf 84' lang='lat' dir='ltr'><strong>Gentiles</strong></span> <span class='ocrx_word' id='word_1_357' title='bbox 782 3076 868 3136; x_wconf 90' lang='lat' dir='ltr'><strong>etiam</strong></span> <span class='ocrx_word' id='word_1_358' title='bbox 879 3075 941 3134; x_wconf 90' lang='lat' dir='ltr'><strong>siue</strong></span> <span class='ocrx_word' id='word_1_359' title='bbox 956 3075 1036 3154; x_wconf 86' lang='lat' dir='ltr'><strong>Lege</strong></span> <span class='ocrx_word' id='word_1_360' title='bbox 1051 3076 1164 3153; x_wconf 86' lang='lat' dir='ltr'><strong>scripta,</strong></span> <span class='ocrx_word' id='word_1_361' title='bbox 1179 3078 1280 3136; x_wconf 88' lang='lat' dir='ltr'><strong>mortis</strong></span> <span class='ocrx_word' id='word_1_362' title='bbox 1294 3097 1360 3137; x_wconf 88' lang='lat' dir='ltr'><strong>reos</strong></span> <span class='ocrx_word' id='word_1_363' title='bbox 1374 3099 1439 3138; x_wconf 89' lang='lat' dir='ltr'><strong>essa</strong></span> 
     </span>
     <span class='ocr_line' id='line_1_33' title="bbox 230 3155 1440 3236; baseline 0.002 -21"><span class='ocrx_word' id='word_1_364' title='bbox 230 3174 268 3215; x_wconf 89' lang='lat' dir='ltr'><strong>ex</strong></span> <span class='ocrx_word' id='word_1_365' title='bbox 279 3157 360 3234; x_wconf 88' lang='lat' dir='ltr'><strong>Lege</strong></span> <span class='ocrx_word' id='word_1_366' title='bbox 369 3155 503 3217; x_wconf 87' lang='lat' dir='ltr'><strong>naturali.</strong></span> <span class='ocrx_word' id='word_1_367' title='bbox 533 3161 563 3217; x_wconf 77' lang='lat'><strong>2.</strong></span> <span class='ocrx_word' id='word_1_368' title='bbox 578 3177 616 3216; x_wconf 89' lang='lat' dir='ltr'><strong>ax</strong></span> <span class='ocrx_word' id='word_1_369' title='bbox 629 3156 727 3216; x_wconf 87' lang='lat' dir='ltr'><strong>verbis</strong></span> <span class='ocrx_word' id='word_1_370' title='bbox 741 3155 927 3235; x_wconf 86' lang='lat' dir='ltr'><strong>sequentibus</strong></span> <span class='ocrx_word' id='word_1_371' title='bbox 941 3175 1007 3234; x_wconf 79' lang='lat' dir='ltr'><strong>quaa</strong></span> <span class='ocrx_word' id='word_1_372' title='bbox 1020 3163 1088 3216; x_wconf 89' lang='lat' dir='ltr'><strong>sunt</strong></span> <span class='ocrx_word' id='word_1_373' title='bbox 1101 3157 1239 3233; x_wconf 62' lang='grc' dir='ltr'><strong>ἱξηπιιὲ,</strong></span> <span class='ocrx_word' id='word_1_374' title='bbox 1252 3158 1320 3234; x_wconf 88' lang='lat' dir='ltr'><strong>quia</strong></span> <span class='ocrx_word' id='word_1_375' title='bbox 1333 3159 1440 3236; x_wconf 65' lang='lat' dir='ltr'><strong>[spem</strong></span> 
     </span>
     <span class='ocr_line' id='line_1_34' title="bbox 230 3235 1439 3372; baseline 0.002 -76"><span class='ocrx_word' id='word_1_376' title='bbox 230 3255 287 3329; x_wconf 69' lang='lat' dir='ltr'><strong>pou</strong></span> <span class='ocrx_word' id='word_1_377' title='bbox 300 3239 435 3372; x_wconf 54' lang='grc' dir='ltr'><strong>Ιιῖξοηίω,</strong></span> <span class='ocrx_word' id='word_1_378' title='bbox 451 3245 517 3297; x_wconf 81' lang='lat' dir='ltr'><strong>sunt</strong></span> <span class='ocrx_word' id='word_1_379' title='bbox 534 3237 588 3298; x_wconf 73' lang='lat' dir='ltr'><strong>siti</strong></span> <span class='ocrx_word' id='word_1_380' title='bbox 605 3237 673 3316; x_wconf 68' lang='lat' dir='ltr'><strong>ipssa</strong></span> <span class='ocrx_word' id='word_1_381' title='bbox 687 3239 759 3297; x_wconf 77' lang='lat' dir='ltr'><strong>Lea.</strong></span> <span class='ocrx_word' id='word_1_382' title='bbox 782 3237 817 3297; x_wconf 87' lang='lat' dir='ltr'><strong>E.</strong></span> <span class='ocrx_word' id='word_1_383' title='bbox 838 3235 932 3296; x_wconf 86' lang='lat' dir='ltr'><strong>facere</strong></span> <span class='ocrx_word' id='word_1_384' title='bbox 953 3255 1018 3314; x_wconf 81' lang='lat' dir='ltr'><strong>quae</strong></span> <span class='ocrx_word' id='word_1_385' title='bbox 1038 3244 1105 3295; x_wconf 88' lang='lat' dir='ltr'><strong>sunt</strong></span> <span class='ocrx_word' id='word_1_386' title='bbox 1120 3235 1217 3314; x_wconf 90' lang='lat' dir='ltr'><strong>Legis,</strong></span> <span class='ocrx_word' id='word_1_387' title='bbox 1232 3245 1285 3314; x_wconf 90' lang='lat' dir='ltr'><strong>est,</strong></span> <span class='ocrx_word' id='word_1_388' title='bbox 1301 3257 1365 3297; x_wconf 88' lang='lat' dir='ltr'><strong>csse</strong></span> <span class='ocrx_word' id='word_1_389' title='bbox 1380 3239 1439 3298; x_wconf 88' lang='lat' dir='ltr'><strong>sibi</strong></span> 
     </span>
     <span class='ocr_line' id='line_1_35' title="bbox 229 3333 434 3374; baseline 0.01 -3"><span class='ocrx_word' id='word_1_390' title='bbox 229 3334 239 3370; x_wconf 90' lang='lat' dir='ltr'><strong>r</strong></span> <span class='ocrx_word' id='word_1_391' title='bbox 261 3333 300 3372; x_wconf 86' lang='lat' dir='ltr'><strong>srs</strong></span> <span class='ocrx_word' id='word_1_392' title='bbox 379 3333 434 3374; x_wconf 90' lang='lat' dir='ltr'><strong>am.</strong></span> 
     </span>
     <span class='ocr_line' id='line_1_36' title="bbox 240 3332 1436 3474; baseline 0.003 -23"><span class='ocrx_word' id='word_1_393' title='bbox 240 3332 379 3452; x_wconf 64' lang='lat' dir='ltr'><strong>pXVIlg.</strong></span> <span class='ocrx_word' id='word_1_394' title='bbox 401 3393 485 3452; x_wconf 86' lang='lat' dir='ltr'><strong>Licet</strong></span> <span class='ocrx_word' id='word_1_395' title='bbox 494 3393 611 3453; x_wconf 87' lang='lat' dir='ltr'><strong>Ethnici</strong></span> <span class='ocrx_word' id='word_1_396' title='bbox 625 3403 787 3474; x_wconf 80' lang='lat' dir='ltr'><strong>comparate</strong></span> <span class='ocrx_word' id='word_1_397' title='bbox 802 3393 982 3470; x_wconf 89' lang='lat' dir='ltr'><strong>considerati,</strong></span> <span class='ocrx_word' id='word_1_398' title='bbox 998 3401 1028 3453; x_wconf 89' lang='lat' dir='ltr'><strong>et</strong></span> <span class='ocrx_word' id='word_1_399' title='bbox 1040 3394 1130 3454; x_wconf 83' lang='lat' dir='ltr'><strong>relate</strong></span> <span class='ocrx_word' id='word_1_400' title='bbox 1143 3394 1181 3454; x_wconf 87' lang='lat' dir='ltr'><strong>ad</strong></span> <span class='ocrx_word' id='word_1_401' title='bbox 1195 3415 1226 3456; x_wconf 88' lang='lat' dir='ltr'><strong>se</strong></span> <span class='ocrx_word' id='word_1_402' title='bbox 1240 3394 1371 3472; x_wconf 87' lang='lat' dir='ltr'><strong>invicem,</strong></span> <span class='ocrx_word' id='word_1_403' title='bbox 1383 3395 1436 3454; x_wconf 88' lang='lat' dir='ltr'><strong>alii</strong></span> 
     </span>
     <span class='ocr_line' id='line_1_37' title="bbox 228 3471 1438 3554; baseline 0.004 -23"><span class='ocrx_word' id='word_1_404' title='bbox 228 3471 294 3531; x_wconf 84' lang='lat' dir='ltr'><strong>aliis</strong></span> <span class='ocrx_word' id='word_1_405' title='bbox 314 3471 453 3550; x_wconf 80' lang='lat' dir='ltr'><strong>justiores</strong></span> <span class='ocrx_word' id='word_1_406' title='bbox 476 3472 599 3550; x_wconf 71' lang='lat' dir='ltr'><strong>lincunt,</strong></span> <span class='ocrx_word' id='word_1_407' title='bbox 620 3473 690 3533; x_wconf 91' lang='lat' dir='ltr'><strong>licet</strong></span> <span class='ocrx_word' id='word_1_408' title='bbox 709 3491 807 3532; x_wconf 88' lang='lat' dir='ltr'><strong>eorum</strong></span> <span class='ocrx_word' id='word_1_409' title='bbox 828 3493 915 3551; x_wconf 89' lang='lat' dir='ltr'><strong>opera</strong></span> <span class='ocrx_word' id='word_1_410' title='bbox 935 3473 1059 3534; x_wconf 87' lang='lat' dir='ltr'><strong>civiliter</strong></span> <span class='ocrx_word' id='word_1_411' title='bbox 1079 3481 1109 3534; x_wconf 91' lang='lat' dir='ltr'><strong>et</strong></span> <span class='ocrx_word' id='word_1_412' title='bbox 1126 3476 1273 3536; x_wconf 77' lang='lat' dir='ltr'><strong>moraliter</strong></span> <span class='ocrx_word' id='word_1_413' title='bbox 1290 3475 1438 3554; x_wconf 79' lang='lat' dir='ltr'><strong>loquendo</strong></span> 
     </span>
     <span class='ocr_line' id='line_1_38' title="bbox 228 3549 1437 3632; baseline 0.004 -20"><span class='ocrx_word' id='word_1_414' title='bbox 228 3552 352 3612; x_wconf 77' lang='lat' dir='ltr'><strong>virtutes</strong></span> <span class='ocrx_word' id='word_1_415' title='bbox 366 3549 424 3610; x_wconf 89' lang='lat' dir='ltr'><strong>dici</strong></span> <span class='ocrx_word' id='word_1_416' title='bbox 441 3551 570 3629; x_wconf 89' lang='lat' dir='ltr'><strong>posaint;</strong></span> <span class='ocrx_word' id='word_1_417' title='bbox 592 3560 679 3630; x_wconf 84' lang='lat' dir='ltr'><strong>atque</strong></span> <span class='ocrx_word' id='word_1_418' title='bbox 699 3553 741 3612; x_wconf 91' lang='lat' dir='ltr'><strong>ita</strong></span> <span class='ocrx_word' id='word_1_419' title='bbox 760 3571 819 3611; x_wconf 90' lang='lat' dir='ltr'><strong>non</strong></span> <span class='ocrx_word' id='word_1_420' title='bbox 832 3553 904 3632; x_wconf 91' lang='lat' dir='ltr'><strong>ipsis</strong></span> <span class='ocrx_word' id='word_1_421' title='bbox 917 3552 1042 3613; x_wconf 85' lang='lat' dir='ltr'><strong>defuerit</strong></span> <span class='ocrx_word' id='word_1_422' title='bbox 1054 3553 1123 3614; x_wconf 80' lang='lat' dir='ltr'><strong>vitae</strong></span> <span class='ocrx_word' id='word_1_423' title='bbox 1136 3563 1214 3614; x_wconf 89' lang='lat' dir='ltr'><strong>recte</strong></span> <span class='ocrx_word' id='word_1_424' title='bbox 1228 3555 1369 3616; x_wconf 83' lang='lat' dir='ltr'><strong>institutae</strong></span> <span class='ocrx_word' id='word_1_425' title='bbox 1383 3556 1437 3618; x_wconf 88' lang='lat' dir='ltr'><strong>du·</strong></span> 
     </span>
     <span class='ocr_line' id='line_1_39' title="bbox 227 3631 1437 3792; baseline 0.004 -21"><span class='ocrx_word' id='word_1_426' title='bbox 227 3631 567 3790; x_wconf 49' lang='grc' dir='ltr'><strong>Ξῗῗξηέἆῗθῗζῒιὲιέἓ</strong></span> <span class='ocrx_word' id='word_1_427' title='bbox 578 3631 906 3791; x_wconf 48' lang='lat' dir='ltr'><strong>effitiunt</strong></span> <span class='ocrx_word' id='word_1_428' title='bbox 917 3632 1164 3792; x_wconf 45' lang='lat' dir='ltr'><strong>&amp;luunt</strong></span> <span class='ocrx_word' id='word_1_429' title='bbox 1181 3636 1437 3776; x_wconf 50' lang='lat' dir='ltr'><strong>stultit</strong></span> 
     </span>
     <span class='ocr_line' id='line_1_40' title="bbox 228 3765 1436 3872; baseline 0.003 -20"><span class='ocrx_word' id='word_1_430' title='bbox 228 3801 291 3852; x_wconf 89' lang='lat' dir='ltr'><strong>tum</strong></span> <span class='ocrx_word' id='word_1_431' title='bbox 304 3791 482 3871; x_wconf 84' lang='lat' dir='ltr'><strong>negativum,</strong></span> <span class='ocrx_word' id='word_1_432' title='bbox 492 3791 561 3870; x_wconf 88' lang='lat' dir='ltr'><strong>quia</strong></span> <span class='ocrx_word' id='word_1_433' title='bbox 573 3792 752 3852; x_wconf 87' lang='lat' dir='ltr'><strong>tolerabilior</strong></span> <span class='ocrx_word' id='word_1_434' title='bbox 764 3792 823 3854; x_wconf 86' lang='lat' dir='ltr'><strong>illis</strong></span> <span class='ocrx_word' id='word_1_435' title='bbox 836 3813 929 3872; x_wconf 87' lang='lat' dir='ltr'><strong>poenae</strong></span> <span class='ocrx_word' id='word_1_436' title='bbox 944 3794 1037 3854; x_wconf 67' lang='lat' dir='ltr'><strong>event</strong></span> <span class='ocrx_word' id='word_1_437' title='bbox 1050 3794 1195 3855; x_wconf 78' lang='lat' dir='ltr'><strong>conditior</strong></span> <span class='ocrx_word' id='word_1_438' title='bbox 1216 3795 1327 3854; x_wconf 83' lang='lat' dir='ltr'><strong>Tamen</strong></span> <span class='ocrx_word' id='word_1_439' title='bbox 1336 3765 1436 3856; x_wconf 62' lang='lat' dir='ltr'><strong>meos</strong></span> 
     </span>
     <span class='ocr_line' id='line_1_41' title="bbox 227 3871 1436 3952; baseline 0.004 -21"><span class='ocrx_word' id='word_1_440' title='bbox 227 3873 322 3952; x_wconf 86' lang='lat' dir='ltr'><strong>logice</strong></span> <span class='ocrx_word' id='word_1_441' title='bbox 342 3871 487 3951; x_wconf 89' lang='lat' dir='ltr'><strong>loquendo</strong></span> <span class='ocrx_word' id='word_1_442' title='bbox 507 3879 537 3932; x_wconf 90' lang='lat' dir='ltr'><strong>et</strong></span> <span class='ocrx_word' id='word_1_443' title='bbox 556 3872 646 3932; x_wconf 87' lang='lat' dir='ltr'><strong>reluta</strong></span> <span class='ocrx_word' id='word_1_444' title='bbox 660 3871 698 3932; x_wconf 89' lang='lat' dir='ltr'><strong>ad</strong></span> <span class='ocrx_word' id='word_1_445' title='bbox 713 3874 816 3950; x_wconf 88' lang='lat' dir='ltr'><strong>Deum,</strong></span> <span class='ocrx_word' id='word_1_446' title='bbox 831 3893 931 3934; x_wconf 89' lang='lat' dir='ltr'><strong>eorum</strong></span> <span class='ocrx_word' id='word_1_447' title='bbox 945 3893 1032 3952; x_wconf 88' lang='lat' dir='ltr'><strong>opera</strong></span> <span class='ocrx_word' id='word_1_448' title='bbox 1044 3875 1076 3933; x_wconf 90' lang='lat' dir='ltr'><strong>in</strong></span> <span class='ocrx_word' id='word_1_449' title='bbox 1090 3874 1246 3952; x_wconf 85' lang='lat' dir='ltr'><strong>speciemo</strong></span> <span class='ocrx_word' id='word_1_450' title='bbox 1265 3875 1345 3950; x_wconf 89' lang='lat' dir='ltr'><strong>tima,</strong></span> <span class='ocrx_word' id='word_1_451' title='bbox 1360 3875 1436 3936; x_wconf 90' lang='lat' dir='ltr'><strong>nihil</strong></span> 
     </span>
     <span class='ocr_line' id='line_1_42' title="bbox 227 3895 1435 4095; baseline 0.003 -83"><span class='ocrx_word' id='word_1_452' title='bbox 227 3953 309 4013; x_wconf 87' lang='lat' dir='ltr'><strong>aliud</strong></span> <span class='ocrx_word' id='word_1_453' title='bbox 328 3954 551 4095; x_wconf 54' lang='lat' dir='ltr'><strong>fueruarptspluam</strong></span> <span class='ocrx_word' id='word_1_454' title='bbox 572 3952 767 4032; x_wconf 88' lang='lat' dir='ltr'><strong>splendidiora</strong></span> <span class='ocrx_word' id='word_1_455' title='bbox 786 3963 913 4035; x_wconf 86' lang='lat' dir='ltr'><strong>peccata,</strong></span> <span class='ocrx_word' id='word_1_456' title='bbox 935 3972 1001 4032; x_wconf 82' lang='lat' dir='ltr'><strong>quea</strong></span> <span class='ocrx_word' id='word_1_457' title='bbox 1015 3955 1092 4033; x_wconf 88' lang='lat' dir='ltr'><strong>apud</strong></span> <span class='ocrx_word' id='word_1_458' title='bbox 1107 3955 1202 4014; x_wconf 90' lang='lat' dir='ltr'><strong>Deum</strong></span> <span class='ocrx_word' id='word_1_459' title='bbox 1216 3895 1290 4014; x_wconf 66' lang='lat' dir='ltr'><strong>nuit]</strong></span> <span class='ocrx_word' id='word_1_460' title='bbox 1303 3955 1435 4016; x_wconf 77' lang='lat' dir='ltr'><strong>conferre</strong></span> 
     </span>
    </p>

    <p class='ocr_par' dir='ltr' id='par_1_15' title="bbox 225 4041 1433 4428">
     <span class='ocr_line' id='line_1_43' title="bbox 266 4041 580 4095; baseline -0.003 0"><span class='ocrx_word' id='word_1_461' title='bbox 266 4043 384 4095; x_wconf 87' lang='lat' dir='ltr'><strong>tueruut</strong></span> <span class='ocrx_word' id='word_1_462' title='bbox 492 4041 580 4095; x_wconf 88' lang='lat' dir='ltr'><strong>utem.</strong></span> 
     </span>
     <span class='ocr_line' id='line_1_44' title="bbox 227 4051 1432 4194; baseline 0.001 -20"><span class='ocrx_word' id='word_1_463' title='bbox 227 4051 395 4175; x_wconf 75' lang='lat' dir='ltr'><strong>poXVIII.</strong></span> <span class='ocrx_word' id='word_1_464' title='bbox 411 4116 555 4194; x_wconf 88' lang='lat' dir='ltr'><strong>Exempla</strong></span> <span class='ocrx_word' id='word_1_465' title='bbox 568 4112 782 4191; x_wconf 88' lang='lat' dir='ltr'><strong>Melchisedcci,</strong></span> <span class='ocrx_word' id='word_1_466' title='bbox 794 4115 817 4176; x_wconf 85' lang='lat' dir='ltr'><strong>,J</strong></span> <span class='ocrx_word' id='word_1_467' title='bbox 817 4113 874 4191; x_wconf 90' lang='lat' dir='ltr'><strong>obi,</strong></span> <span class='ocrx_word' id='word_1_468' title='bbox 885 4113 1076 4190; x_wconf 74' lang='lat' dir='ltr'><strong>centurionis,</strong></span> <span class='ocrx_word' id='word_1_469' title='bbox 1089 4123 1119 4174; x_wconf 89' lang='lat' dir='ltr'><strong>et</strong></span> <span class='ocrx_word' id='word_1_470' title='bbox 1133 4113 1270 4173; x_wconf 90' lang='lat' dir='ltr'><strong>similium</strong></span> <span class='ocrx_word' id='word_1_471' title='bbox 1282 4133 1349 4192; x_wconf 87' lang='lat' dir='ltr'><strong>quae</strong></span> <span class='ocrx_word' id='word_1_472' title='bbox 1363 4113 1432 4176; x_wconf 84' lang='lat' dir='ltr'><strong>affe·</strong></span> 
     </span>
     <span class='ocr_line' id='line_1_45' title="bbox 225 4193 1431 4274; baseline 0.003 -24"><span class='ocrx_word' id='word_1_473' title='bbox 225 4200 331 4251; x_wconf 87' lang='lat' dir='ltr'><strong>rantur</strong></span> <span class='ocrx_word' id='word_1_474' title='bbox 344 4201 412 4254; x_wconf 87' lang='lat' dir='ltr'><strong>sunt</strong></span> <span class='ocrx_word' id='word_1_475' title='bbox 425 4196 535 4274; x_wconf 81' lang='lat' dir='ltr'><strong>uliana3</strong></span> <span class='ocrx_word' id='word_1_476' title='bbox 555 4195 624 4274; x_wconf 90' lang='lat' dir='ltr'><strong>quia</strong></span> <span class='ocrx_word' id='word_1_477' title='bbox 636 4194 680 4255; x_wconf 92' lang='lat' dir='ltr'><strong>illi</strong></span> <span class='ocrx_word' id='word_1_478' title='bbox 694 4211 793 4255; x_wconf 89' lang='lat' dir='ltr'><strong>omnes</strong></span> <span class='ocrx_word' id='word_1_479' title='bbox 807 4193 940 4273; x_wconf 87' lang='lat' dir='ltr'><strong>specialis</strong></span> <span class='ocrx_word' id='word_1_480' title='bbox 954 4195 1055 4270; x_wconf 81' lang='lat' dir='ltr'><strong>gratias</strong></span> <span class='ocrx_word' id='word_1_481' title='bbox 1069 4203 1099 4254; x_wconf 90' lang='lat' dir='ltr'><strong>et</strong></span> <span class='ocrx_word' id='word_1_482' title='bbox 1111 4195 1298 4256; x_wconf 77' lang='lat' dir='ltr'><strong>mvalaticnia</strong></span> <span class='ocrx_word' id='word_1_483' title='bbox 1311 4195 1431 4272; x_wconf 85' lang='lat' dir='ltr'><strong>auxilio,</strong></span> 
     </span>
     <span class='ocr_line' id='line_1_46' title="bbox 227 4272 1433 4355; baseline 0.005 -27"><span class='ocrx_word' id='word_1_484' title='bbox 227 4277 258 4329; x_wconf 89' lang='lat' dir='ltr'><strong>et</strong></span> <span class='ocrx_word' id='word_1_485' title='bbox 270 4287 341 4328; x_wconf 88' lang='lat' dir='ltr'><strong>vera</strong></span> <span class='ocrx_word' id='word_1_486' title='bbox 353 4272 554 4351; x_wconf 78' lang='lat' dir='ltr'><strong>fidelecerunt</strong></span> <span class='ocrx_word' id='word_1_487' title='bbox 573 4295 609 4336; x_wconf 90' lang='lat' dir='ltr'><strong>ea</strong></span> <span class='ocrx_word' id='word_1_488' title='bbox 628 4285 745 4355; x_wconf 88' lang='lat' dir='ltr'><strong>propter</strong></span> <span class='ocrx_word' id='word_1_489' title='bbox 762 4293 827 4353; x_wconf 81' lang='lat' dir='ltr'><strong>quae</strong></span> <span class='ocrx_word' id='word_1_490' title='bbox 840 4273 995 4335; x_wconf 89' lang='lat' dir='ltr'><strong>laudantur</strong></span> <span class='ocrx_word' id='word_1_491' title='bbox 1007 4274 1039 4334; x_wconf 90' lang='lat' dir='ltr'><strong>in</strong></span> <span class='ocrx_word' id='word_1_492' title='bbox 1059 4273 1224 4354; x_wconf 84' lang='lat' dir='ltr'><strong>Scriptun&#39;s,</strong></span> <span class='ocrx_word' id='word_1_493' title='bbox 1239 4293 1298 4334; x_wconf 91' lang='lat' dir='ltr'><strong>non</strong></span> <span class='ocrx_word' id='word_1_494' title='bbox 1311 4293 1349 4333; x_wconf 81' lang='lat' dir='ltr'><strong>ex</strong></span> <span class='ocrx_word' id='word_1_495' title='bbox 1364 4275 1433 4334; x_wconf 84' lang='lat' dir='ltr'><strong>aim·</strong></span> 
     </span>
     <span class='ocr_line' id='line_1_47' title="bbox 228 4348 551 4428; baseline 0.022 -22"><span class='ocrx_word' id='word_1_496' title='bbox 228 4348 296 4428; x_wconf 87' lang='lat' dir='ltr'><strong>plici</strong></span> <span class='ocrx_word' id='word_1_497' title='bbox 309 4357 420 4410; x_wconf 77' lang='lat' dir='ltr'><strong>natura</strong></span> <span class='ocrx_word' id='word_1_498' title='bbox 433 4352 551 4413; x_wconf 87' lang='lat' dir='ltr'><strong>lumine.</strong></span> 
     </span>
    </p>

    <p class='ocr_par' dir='ltr' id='par_1_16' title="bbox 224 4428 1434 4674">
     <span class='ocr_line' id='line_1_48' title="bbox 267 4428 1434 4515; baseline 0.006 -28"><span class='ocrx_word' id='word_1_499' title='bbox 267 4428 362 4488; x_wconf 86' lang='lat' dir='ltr'><strong>XIX.</strong></span> <span class='ocrx_word' id='word_1_500' title='bbox 386 4428 533 4489; x_wconf 71' lang='lat' dir='ltr'><strong>Cornelia</strong></span> <span class='ocrx_word' id='word_1_501' title='bbox 546 4432 617 4492; x_wconf 87' lang='lat' dir='ltr'><strong>licet</strong></span> <span class='ocrx_word' id='word_1_502' title='bbox 629 4434 756 4496; x_wconf 79' lang='lat' dir='ltr'><strong>Gentilis</strong></span> <span class='ocrx_word' id='word_1_503' title='bbox 769 4433 889 4512; x_wconf 81' lang='lat' dir='ltr'><strong>origine,</strong></span> <span class='ocrx_word' id='word_1_504' title='bbox 903 4433 959 4494; x_wconf 85' lang='lat' dir='ltr'><strong>fuit</strong></span> <span class='ocrx_word' id='word_1_505' title='bbox 971 4441 1068 4495; x_wconf 79' lang='lat' dir='ltr'><strong>tarum</strong></span> <span class='ocrx_word' id='word_1_506' title='bbox 1080 4433 1250 4515; x_wconf 84' lang='lat' dir='ltr'><strong>Proselytus</strong></span> <span class='ocrx_word' id='word_1_507' title='bbox 1260 4433 1434 4512; x_wconf 88' lang='lat' dir='ltr'><strong>Religione;</strong></span> 
     </span>
     <span class='ocr_line' id='line_1_49' title="bbox 224 4507 1434 4593; baseline 0.005 -25"><span class='ocrx_word' id='word_1_508' title='bbox 224 4507 280 4568; x_wconf 83' lang='lat' dir='ltr'><strong>atsi</strong></span> <span class='ocrx_word' id='word_1_509' title='bbox 293 4525 353 4567; x_wconf 87' lang='lat' dir='ltr'><strong>nou</strong></span> <span class='ocrx_word' id='word_1_510' title='bbox 368 4507 498 4569; x_wconf 87' lang='lat' dir='ltr'><strong>crederet</strong></span> <span class='ocrx_word' id='word_1_511' title='bbox 511 4509 651 4572; x_wconf 78' lang='lat' dir='ltr'><strong>Messium</strong></span> <span class='ocrx_word' id='word_1_512' title='bbox 661 4515 785 4593; x_wconf 80' lang='lat' dir='ltr'><strong>venisse,</strong></span> <span class='ocrx_word' id='word_1_513' title='bbox 799 4522 830 4574; x_wconf 87' lang='lat' dir='ltr'><strong>et</strong></span> <span class='ocrx_word' id='word_1_514' title='bbox 842 4533 906 4576; x_wconf 84' lang='lat' dir='ltr'><strong>ease</strong></span> <span class='ocrx_word' id='word_1_515' title='bbox 919 4515 942 4576; x_wconf 87' lang='lat' dir='ltr'><strong>J</strong></span> <span class='ocrx_word' id='word_1_516' title='bbox 943 4534 1024 4575; x_wconf 87' lang='lat' dir='ltr'><strong>esum</strong></span> <span class='ocrx_word' id='word_1_517' title='bbox 1038 4535 1124 4593; x_wconf 91' lang='lat' dir='ltr'><strong>quem</strong></span> <span class='ocrx_word' id='word_1_518' title='bbox 1135 4513 1240 4574; x_wconf 83' lang='lat' dir='ltr'><strong>Petrus</strong></span> <span class='ocrx_word' id='word_1_519' title='bbox 1257 4513 1415 4574; x_wconf 88' lang='lat' dir='ltr'><strong>nunciabat</strong></span> <span class='ocrx_word' id='word_1_520' title='bbox 1426 4536 1434 4590; x_wconf 89' lang='lat'><strong>;</strong></span> 
     </span>
     <span class='ocr_line' id='line_1_50' title="bbox 225 4587 1434 4674; baseline 0.007 -26"><span class='ocrx_word' id='word_1_521' title='bbox 225 4596 338 4667; x_wconf 87' lang='lat' dir='ltr'><strong>poterat</strong></span> <span class='ocrx_word' id='word_1_522' title='bbox 347 4595 447 4650; x_wconf 85' lang='lat' dir='ltr'><strong>tamen</strong></span> <span class='ocrx_word' id='word_1_523' title='bbox 462 4587 577 4651; x_wconf 84' lang='lat' dir='ltr'><strong>credere</strong></span> <span class='ocrx_word' id='word_1_524' title='bbox 591 4609 657 4652; x_wconf 87' lang='lat' dir='ltr'><strong>cum</strong></span> <span class='ocrx_word' id='word_1_525' title='bbox 671 4593 693 4654; x_wconf 87' lang='lat' dir='ltr'>J</span> <span class='ocrx_word' id='word_1_526' title='bbox 694 4593 785 4656; x_wconf 82' lang='lat' dir='ltr'><strong>udaia</strong></span> <span class='ocrx_word' id='word_1_527' title='bbox 798 4613 864 4656; x_wconf 88' lang='lat' dir='ltr'><strong>eum</strong></span> <span class='ocrx_word' id='word_1_528' title='bbox 878 4600 1032 4657; x_wconf 83' lang='lat' dir='ltr'><strong>vantumm</strong></span> <span class='ocrx_word' id='word_1_529' title='bbox 1046 4615 1084 4655; x_wconf 84' lang='lat' dir='ltr'><strong>ex</strong></span> <span class='ocrx_word' id='word_1_530' title='bbox 1098 4593 1221 4656; x_wconf 90' lang='lat' dir='ltr'><strong>oraculis</strong></span> <span class='ocrx_word' id='word_1_531' title='bbox 1233 4593 1434 4674; x_wconf 84' lang='lat' dir='ltr'><strong>Propheticia:</strong></span> 
     </span>
    </p>
   </div>
   <div class='ocr_carea' id='block_1_15' title="bbox 0 0 1584 5194">
    <p class='ocr_par' dir='ltr' id='par_1_17' title="bbox 0 0 1584 5194">
     <span class='ocr_line' id='line_1_51' title="bbox 0 0 1584 5194; baseline 0 4"><span class='ocrx_word' id='word_1_532' title='bbox 0 0 1584 5194; x_wconf 95' lang='lat' dir='ltr'><strong> </strong></span> 
     </span>
    </p>
   </div>
  </div>
 </body>
</html>
