3158 5180
278 353 338 410 406
755 365 847 408 cocus
861 367 997 416 oumuus.
1282 344 1452 426 [suamve.

277 509 342 588 ejus
364 507 602 585 significationem
627 505 839 566 declarandam.
860 512 889 590 4.
912 507 994 567 Licet
1013 525 1065 585 per
1083 525 1147 565 eam
1166 505 1273 566 Christi
1289 505 1413 565 nativitas
1425 507 1457 566 sit

279 588 439 666 designata,
451 607 534 645 nemo
546 595 642 645 tamen
656 585 724 645 inde
734 587 838 646 inferat
848 597 987 665 punctum
995 585 1157 646 nativitatis
1167 587 1230 664 ejus
1239 586 1268 643 in
1279 605 1312 644 ea
1320 585 1457 644 indicatum

279 669 377 746 tuisse,
390 668 439 725 vol
452 687 489 726 ex
504 687 538 725 ea
552 666 713 743 collectum,
729 667 820 726 multo
834 669 930 726 minus
943 669 1042 743 vitam,
1058 687 1161 742 mores,
1177 673 1206 724 et
1220 665 1326 724 exitum
1340 665 1460 723 Christis

280 749 371 808 stellae
384 747 470 806 istius
489 746 602 805 influxu
623 746 802 824 pependisse,
818 756 851 806 nt
865 747 1054 806 cavillabatur
1068 747 1136 804 olim
1152 747 1278 804 Faustus
1292 745 1459 818 Manichacus,

280 827 328 887 cui
347 828 421 886 bene
436 827 516 904 Aug.
530 825 581 884 lib.
597 825 626 883 ii.
641 835 741 884 contra
756 827 898 887 Faustum
911 825 1066 904 respondet
1079 825 1115 884 de
1138 825 1230 884 Stella
1249 824 1372 900 loquens,
1388 827 1403 856 “
1413 843 1460 882 non

281 907 483 980 dominabatur
503 905 618 963 Christo
638 903 676 962 ad
696 906 851 982 decretum,
874 905 926 964 sed
946 905 1138 964 famulabatur
1151 905 1190 963 ad
1210 903 1404 978 testimonium,
1417 923 1462 962 use

281 986 453 1064 subjiciebat
467 985 595 1062 imperio,
610 984 662 1042 sed
676 984 822 1044 indicabat
836 985 1003 1063 obsequio.”

324 1061 414 1124 XIV.
437 1065 530 1124 Aliud
543 1072 588 1122 est
601 1084 638 1122 ex
653 1064 725 1122 facie
740 1065 806 1124 coeli
820 1085 993 1143 cognoscere
1008 1063 1137 1140 imbrem,
1153 1061 1203 1122 vel
1224 1069 1324 1121 astum
1344 1061 1461 1138 summm,

283 1153 313 1205 et
331 1166 365 1204 ea
386 1165 450 1222 quae
471 1143 614 1203 nabnalia
633 1151 709 1220 sunt,
731 1153 761 1204 et
781 1164 799 1203 a
819 1141 922 1204 causis
934 1143 1114 1204 naturalibus
1134 1142 1281 1221 pendent;
1303 1142 1389 1201 Aliud
1405 1161 1464 1200 vero

283 1245 457 1302 cognoscere
471 1243 566 1282 rerum
580 1222 740 1281 fartrrrarum
751 1233 881 1300 eventus,
897 1225 1040 1284 ethberos
1055 1231 1150 1283 motus
1161 1222 1320 1282 voluntatis
1332 1223 1463 1296 humanam

285 1306 370 1364 Prius
398 1303 503 1362 dieitur
525 1303 596 1360 Luc.
617 1303 669 1360 xii.
689 1304 737 1378 54,
762 1305 820 1380 553
849 1305 914 1362 Non
937 1305 1087 1381 posterius.
1130 1301 1352 1378 Astrologorum
1371 1302 1463 1380 ems-'⁹

284 1409 332 1450 esc
352 1391 474 1462 possunt
497 1382 614 1459 quidem
633 1383 731 1440 locum
754 1383 861 1442 habere
888 1384 964 1442 intra
985 1385 1126 1460 sphaeram
1147 1401 1240 1456 suam,
1263 1381 1384 1458 quandiu
1402 1381 1465 1438 intra

284 1463 354 1522 artis
370 1484 428 1522 suae
443 1462 580 1521 terminos
595 1481 625 1520 se
640 1461 796 1538 continent,
812 1463 884 1522 alias
897 1461 1110 1541 proscribendos
1129 1469 1207 1536 srmt‚
1230 1469 1264 1520 ut
1277 1459 1422 1519 temeraria
1440 1467 1464 1517 et

284 1543 410 1602 fallaces.
1268 1547 1270 1552 '

326 1621 398 1680 XV.
422 1619 504 1678 Licet
518 1619 591 1678 coeli
604 1617 730 1679 habeant
745 1641 811 1679 suas
825 1618 947 1698 loripes,
972 1641 1010 1680 ex
1034 1621 1120 1680 Matt.
1146 1619 1231 1678 xxiv.
1254 1621 1303 1696 29,
1327 1618 1464 1696 quibusin

285 1703 347 1776 haee
360 1696 495 1758 inferiora
508 1707 608 1776 agunt,
622 1698 696 1773 luce,
711 1711 792 1759 motu
806 1710 836 1760 et
850 1701 962 1759 influxu
977 1721 1045 1778 suo;
1061 1720 1120 1758 non
1136 1699 1268 1776 sequitur
1281 1717 1363 1776 agere
1376 1699 1465 1776 pariter

284 1781 315 1838 in
330 1781 433 1855 omnia,
450 1778 716 1838 etiam'voluntates
730 1788 760 1838 et
774 1781 893 1840 consilia
906 1781 1063 1840 hominum.
1106 1780 1147 1856 Et
1168 1797 1258 1856 quum
1280 1778 1382 1837 ibidem
1400 1777 1465 1835 addit

285 1859 417 1918 Christus
432 1859 516 1937 signa
529 1857 589 1916 fore
603 1857 634 1915 in
649 1858 730 1934 coelo,
746 1879 811 1936 quas
826 1861 902 1918 diem
916 1859 1059 1918 adventus
1070 1859 1115 1918 sui
1128 1859 1270 1938 postremi
1282 1857 1464 1936 praenunciant,

285 1959 344 1997 non
357 1939 419 2016 agit
432 1938 469 1997 de
483 1937 533 1997 illa
547 1936 674 1996 siderum
688 1937 852 2014 affectione,¹
863 1960 927 2017 quae
941 1960 978 1998 ex
992 1947 1102 1998 naturae
1117 1947 1195 1998 stato
1215 1947 1245 1996 et
1259 1937 1384 1997 ordinato
1396 1955 1464 1994 cursu

284 2019 418 2094 eveniat3
442 2016 493 2076 sed
506 2017 543 2076 de
557 2025 663 2076 eventu
678 2018 803 2095 quodam
816 2019 1052 2094 extraordinario,
1067 2019 1152 2097 cujus
1166 2037 1285 2096 prorsus
1302 2017 1371 2074 nihil
1389 2015 1464 2075 simile

285 2107 330 2158 est
351 2105 380 2157 et
399 2117 463 2156 cum
477 2095 528 2156 illo
543 2097 725 2172 conveniens,
742 2097 777 2156 de
793 2099 884 2180 signis
895 2106 968 2177 puta
981 2106 1011 2157 et
1023 2097 1175 2176 portentis,
1190 2117 1257 2175 quae
1272 2097 1350 2155 Dens
1371 2094 1465 2173 proprie

285 2186 315 2237 et
327 2177 510 2255 peculiariter
523 2175 561 2234 ad
574 2176 731 2236 adventum
746 2177 853 2238 Christi
867 2177 1134 2237 accommodaturus
1149 2186 1205 2251 est,
1221 2176 1259 2235 ed
1279 2175 1376 2234 fideles
1388 2174 1419 2232 de
1438 2190 1466 2230 oo

284 2255 589 2330 commonefaciendos,
606 2264 635 2314 et
647 2255 778 2315 infideles
792 2259 886 2334 magis
900 2257 1050 2335 magisque
1064 2257 1219 2316 convictos
1233 2264 1262 2314 et
1280 2252 1467 2314 inexcusabiles

284 2333 456 2408 reddendos,
471 2353 536 2410 quae
549 2333 669 2409 proinde
684 2355 722 2392 ex
735 2337 862 2394 motibus
876 2345 905 2396 et
919 2346 1038 2414 aspectu
1052 2345 1199 2394 astrorum
1213 2335 1338 2412 intelligi
1357 2354 1408 2393 uon
1426 2351 1466 2408 po

284 2421 389 2488 terunt,
404 2421 503 2490 utpote
518 2432 583 2488 quae
597 2421 707 2472 motum
721 2422 751 2473 et
765 2413 894 2473 ordinem
908 2415 991 2474 illum
1006 2435 1200 2492 communem,
1216 2417 1246 2472 iu
1268 2433 1324 2492 quo
1338 2409 1466 2487 Astrologi

283 2493 459 2570 praecipuum
474 2491 544 2550 artis
558 2511 617 2550 suae
631 2491 842 2552 firmamentum
857 2493 998 2554 collocare
1013 2495 1115 2571 solent,
1130 2494 1320 2554 immutatum
1333 2495 1393 2552 sint

324 2571 415 2630 XVI.
438 2569 530 2628 Aliud
544 2579 588 2629 est
603 2570 729 2648 Corpora
751 2573 881 2632 coelestia
904 2583 934 2633 et
956 2575 1123 2634 sublunaria
1144 2573 1225 2633 inter
1248 2594 1279 2632 se
1300 2571 1426 2649 colligari,
1443 2575 1468 2627 et

285 2651 347 2708 dari
362 2650 457 2708 varias
471 2649 673 2727 impressiones
687 2652 847 2728 illorumin
865 2674 985 2732 corpora
1004 2663 1112 2729 nostra,
1133 2663 1163 2712 et
1187 2654 1284 2712 varias
1307 2651 1466 2712 altemtionos

284 2729 349 2788 illas
364 2737 581 2806 consequentes,
596 2749 648 2806 per
661 2751 734 2808 quas
747 2733 874 2792 motione
888 2734 1028 2793 indirecta
1041 2733 1215 2792 humoribus
1229 2733 1345 2792 mutatis
1366 2728 1466 2790 diversi·

284 2808 369 2868 mode
392 2807 514 2867 afficitur
537 2807 650 2869 animus
673 2811 837 2888 humanus3
869 2813 948 2890 quod
969 2809 1168 2888 concedimus;
1196 2811 1289 2872 Aliud
1309 2831 1375 2871 vero
1394 2810 1466 2868 Asca

285 2909 371 2966 agere
385 2889 416 2946 in
429 2888 609 2948 voluntatem
624 2898 654 2949 et
667 2892 795 2950 actiones
809 2893 958 2969 humanas,
978 2893 1105 2972 motione,
1121 2891 1169 2950 vel
1196 2893 1312 2969 derecto,
1327 2891 1371 2950 vel
1392 2905 1466 2948 acca-

283 2968 384 3042 sario;
405 2968 484 3045 quod
497 2989 655 3047 negamus:
677 2991 743 3029 cum
756 2971 807 3030 illa
828 2973 866 3030 sit
885 2972 1014 3053 potentia
1038 2971 1208 3049 inorganica
1230 2979 1260 3031 et
1281 2966 1465 3037 immaterialis,

284 3049 347 3108 istoc
361 3069 431 3107 vero
446 3051 569 3108 acausIs
581 3050 751 3127 partialibus
765 3058 794 3110 et
818 3051 956 3128 proximis
978 3049 1131 3129 pendeant,
1156 3049 1352 3111 diversimode
1372 3045 1464 3128 spatii·

284 3128 417 3186 cantibus
431 3127 574 3186 influxum
588 3149 682 3189 causae
696 3131 863 3190 eommunis.

326 3206 434 3266 XVII.
456 3207 613 3285 Iosephus,
630 3217 658 3268 et
679 3209 778 3268 Moses
799 3209 830 3267 in
855 3209 1072 3286 AEgyptiorum,
1097 3209 1206 3268 Daniel
1231 3209 1262 3270 in
1287 3209 1464 3270 chaldeorum
1537 3209 1538 3232 t

285 3285 425 3362 sapientia
439 3285 564 3345 instituti
577 3287 722 3364 leguntur,
739 3288 806 3347 Aet.
822 3289 871 3348 vii.
894 3291 942 3364 22,
958 3288 1033 3347 Dan.
1049 3288 1068 3347 i.
1085 3292 1132 3346 17.
1176 3289 1238 3349 Sed
1259 3311 1317 3349 non
1336 3295 1467 3367 propterea

284 3363 368 3420 vanis
382 3363 446 3420 istis
460 3371 489 3421 et
503 3365 598 3440 impiis
613 3365 839 3427 divinationibus
863 3365 1016 3426 indulsisse
1039 3367 1192 3428 dicuntur':
1218 3369 1364 3448 Sapientis
1383 3379 1465 3426 eorum

284 3441 393 3500 versari
407 3442 501 3518 potuit
515 3444 591 3500 circa
605 3444 704 3528 literas
717 3446 960 3524 hieroglyphicas,
977 3447 1066 3506 Artes
1079 3447 1224 3526 liberales,
1242 3449 1387 3520 Numeros,
1402 3445 1464 3503 Geo-

283 3517 424 3610 metriam,
441 3517 639 3598 Astrologiani
654 3523 739 3581 etiam
754 3527 923 3602 naturalem,
940 3525 992 3584 sed
1009 3527 1142 3603 sobriam,
1165 3537 1195 3586 et
1216 3527 1318 3588 solidis
1339 3520 1466 3604 principiis

282 3605 461 3673 mmtentem,
477 3619 537 3657 non
551 3607 655 3659 vanam
670 3611 700 3661 et
713 3604 830 3681 impiam
846 3607 1081 3687 &mopsuestias
1101 3625 1159 3682 qua
1179 3625 1294 3685 semper
1317 3597 1464 3665 alienissimi
1537 3599 1538 3634 ³

283 3677 407 3754 fuerunt.
450 3679 490 3738 Et
509 3679 534 3738 si
555 3700 620 3758 quae
640 3683 778 3742 vaticinia
798 3685 930 3762 edebant,
952 3686 1010 3764 vel
1021 3686 1292 3763 interpretabantur,
1315 3705 1348 3745 aa
1366 3691 1418 3743 non
1434 3695 1465 3738 ex
1537 3689 1538 3706 ¹

284 3755 392 3834 Astris,
408 3758 460 3817 sed
474 3778 512 3817 ex
528 3759 583 3828 Dei
597 3761 773 3822 revelatione
787 3765 940 3841 habebant,
957 3767 1004 3825 cui
1018 3785 1052 3824 ea
1066 3775 1184 3843 accepta
1197 3765 1336 3825 ferebant

324 3835 449 3896 XVIII.
480 3838 530 3897 Ad
558 3839 773 3918 Experimento,
797 3863 860 3920 quae
883 3843 978 3902 afferri
1000 3845 1102 3920 solent,
1128 3847 1209 3904 varia
1231 3845 1332 3923 reponi
1352 3844 1464 3921 possunt·

285 3919 312 3975 1.
335 3917 477 3995 Pleraque
502 3937 539 3978 ox
562 3919 598 3978 iis
620 3941 683 3980 esse
709 3923 844 3982 sublestae
870 3923 946 3999 fidei,
970 3932 999 3982 et
1023 3924 1119 3983 dubiae
1141 3925 1331 4000 authoritatis,
1356 3915 1465 3999 qucvel

282 4015 374 4055 vanos
390 3997 550 4075 Scriptores
563 3999 679 4076 hebent,
695 4001 743 4060 vel
758 4003 979 4080 superstitiosos.
1022 4007 1051 4062 2.
1067 4001 1208 4082 Pleraque
1222 4002 1370 4063 sententiis
1389 3996 1464 4058 lubri-

282 4075 324 4134 cis
338 4084 368 4135 et
382 4077 564 4154 ancipitibus,
579 4087 609 4137 et
622 4080 657 4156 ,in
678 4090 830 4158 utrumque
852 4083 1036 4141 versatilibus
1056 4081 1119 4159 niti,
1141 4083 1237 4160 qualis
1258 4090 1338 4142 erant
1358 4075 1465 4140 Oracula

282 4153 430 4233 Apollinis
444 4158 538 4232 Λοξίου,
560 4167 592 4216 ut
606 4161 864 4238 quomodocunque
878 4181 925 4220 res
939 4160 1031 4237 cadat,
1054 4181 1114 4220 rem
1134 4183 1187 4222 acu
1210 4161 1340 4240 tetigisse
1361 4157 1464 4216 videau-

282 4240 338 4310 tur.
380 4237 407 4293 3.
432 4235 464 4293 Si
478 4237 609 4312 quaedam
623 4239 825 4315 praedictiones
839 4249 946 4300 eventu
964 4248 1031 4300 sunt
1052 4243 1251 4320 comprobata,
1274 4259 1332 4299 non
1351 4235 1466 4316 sequitur

281 4311 432 4398 scientiam
445 4312 525 4372 illam
541 4325 648 4374 certam
661 4337 734 4393 esse,
751 4328 780 4378 et
794 4321 871 4378 veris
892 4317 1087 4380 frmdamentis
1108 4323 1215 4397 nixam,
1236 4320 1304 4397 quia
1323 4319 1464 4387 innumerae

281 4397 349 4449 sunt
359 4391 435 4465 ,alia
450 4412 571 4469 quarum
586 4397 742 4456 vanitatem
758 4399 844 4458 elusit
857 4406 887 4458 et
900 4399 1069 4478 proscripsit
1091 4401 1220 4460 eventus.
1263 4401 1291 4456 4.
1313 4397 1465 4455 Eventuum

280 4469 397 4544 veritas,
412 4479 471 4528 non
485 4493 567 4532 vanae
582 4473 631 4532 isti
645 4476 700 4534 arti
714 4476 867 4536 tribuenda
881 4485 933 4553 est,
955 4477 1015 4552 sed,
1038 4479 1097 4538 Vol
1117 4477 1334 4538 vaticinantium
1346 4470 1467 4538 solertis,

280 4545 348 4618 quia
361 4547 411 4604 ubi
426 4557 470 4608 est
484 4551 555 4628 ipsis
569 4563 733 4630 compertus
747 4557 859 4632 genius,
880 4557 1038 4633 inclinatio,
1060 4577 1162 4634 morea,
1186 4556 1291 4630 studia,
1313 4562 1342 4611 ot
1361 4546 1468 4608 consilia

279 4638 386 4696 eorum,
399 4627 476 4698 apud
490 4649 562 4704 quos
576 4639 658 4689 vates
673 4644 772 4710 agunt,
784 4635 867 4694 facile
881 4645 925 4695 est
939 4635 1010 4714 ipsis
1024 4645 1166 4697 astrorum
1176 4637 1297 4697 obtentu
1306 4631 1466 4705 mulaprae·
