3174 5174
217 341 276 398 520
698 353 946 397 noousoorsvus.
1238 335 1369 418 [Quasr.
1383 355 1429 396 1n.

218 498 257 557 ad
271 499 418 559 Adamum
443 499 544 574 solum,
560 497 656 557 sedin
679 497 730 555 illo
744 497 782 555 ad
806 516 905 556 omnes
919 497 983 574 ojus
1004 502 1136 575 posteros
1149 495 1302 574 pertinuit.
1344 496 1428 572 and

220 579 263 638 cl.
279 579 383 656 Amyr.
399 581 482 658 Disp.
496 580 532 638 dc
543 578 635 638 tribus
645 577 760 636 Foeder.
769 578 810 636 th.
823 579 851 652 8,
863 577 1004 654 agnoscit,
1018 578 1036 610 “
1048 575 1112 650 Qua
1122 577 1235 653 primus
1245 577 1336 635 homo
1345 577 1428 651 luit‚”

218 658 322 737 inquit,
339 663 358 692 “
368 659 534 719 universnm
549 677 641 736 genus
662 658 828 733 humanum,
844 657 922 734 quod
943 677 981 715 cx
995 676 1030 716 ec
1050 657 1231 715 nasciturum
1250 665 1324 731 erat,
1339 657 1432 715 velati

219 740 465 816 mproescntavit.’'
508 737 746 798 Fundmentum·
763 745 859 796 autam
879 737 964 796 istius
985 736 1196 795 communionis
1218 736 1314 796 oritur
1327 755 1366 796 ex
1379 736 1431 795 du-

219 819 289 897 plici
303 819 427 894 vinculo,
442 839 500 895 quo
513 818 645 876 homines
656 837 722 876 cum
731 817 846 876 Adamo
857 817 1040 893 colligantur,
1050 817 1181 874 natarali
1188 835 1258 891 uno,
1272 815 1433 875 secundnm

220 897 298 976 quod
313 898 400 957 Pater
413 897 467 957 fuit
481 897 642 957 communis
655 897 792 972 omnium,
807 896 895 955 atilli
914 897 978 973 ejus
991 895 1053 972 filii,
1061 897 1177 970 sorarai
1195 895 1299 970 altero,
1315 914 1374 973 quo
1394 916 1434 956 cx

220 977 431 1055 sapientissima
445 977 502 1036 Dei
516 977 704 1046 Providentia
717 977 748 1034 in
763 976 926 1054 Principem
940 983 970 1035 et
984 977 1079 1053 Caput
1089 975 1206 1054 generis
1219 976 1344 1034 humani
1364 995 1432 1034 con-

221 1057 338 1116 stitutus
353 1065 405 1132 est,
420 1059 472 1134 qui
485 1077 538 1136 pro
561 1076 592 1117 se
605 1063 636 1116 et
656 1056 717 1116 suis
730 1057 920 1131 contraheret,
936 1063 965 1115 et
984 1055 1062 1115 bona
1082 1056 1140 1114 sibi
1159 1055 1278 1132 collata,
1293 1063 1433 1134 tanquam

219 1136 296 1196 bona
309 1139 473 1197 communia
487 1137 540 1197 toti
553 1146 673 1212 naturas,
689 1145 719 1194 et
732 1136 788 1195 sibi
802 1144 832 1195 et
845 1137 905 1195 suis
919 1135 1039 1228 baberet
1051 1135 1100 1193 vel
1114 1135 1272 1228 amitteret
1306 1215 1326 1229 ..

221 1268 463 1382 aasz&
483 1216 604 1372 ..tl
616 1214 1436 1374 ,aasassatasraastaa

250 1387 321 1456 aione
332 1386 410 1456 oneri,
421 1401 464 1433 ssu
484 1376 673 1454 promissione
693 1373 828 1434 beneficii
847 1395 865 1433 a
885 1382 966 1452 parte
981 1374 1046 1448 Dei,
1061 1383 1092 1433 et
1105 1375 1306 1452 acceptatione
1321 1393 1341 1433 a
1353 1381 1435 1452 parte

251 1444 464 1548 poppaentmlregi
485 1455 641 1515 hominis·
664 1455 790 1528 Officium
810 1455 865 1514 fuit
884 1454 988 1532 partim
1010 1455 1154 1531 generale,
1174 1453 1282 1531 partim
1297 1453 1433 1531 speciale,

235 1583 237 1591 .
268 1516 281 1548 ⁰
299 1509 348 1548 ’ω’
482 1537 570 1615 juxta
590 1535 734 1612 duplicem
747 1535 842 1612 legam
856 1535 912 1612 ipsi
924 1535 1023 1609 latam,
1037 1533 1178 1593 moralem
1192 1553 1245 1592 seu
1259 1534 1433 1608 naturalem,

223 1623 253 1674 at
267 1614 465 1693 symbolicam.
509 1616 651 1677 aeneae
671 1614 726 1675 fuit
745 1615 872 1696 cognitio
894 1622 924 1673 at
945 1613 1041 1674 cultus
1056 1614 1121 1688 Dei,
1144 1633 1211 1672 cum
1230 1613 1351 1691 justitia
1364 1633 1435 1690 erga

222 1695 395 1774 proximum,
411 1703 441 1754 et
454 1695 619 1754 omnimoda
640 1694 792 1754 sanctitate
804 1717 811 1771 ;
834 1695 962 1770 ἃρεσίαῑε
975 1692 1030 1753 fuit
1048 1693 1225 1752 abstinentia
1238 1713 1257 1750 a
1271 1692 1370 1752 fructu
1383 1713 1434 1751 vc-

222 1775 285 1849 tito,
301 1775 331 1832 in
346 1794 404 1852 qua
417 1775 507 1834 totius
522 1775 611 1852 Legis
625 1774 790 1834 obedientia
799 1775 881 1833 velut
894 1773 925 1831 in
939 1773 1110 1851 compendio
1123 1781 1153 1832 et
1167 1772 1328 1850 specimine
1341 1773 1433 1832 conti-

222 1854 354 1914 nebatur.
396 1854 476 1914 Illud
489 1854 664 1915 fundabatur
676 1854 707 1912 in
722 1853 802 1931 Lege
815 1853 947 1927 naturali,
962 1871 1028 1930 quaa
1042 1872 1100 1912 non
1114 1852 1144 1910 in
1158 1852 1235 1912 libro
1248 1849 1368 1930 scripta
1384 1851 1435 1912 sed

222 1932 253 1991 in
268 1934 354 1994 corda
367 1933 512 2014 insculpta
525 1942 555 1994 et
575 1934 715 2012 impressa
727 1934 790 2008 fuit,
806 1934 842 1992 de
863 1953 920 2026 qua
934 1933 1044 1992 Paulus
1062 1933 1111 2009 ait,
1128 1935 1259 1991 “omnes
1273 1941 1380 1991 natura
1393 1932 1435 1990 fa-

223 2033 288 2073 cere
302 2034 367 2092 quas
382 2023 450 2074 sunt
464 2014 561 2092 Legis,
577 2023 606 2074 et
627 2034 699 2092 opus
715 2014 804 2092 Legis
825 2021 964 2091 scriptum
978 2032 1041 2072 esse
1055 2011 1086 2070 in
1099 2012 1236 2072 cordibus
1250 2013 1434 2086 hominnm‚”

224 2093 310 2154 Rom.
325 2095 355 2154 ii.
373 2097 418 2170 14,
436 2097 493 2155 15:
515 2095 562 2154 Ita
580 2094 677 2172 utqui
695 2103 763 2154 sunt
783 2093 845 2152 sine
860 2093 939 2170 Lege
960 2092 1075 2170 scripta,
1090 2112 1148 2150 non
1169 2093 1230 2151 sint
1249 2100 1350 2151 tamen
1371 2092 1434 2150 sine

225 2173 306 2252 Lege
320 2175 442 2252 sculpta,
458 2194 524 2234 cum
537 2175 595 2252 ipsi
618 2193 670 2252 per
683 2173 866 2234 conscientiae
886 2173 1031 2232 dictamen
1052 2171 1193 2249 sibiipsis
1207 2171 1267 2231 sint
1282 2172 1366 2248 Lex;
1390 2171 1433 2230 Is-

223 2253 276 2312 tud
290 2254 321 2312 in
335 2254 416 2332 Lege
430 2253 591 2332 symbolica
610 2262 641 2313 et
653 2253 788 2330 positiva.
831 2253 910 2312 Illud
929 2251 1105 2330 praecipuum
1126 2259 1156 2310 et
1175 2251 1348 2329 primarium
1369 2249 1433 2326 fuit,

224 2331 292 2391 Hoc
305 2353 375 2391 vero
389 2341 502 2393 tantum
516 2333 726 2393 secundarium.
769 2333 908 2408 Quamvis
922 2333 999 2391 enim
1013 2331 1131 2409 speciali
1144 2350 1261 2408 quoque
1275 2339 1432 2408 praecepto,

224 2431 276 2470 seu
291 2411 365 2488 Lagi
388 2411 437 2472 isti
458 2412 625 2490 symbolicae
649 2413 706 2490 ipsi
729 2412 813 2488 data,
829 2431 929 2490 parere
942 2419 1106 2487 teneretur;
1128 2411 1313 2488 potissimum
1335 2419 1434 2470 tamen

224 2489 314 2568 Legis
327 2490 467 2550 naturalis
481 2491 645 2550 obedientia
658 2490 769 2568 abipso
780 2491 988 2569 requirebatur,
1001 2491 1048 2550 cui
1058 2489 1245 2569 explorandas
1254 2499 1434 2570 praceptum

223 2569 279 2628 boc
293 2569 485 2649 symbolicum
499 2579 611 2630 tantum
625 2571 765 2647 inserviit,
781 2579 814 2630 ut
831 2579 933 2649 postea
946 2571 1066 2631 dicetur.

239 2701 447 2810 aunigpgbuorlt
483 2649 1347 2808 haffigtiefflggieptipagpgpppamgssgffipffiffis
1356 2650 1436 2790 eslslsbl

484 2829 555 2870 vera
568 2819 598 2869 et
611 2809 723 2869 sincera
736 2829 775 2870 ex
795 2819 857 2870 toto
870 2811 966 2886 corde,
986 2830 1044 2870 non
1063 2809 1252 2888 hypocritiae,
1267 2817 1299 2868 ct
1312 2817 1438 2868 externa

224 2895 337 2948 tantum
362 2889 506 2968 corporis3
529 2894 557 2950 2.
571 2891 683 2950 ratione
704 2891 808 2966 objecti,
823 2892 1068 2966 acivaaolitotem,
1088 2897 1123 2949 ut
1142 2889 1360 2964 extenderetur,
1375 2909 1436 2948 non

224 2968 262 3028 ad
276 2968 409 3047 quaedam
423 2977 545 3046 tantum,
561 2969 613 3030 sed
629 2971 667 3029 ad
687 2971 784 3030 omnia
798 2970 887 3048 Legis
900 2979 1052 3049 praecepta,
1075 2969 1155 3029 nullo
1174 2977 1320 3046 except03
1343 2972 1372 3028 3.
1387 2989 1434 3028 ra·

224 3048 303 3108 tione
314 3051 466 3128 granam,
482 3051 668 3128 intensionem,
678 3058 711 3110 ut
721 3059 799 3110 esset
807 3050 942 3128 perfecta,
954 3059 984 3110 ct
993 3049 1126 3110 omnibus
1137 3047 1265 3108 numeris
1279 3048 1433 3124 absoluta;

224 3131 254 3188 4.
268 3131 379 3190 ratione
393 3132 558 3208 amaseae,
575 3131 826 3208 peremerantiam,
840 3139 874 3190 ut
894 3139 971 3190 esset
990 3138 1126 3189 constans
1143 3136 1172 3188 et
1185 3135 1329 3206 perpetua
1340 3149 1437 3207 usqne

224 3208 263 3267 ad
275 3209 364 3269 finem
377 3211 439 3270 sine
453 3211 670 3288 interruptione.

227 3319 230 3324 ·
265 3287 357 3348 XIV.
379 3289 430 3348 Ad
442 3290 518 3348 banc
531 3309 602 3348 vero
623 3289 825 3367 obedientiam,
838 3289 908 3349 licet
926 3290 1014 3349 bomo
1028 3289 1174 3366 obligatus
1191 3287 1254 3366 jam
1273 3295 1353 3347 esset
1367 3289 1436 3348 obli·

221 3367 336 3442 yationc
349 3370 484 3434 concreti,
500 3388 559 3446 qua
572 3378 703 3428 creatura
723 3370 879 3445 rationalis,
895 3389 960 3447 qnae
979 3389 1038 3428 non
1051 3376 1147 3448 potest
1165 3387 1224 3442 non
1238 3367 1361 3426 subesse
1383 3368 1436 3426 do-

224 3445 314 3503 minio
329 3445 393 3520 Dei,
410 3455 441 3504 et
453 3447 545 3523 ipsius
559 3447 642 3524 Legi,
657 3447 760 3508 fortius
774 3458 871 3509 tamen
880 3448 1035 3508 obstrictus
1048 3449 1104 3508 fuit
1113 3449 1435 3524 obligationesoederoti,

130 3573 136 3586 .
224 3541 312 3601 quam
327 3523 408 3583 Deus
421 3524 463 3584 ita
476 3525 630 3602 stipulatus
644 3535 697 3602 est,
709 3535 743 3586 ut
755 3529 851 3603 homo,
861 3529 973 3588 viribus
983 3547 1056 3606 quas
1068 3529 1099 3586 in
1113 3527 1257 3587 creatione
1271 3535 1435 3604 acceperat,

223 3621 288 3662 cam
301 3611 438 3681 praestare
451 3612 558 3681 posset,
573 3605 708 3682 quamvis
721 3607 848 3665 atillam
862 3617 929 3668 actu
942 3615 1100 3687 praestaret,
1115 3607 1171 3685 ipsi
1184 3606 1281 3666 adhuc
1295 3625 1371 3686 opus
1390 3626 1435 3665 cs·

224 3691 270 3742 set
282 3683 391 3743 casalia
405 3685 470 3760 Dei,
485 3703 544 3761 quo
557 3682 709 3744 facultates
723 3685 781 3744 illae
795 3694 826 3746 et
838 3686 917 3746 vires
938 3697 1000 3747 tum
1014 3695 1205 3760 actuarentur‚
1220 3693 1284 3745 tum
1307 3705 1326 3744 a
1339 3695 1436 3745 muta·

224 3764 303 3823 tione
323 3772 575 3842 praeservarentur.
618 3764 702 3840 Quod
723 3765 863 3825 auxilium
884 3786 944 3826 non
963 3766 1102 3827 tendebat
1114 3766 1152 3825 ad
1165 3765 1303 3825 virtutem
1324 3784 1434 3824 novam

224 3843 351 3922 aliquam
364 3844 421 3922 ipsi
434 3843 649 3920 infundendam,
666 3845 718 3904 sed
730 3853 843 3905 tantum
857 3847 895 3905 ad
909 3847 1064 3907 efficaciam
1084 3847 1163 3906 illius
1177 3845 1296 3905 virtutis
1309 3865 1433 3905 exeren-

224 3922 301 3999 dam,
316 3943 403 4000 quam
417 3932 575 4001 acceperat.
618 3923 684 3982 Hoc
698 3933 794 3985 autem
814 3945 874 3986 non
887 3928 1049 4005 pertinebat
1066 3926 1180 4004 proprie
1194 3925 1337 4001 adfm
1350 3935 1435 3984 παιιι-

223 4021 274 4077 roe,
290 4004 342 4062 sed
356 4023 374 4062 a
386 4003 533 4063 liberrima
546 4003 603 4063 Dei
617 4001 713 4084 sileat·
726 4025 840 4084 semper
852 4007 1004 4084 pendebat,
1016 4006 1088 4065 alias
1101 4005 1196 4065 foedus
1204 4013 1316 4064 naturae
1331 4005 1436 4066 firisset

223 4079 411 4159 immutabile,
426 4103 480 4144 nec
493 4084 581 4143 homo
593 4104 722 4162 unquam
735 4094 892 4163 peccasset.

232 4223 378 4328 ψ
526 4163 1433 4240 ....

334 4299 386 4330 one.
483 4321 562 4381 tione
582 4343 676 4400 poenae
690 4325 848 4384 constabat.
891 4325 1045 4384 Promeae
1065 4324 1120 4384 fuit
1140 4343 1260 4384 summas
1273 4325 1433 4399 scaeua,

223 4397 336 4489 etrite
360 4405 483 4476 aeterna,
505 4421 564 4460 non
584 4403 615 4460 in
637 4410 714 4462 terra
734 4404 837 4463 sedin
858 4405 931 4465 ooelo
951 4405 1133 4482 peragendae.
1177 4405 1368 4464 Ocraminotio
1381 4404 1436 4464 fnit

221 4484 326 4564 moras,
337 4484 366 4535 et
379 4478 518 4556 quicquid
530 4481 632 4540 mortis
646 4483 762 4543 nomine
771 4485 852 4543 venit
865 4484 896 4542 in
911 4484 1068 4562 Scriptura,
1080 4485 1119 4542 od
1132 4503 1216 4543 omne
1230 4503 1326 4561 genus
1339 4503 1434 4562 poenas

221 4554 449 4630 expunandam,
465 4558 596 4635 inquam
610 4561 699 4653 herpo
712 4582 764 4640 per
776 4571 926 4640 peccatum
940 4583 1025 4624 snum
1038 4564 1141 4624 marito
1155 4563 1285 4624 incurrit.

215 4695 218 4706 Ι
262 4625 351 4685 XVI.
375 4631 422 4689 Ex
436 4633 490 4694 hac
504 4655 575 4696 vero
588 4647 722 4714 pactione
742 4643 871 4703 nascitur
884 4643 1015 4721 otlipata'o
1028 4652 1129 4704 mutua
1149 4642 1283 4720 partium,
1300 4661 1367 4721 qua
1388 4641 1433 4700 di-
