3158 5180
226 941 412 1036 LOCUS
445 940 837 1051 tollius—'nn
872 945 1224 1042 CREATIONE.
1272 1073 1278 1084 ¹

579 1213 819 1225 .--—.....-———.
825 1219 846 1226 ..—

537 1398 730 1474 QUAESTIO
753 1401 899 1461 PRIMA.

580 1559 660 1626 Quid
670 1559 706 1618 sit
721 1559 860 1620 Ursatio!

255 1778 261 1792 ,
415 1717 440 1776 Ι.
463 1717 614 1776 Hactenus
637 1717 674 1777 de
695 1718 855 1779 Acticmdus
868 1721 928 1780 Dei
946 1722 1157 1781 immanentibus
1170 1725 1212 1782 ad
1223 1734 1317 1800 extra,

125 1780 204 1840 ΟΝ·
214 1779 263 1825 ⁰²¹
273 1781 333 1824 '¹²¹²‘
372 1815 437 1873 quea
450 1797 541 1874 vulgo
554 1799 680 1856 Decreta
692 1797 835 1874 dicuutur,
851 1809 956 1859 actum.
998 1800 1083 1860 Nunc
1097 1801 1133 1860 ds
1156 1803 1318 1863 Actioniltns

108 1881 315 1940 trusumntiduc
328 1886 359 1937 et
372 1877 494 1936 externit
508 1876 671 1953 dicendum,
693 1897 758 1955 quae
775 1879 873 1954 Opera
885 1881 945 1938 Dei
957 1889 1105 1956 vocantur,
1128 1882 1234 1959 quibus
1259 1883 1318 1942 De·

111 1969 252 2020 erutorum
267 1977 386 2019 suorum
400 1957 600 2015 executionem
615 1967 698 2016 extra
711 1977 742 2016 se
756 1959 882 2018 molitur.
924 1958 998 2034 Quia
1011 1979 1081 2019 vero
1095 1961 1152 2019 alia
1166 1964 1320 2040 exequitur

110 2039 275 2118 operatione
294 2036 424 2118 generali
437 2044 467 2129 et
480 2037 669 2130 communiin
684 2045 796 2130 nutum,
818 2037 876 2131 ulia
888 2057 959 2132 vero
977 2039 1089 2132 actione
1102 2027 1269 2117 perticulam
1289 2051 1319 2102 et

108 2179 210 2224 m·
219 2177 351 2225 .....
371 2116 1056 2257 ...stetu
1070 2121 1317 2276 nnete

105 2287 213 2338 nature
225 2285 369 2356 operetur,
384 2242 527 2352 siquidem
547 2285 630 2336 extre
651 2295 682 2334 sc
703 2297 761 2336 non
774 2287 884 2337 nunnae
898 2242 1078 2353 necessitate,
1094 2278 1146 2337 sed
1159 2279 1318 2340 voluntatis

105 2379 168 2418 suae
189 2359 325 2417 libertate
338 2355 409 2432 egit,
424 2354 473 2413 Ps.
489 2375 556 2416 cxv.
571 2359 607 2431 33
631 2355 706 2434 Eph.
721 2355 740 2414 i.
755 2359 811 2432 ll;
835 2356 894 2416 Sed
907 2357 976 2435 quia
989 2357 1027 2416 ad
1048 2377 1148 2416 omncs
1162 2368 1315 2436 creaturas,

103 2448 136 2498 et
149 2459 250 2498 aarum
264 2437 337 2496 fines
350 2435 497 2494 naturales
510 2435 662 2512 pertinent,
678 2455 744 2494 cum
761 2437 857 2514 Opera
874 2437 986 2498 oratic
998 2435 1036 2495 ad
1049 2437 1180 2497 homines
1194 2446 1315 2517 tantum,

102 2528 135 2578 et
149 2538 252 2578 eorum
265 2517 353 2576 finem
367 2515 612 2592 supernaturalem
626 2525 765 2592 spectent.

262 2639 322 2680 eura
413 2594 456 2653 II.
481 2596 579 2670 Opera
588 2597 712 2654 Nanrae
721 2596 825 2656 iterum
834 2595 961 2674 duplicia
974 2605 1049 2672 sunt,
1066 2595 1136 2656 Alis
1148 2595 1316 2676 Orestionir,

135 2637 262 2741 operas
373 2693 437 2751 quae
452 2674 534 2733 Deus
547 2673 640 2752 prima
660 2676 804 2735 erectione
818 2676 973 2754 produxit,
995 2676 1066 2735 Alia
1081 2677 1314 2756 Oonceroatioms,

120 2755 223 2802 cronno
238 2751 337 2824 0i0011·
372 2763 402 2813 et
415 2755 611 2830 Providentia,
627 2754 732 2832 quibus
746 2774 793 2814 ros
807 2764 910 2815 creato
923 2757 954 2814 in
977 2775 1042 2816 esse
1066 2776 1119 2816 suo
1142 2778 1315 2818 conservan-

175 2817 292 2858 ⁵⁰”⁸⁸¹⁰‘
371 2843 419 2894 tur
432 2843 462 2894 et
474 2835 505 2892 in
519 2835 733 2912 operationibus
746 2835 807 2894 suis
821 2836 1019 2912 gubernantur
1032 2845 1062 2895 et
1075 2836 1248 2914 dirigunnr.

146 2913 210 2972 111.
233 2912 363 2972 Primum
385 2933 458 2992 opus
479 2922 589 2974 naturae
613 2923 658 2974 est
682 2915 805 2989 Ursatio,
828 2934 887 2991 qua
907 2923 1000 2974 totum
1013 2915 1091 2974 hunc
1105 2915 1258 2994 Mundum,
1287 2927 1317 2978 et

104 2993 249 3071 quicquid
262 2993 293 3050 in
307 3012 342 3052 eo
356 3003 409 3069 est,
421 3014 460 3053 ex
467 2993 559 3053 nihilo
568 2993 664 3072 quoad
674 3001 767 3053 totum
775 3013 839 3052 esse
848 3013 932 3052 suum
943 2993 1094 3070 produxit;
1109 2995 1186 3054 unde
1195 3005 1317 3055 vocatur

105 3073 218 3133 initium
231 3073 344 3132 mutam
358 3074 423 3150 Dei,
440 3073 527 3132 Prov.
541 3074 603 3133 viii.
618 3078 666 3148 22,
689 3073 758 3150 quia
770 3091 898 3150 peream
913 3093 950 3132 ex
965 3072 1064 3132 abdito
1078 3082 1192 3132 aetsrnae
1208 3075 1315 3152 Majes·

106 3154 177 3213 tatis
191 3173 252 3212 suae
267 3153 392 3213 morano
407 3173 550 3231 egressus,
574 3173 605 3213 se
626 3153 664 3212 nd
677 3160 761 3213 extra
774 3152 994 3228 communicare,
1009 3161 1039 3212 et
1062 3152 1228 3224 hominibus
1247 3173 1315 3214 con·

106 3232 290 3311 spiciendum
302 3233 429 3312 praebere
443 3234 545 3293 voluit.

411 3313 466 3372 IV.
491 3313 605 3374 Creatio
615 3333 685 3373 vero
694 3313 743 3372 hie
756 3331 816 3372 non
829 3311 952 3372 sumitur
965 3315 1021 3372 late
1034 3320 1064 3372 et
1077 3313 1231 3391 improprie
1244 3333 1316 3392 quo·

366 3393 493 3452 modoin
505 3393 653 3470 Scriptura
663 3401 825 3471 usurpatur,
836 3393 884 3452 vel
892 3392 929 3452 do
937 3392 1130 3471 qualicunque
1140 3413 1234 3454 rerum
1248 3415 1315 3472 pro·
1351 3447 1360 3458 .

362 3472 506 3550 ductione,
522 3472 610 3533 etism
629 3493 682 3551 per
695 3473 919 3550 generationem,
930 3473 979 3533 Ps.
989 3473 1045 3532 civ.
1057 3476 1106 3534 30.
1127 3475 1242 3534 Emittis
1249 3475 1315 3552 Spi-

103 3552 190 3610 ritum
213 3559 292 3610 tunm
315 3560 342 3610 et
370 3562 511 3629 mesum,
534 3561 561 3612 et
582 3573 701 3612 renovas
716 3553 824 3628 faciem
846 3562 947 3628 terrm
970 3562 1001 3612 et
1021 3554 1079 3612 Isa.
1099 3554 1162 3613 xlv.
1177 3558 1204 3613 7.
1226 3556 1316 3615 Facio

99 3651 213 3706 paean
229 3640 256 3690 et
265 3649 329 3690 meo
342 3635 470 3705 malam
490 3632 539 3692 vel
553 3631 589 3692 de
603 3643 759 3693 eventuum
773 3632 954 3711 quorundam
964 3633 1256 3693 extraordinarionm
1270 3655 1315 3694 or·

104 3710 263 3785 imatione,
278 3711 301 3770 J
302 3731 388 3772 erem.
411 3712 495 3771 xxxi.
510 3716 559 3771 22.
579 3715 660 3772 Deru
678 3713 784 3773 meavit
806 3733 867 3772 rem
890 3733 1000 3788 nocam,
1015 3714 1137 3787 foemina
1160 3713 1318 3774 drcumdat

102 3791 221 3863 virum
242 3790 291 3848 vel
304 3789 341 3850 de
355 3794 572 3868 reponereticne,
588 3811 652 3870 qun
667 3792 793 3852 secunde
806 3791 889 3869 quasi
903 3792 1010 3851 creatio
1024 3801 1076 3866 ast,
1092 3800 1153 3850 tum
1168 3791 1198 3849 in
1212 3793 1315 3867 gratia,

105 3881 138 3928 ut
154 3869 204 3928 Ps.
228 3869 259 3928 li.
276 3872 324 3930 10.
348 3872 425 3932 Creu
445 3873 476 3930 in
499 3892 541 3931 me
564 3892 615 3931 cor·
630 3874 763 3932 mundum
772 3897 784 3944 ;
804 3881 866 3930 tum
886 3872 916 3928 in
930 3869 1031 3947 gloria,
1047 3873 1122 3929 Ecce
1146 3890 1210 3929 creo
1232 3891 1316 3930 cocos

104 3951 188 4008 cetos
201 3959 229 4008 et
241 3970 344 4010 nocam
358 3961 475 4025 mam,
487 3951 545 4010 lsu.
560 3951 622 4010 lxv.
631 3954 665 4010 17
678 3974 685 4024 ;
701 3950 796 4027 Apoc.
807 3951 869 4008 xxi.
879 3953 905 4008 1.
949 3948 1007 4008 Sed
1020 3951 1113 4009 stricte
1126 3969 1179 4027 pro
1192 3947 1316 4026 produc·

105 4065 256 4122 tetartaeo,
272 4071 298 4114 et
312 4067 348 4112 di,
369 4030 447 4090 tione
461 4051 557 4090 rerum
571 4051 609 4089 cx
622 4031 722 4104 nihilo,
731 4049 803 4130 ,quae
827 4029 943 4106 propris
965 4035 1010 4087 est
1032 4037 1062 4087 et
1085 4027 1220 4121 primaria
1234 4029 1317 4088 verbi

134 4126 348 4246 &turult
368 4107 1318 4268 {intillegatretinuissent?

145 4269 183 4330 V.
205 4271 322 4330 Dicitur
335 4271 489 4330 Productio
512 4291 609 4330 rerum
633 4289 671 4328 ac
691 4269 785 4342 nihilo,
801 4267 868 4344 quia
883 4287 948 4326 cum
962 4267 1059 4325 omnia
1072 4274 1168 4324 creata
1182 4265 1248 4343 sint,
1265 4287 1318 4326 ne-

105 4369 184 4410 cesse
198 4359 244 4410 cst
257 4359 292 4410 ut
304 4369 344 4408 ex
357 4349 449 4409 nihilo
463 4349 568 4410 educta
582 4350 648 4424 sint,
663 4348 733 4426 quia
745 4345 885 4425 quicquid
898 4344 1083 4423 praeexistere
1098 4354 1316 4426 supponeretur,

105 4428 134 4486 in
148 4449 245 4490 rerum
258 4429 389 4489 omnium
402 4430 593 4488 universitate
608 4427 750 4488 contineri
763 4425 869 4486 debet:
892 4425 931 4484 Et
945 4445 979 4484 eo
993 4425 1125 4502 pertinet,
1141 4425 1220 4503 quod
1236 4425 1317 4486 Deus

105 4509 209 4570 dicitur
229 4528 334 4570 uocare
353 4511 388 4566 ri
401 4511 437 4585 μὲ
451 4507 510 4568 lna
523 4509 553 4574 s.
567 4507 634 4582 ina,
649 4528 684 4568 aa
697 4527 760 4586 quc
773 4515 902 4566 nonunt
914 4525 949 4564 uc
962 4504 987 4564 si
1000 4513 1094 4580 ment,
1111 4505 1196 4564 Rom.
1211 4507 1250 4565 iv.
1268 4509 1314 4583 17,

104 4589 170 4665 quia
181 4588 317 4650 vocando
326 4587 377 4648 dat
385 4609 458 4649 esse.
481 4590 521 4648 Et
529 4589 608 4666 quod
616 4587 722 4648 dicitur
730 4586 808 4662 alibi,
819 4585 922 4646 dhone
936 4595 968 4644 ut
980 4605 1017 4645 ex
1031 4585 1147 4644 mebris
1162 4587 1213 4644 latu
1224 4589 1316 4663 splen·

103 4671 233 4748 deiceret,
250 4673 267 4730 2
285 4669 352 4740 Cor.¹
368 4668 408 4728 iv.
424 4671 452 4746 6,
477 4689 536 4738 non
551 4677 689 4746 tanquam
703 4688 741 4730 ex
755 4667 884 4746 materia,
900 4665 951 4728 sed
967 4675 1163 4806 tanquam2ax
1184 4666 1316 4728 termino.

1137 4765 1154 4804 a
