3044 5180
112 389 222 438 unser.
238 367 287 449 nn]
545 386 584 426 nn
599 385 894 428 rnmnssmnsmonn.
1265 377 1322 434 317

112 531 229 590 Christo
253 537 284 588 et
306 535 391 587 extre
405 528 570 602 Christum3
593 528 661 606 quin
683 527 785 588 eodem
806 527 922 588 decreto
944 548 1002 607 quo
1024 529 1169 592 destincte
1182 541 1228 592 est
1241 534 1326 593 nobis

112 611 200 687 sulus,
216 608 383 670 destinatus
396 608 484 666 etism
498 615 543 668 est
557 607 688 668 Christus
708 606 747 667 sd
760 627 823 668 cem
837 609 922 669 nobis
942 609 1155 688 acquirendam,
1174 631 1228 671 nec
1242 613 1327 673 uliter

111 691 261 750 desfinsts
274 695 329 764 est,
345 707 433 766 quem
447 697 480 747 nt
493 707 545 766 per
559 688 705 748 Christum
720 689 925 766 acquireretur.
968 689 1081 750 Electio
1102 711 1173 768 ergo
1194 711 1253 751 non
1274 713 1326 753 ex-

110 770 214 846 cludit,
230 768 284 829 scd
305 767 429 828 includit
443 768 598 844 Christum,
613 788 672 827 non
685 778 719 828 nt
735 769 797 845 jam
811 769 920 845 dutum,
936 769 988 828 sed
1001 779 1034 830 ut
1047 768 1184 847 dandum,
1205 791 1259 831 nec
1273 793 1326 832 un-

110 871 199 928 qusm
215 851 275 910 iste
289 849 348 907 duo
362 857 431 908 sunt
443 848 481 908 nb
494 846 621 907 invicem
635 847 814 925 divellendu;
829 848 1026 926 quodfeciunt
1034 857 1132 911 temen
1143 850 1328 930 Sophismste
1421 874 1425 880 ·

113 929 373 990 Adversmiorum.

153 1011 229 1070 XV.
253 1008 395 1083 Quemvis
408 1027 491 1067 mcor
511 1008 691 1088 bencstomtioe
711 1015 741 1068 et
762 1009 969 1086 computresco
990 1029 1048 1068 non
1070 1010 1163 1088 possit
1183 1029 1253 1088 erge
1273 1031 1327 1072 nos

112 1090 190 1164 ferri,
206 1089 266 1149 nisi
280 1096 399 1166 propter
412 1087 558 1148 Christum
579 1087 798 1164 antecedentem
822 1088 891 1166 quia
910 1089 1035 1166 placatio
1056 1089 1178 1150 actualis
1192 1091 1248 1150 Dei
1262 1110 1327 1168 quus

111 1191 166 1248 per
174 1170 327 1230 Christum
335 1167 376 1242 tit,
387 1167 510 1245 supponi
520 1166 607 1227 debet
619 1167 782 1227 necessario
792 1169 898 1228 umoris
908 1169 1001 1228 divini
1015 1189 1085 1248 erge
1098 1189 1152 1229 nos
1165 1170 1236 1229 reuli
1250 1190 1327 1230 com·

111 1246 325 1325 munientioni3
347 1248 413 1307 Non
426 1247 534 1326 puriter
546 1247 602 1306 hoc
616 1247 810 1306 necessarium
823 1255 869 1306 est
878 1257 1012 1326 respectu
1021 1251 1128 1309 amori
1136 1251 1328 1311 benevolenter

111 1331 165 1406 qui
179 1331 211 1388 ln
221 1329 289 1388 Deo
303 1334 408 1387 menet.
431 1328 512 1387 Dens
525 1327 620 1404 potuit
633 1327 717 1386 nobis
731 1327 805 1386 bone
815 1327 891 1386 velle
905 1329 1110 1390 antecedenter
1122 1327 1161 1388 sd
1170 1329 1326 1408 Christum

111 1409 184 1470 licet
197 1428 261 1468 non
273 1408 401 1486 potuerit
420 1407 505 1466 nobis
525 1405 693 1466 benefacere
713 1407 769 1465 nisi
789 1417 908 1485 propter
926 1408 1030 1487 ipsum.
1072 1409 1133 1469 Nec
1146 1409 1239 1469 ullum
1259 1409 1327 1471 inde

112 1488 238 1549 sffertm
248 1487 372 1566 justititc
385 1486 593 1564 prejudicium,
628 1487 677 1546 uis
690 1506 771 1546 emor
783 1487 837 1547 isto
851 1507 910 1546 non
924 1489 1062 1566 excludit,
1078 1489 1131 1549 sed
1144 1488 1274 1566 includit,
1296 1498 1327 1551 ot

111 1578 182 1646 post
196 1589 229 1628 se
243 1567 334 1627 trehit
354 1567 517 1626 necessario
538 1567 608 1626 setis
654 1567 776 1643 tionem;
798 1567 867 1645 quis
887 1569 964 1627 enim
983 1569 1070 1628 nobie
1082 1569 1156 1629 bene
1170 1569 1244 1645 vult,
1260 1569 1326 1630 ideo

112 1649 267 1708 Christum
280 1647 430 1707 constituit
451 1647 481 1704 in
496 1646 696 1723 Mediatorem,
712 1654 745 1706 ut
766 1648 851 1707 nobis
872 1668 924 1728 per
943 1649 1039 1726 ipsum
1061 1657 1127 1709 ectu
1149 1648 1327 1710 benefaciet:

113 1729 180 1788 Nec
194 1729 221 1788 si
234 1746 290 1786 nos
304 1735 390 1802 emet,
402 1727 464 1803 jum
483 1729 617 1804 placatus
629 1725 718 1786 debet
731 1728 849 1803 censeri,
865 1727 918 1788 scd
930 1736 1044 1788 tuntum
1060 1732 1240 1806 placandus.-
1260 1749 1327 1788 nem

114 1807 311 1868 beneficentio
324 1805 441 1900 quidem
454 1807 575 1883 requirit
587 1805 850 1866 reconciliationem
860 1807 1061 1886 jurulentum,
1083 1808 1136 1868 sed
1150 1809 1188 1868 nd
1201 1809 1326 1869 benevo-

114 1887 239 1948 lentium
254 1885 368 1961 sufficrt,
383 1893 417 1946 ut
431 1886 469 1945 sit
481 1886 646 1964 praetende
659 1905 713 1946 suo
726 1894 864 1964 temporo.

157 1967 253 2026 XVI.
274 1965 368 2025 Aliud
381 1973 427 2024 cst
440 1965 586 2024 Christum
599 1984 657 2043 que
676 1964 756 2038 Atyn
769 1984 833 2026 esse
847 1985 962 2026 caurum
975 1967 1133 2041 efficientem
1147 1967 1326 2045 Electiouis3

114 2046 213 2107 Aliud
226 2065 293 2106 eum
307 2065 366 2124 qus
377 2045 529 2126 induem»
546 2054 576 2105 et
590 2045 781 2105 Mediatorem
794 2063 860 2104 esse
872 2066 988 2106 caucam
1001 2047 1163 2122 οῑήεσιίιιαιη
1176 2057 1203 2106 et
1215 2048 1327 2107 merito·

114 2127 196 2186 rime
209 2126 282 2204 ejus.
325 2125 411 2185 Prius
424 2125 563 2185 assentur
576 2145 594 2183 s
608 2124 732 2200 Christo,
747 2125 857 2185 Johen.
872 2125 934 2184 xiii.
952 2128 998 2186 18.
1012 2126 1078 2185 Scio
1098 2147 1167 2204 quos
1187 2126 1325 2204 chymin,

115 2215 147 2266 et
161 2207 213 2266 Jo.
227 2225 279 2265 xv.
297 2207 344 2266 16.
364 2205 419 2264 Vos
431 2225 488 2264 non
500 2224 545 2264 noc
558 2204 684 2282 claeqittic,
698 2206 751 2264 scd
761 2223 813 2283 eqo
825 2225 874 2264 cor
888 2207 979 2284 elcyi:
999 2205 1120 2266 sednon
1134 2207 1286 2285 posterius.

158 2285 270 2344 XVII.
294 2284 326 2344 si
341 2286 359 2318 ‘⁴
369 2283 608 2362 predestinsmnr
620 2282 659 2343 sd
679 2283 908 2345 conformitatem
928 2285 1064 2364 imaginis
1079 2287 1148 2345 Filii
1163 2287 1228 2363 Dei,
1242 2295 1276 2346 ut
1289 2286 1328 2347 sit

115 2365 330 2443 primogenitus
338 2364 414 2424 inter
422 2364 530 2424 multos
537 2363 669 2438 finuoe”
685 2363 769 2424 Rom.
780 2365 842 2424 viii.
852 2367 900 2441 29,
913 2367 1042 2444 sequitur
1052 2366 1169 2443 quidem
1181 2365 1327 2426 Christum

114 2465 184 2504 cese
198 2444 365 2522 primarium
377 2443 505 2504 medium
518 2443 707 2520 executionis,
722 2463 812 2522 equo
826 2453 929 2504 caetern
943 2445 1040 2504 omnic
1052 2446 1188 2524 pendent,
1203 2445 1256 2506 scd
1269 2464 1328 2504 non

114 2543 184 2584 csse
205 2543 321 2584 csuscm
345 2524 437 2602 ipsius
457 2522 626 2584 illectionis.
668 2523 733 2582 Imo
757 2544 823 2585 cum
844 2525 1041 2604 praecognitio,
1060 2545 1125 2604 qure
1148 2525 1327 2586 Electioncm

114 2623 308 2682 perscusmm
329 2603 377 2662 hic
397 2602 550 2681 significet,
573 2610 607 2662 nt
627 2621 714 2680 supra
735 2603 854 2680 dictum,
869 2613 1052 2684 proponetur
1067 2605 1327 2681 Prsedestinntioni,

114 2691 264 2761 quotenus
278 2681 422 2760 significet
435 2681 655 2742 destinationem
670 2682 708 2741 ed
720 2683 836 2760 medie3
858 2685 929 2744 sutis
949 2685 1086 2761 innuitur,
1101 2685 1194 2764 primo
1209 2685 1328 2746 Elector

115 2782 186 2823 esse
197 2782 217 2821 s
230 2763 304 2838 Dec,
314 2761 364 2840 qni
378 2770 459 2821 erunt
472 2761 616 2836 servandi,
631 2771 783 2840 antequem
798 2763 860 2823 deti
872 2763 979 2823 fuerint
993 2764 1116 2842 Christo,
1131 2773 1161 2824 et
1181 2765 1328 2844 praedesti·

114 2841 182 2902 neti
196 2842 234 2900 sd
248 2841 475 2900 conformitutcm
488 2840 624 2919 imaginis
638 2841 711 2919 ejus.
739 2843 801 2902 Nec
816 2843 841 2902 si
854 2843 987 2903 Christus
1001 2843 1107 2904 dicitur
1119 2844 1329 2922 primogenitus

115 2923 198 2981 inter
211 2922 318 2980 multos
331 2920 441 2996 frenes,
455 2939 574 2980 necesse
587 2929 632 2981 est
645 2930 678 2981 ut
690 2921 789 2999 primo
797 2922 907 2982 electus
925 2923 964 2982 sit
977 2923 1154 3000 omnimode;
1178 2923 1284 2983 sufficit
1296 2931 1330 2982 nt

115 3000 1329 3156 ueu31⁰⁰tinnmrentntrnutnirrutt...

116 3159 210 3220 dehet
223 3159 278 3219 niti
291 3159 394 3219 merito
408 3158 524 3234 Christi,
539 3159 609 3236 quie
630 3159 763 3218 Christus
785 3166 830 3217 est
843 3158 952 3217 cunulis
965 3177 1018 3235 per
1033 3177 1119 3234 quem
1133 3158 1330 3218 misericordis

117 3239 181 3299 Dei
193 3239 233 3298 ed
245 3257 299 3297 nos
312 3239 423 3313 transit,
446 3236 511 3298 lons
532 3239 627 3297 omnis
647 3237 858 3298 benedictionis
879 3246 909 3297 et
929 3236 1047 3315 grutiae3
1070 3237 1122 3296 sed
1135 3237 1214 3316 quod
1227 3238 1329 3298 nititur

116 3318 320 3378 misericordis
333 3319 390 3377 Dei
412 3317 543 3378 effective
566 3325 703 3396 spectate,
719 3326 749 3376 ct
762 3325 904 3395 qnatenus
924 3317 955 3374 in
970 3317 1034 3376 Deo
1055 3327 1161 3394 munet,
1176 3318 1271 3395 qualis
1284 3328 1329 3378 est

116 3399 237 3474 electio,
252 3417 311 3457 non
325 3398 422 3457 statim
435 3397 523 3456 debet
543 3397 598 3458 niti
619 3397 722 3458 morito
737 3396 845 3458 Christi
866 3394 1063 3473 antecedente,
1078 3397 1183 3458 sufficit
1203 3405 1235 3458 ut
1256 3397 1329 3458 illud

115 3477 256 3537 involvet
269 3485 485 3554 consequenter.

162 3557 261 3616 XIX.
283 3557 366 3616 Licet
379 3577 397 3614 c
410 3555 583 3635 quibusdem
597 3555 755 3633 'l'heologis
769 3555 955 3631 Orthodoxis,
971 3557 1084 3616 Electio
1099 3557 1206 3617 Christi
1220 3566 1327 3619 stetur·

116 3647 171 3696 tur
182 3637 263 3714 prior
276 3636 426 3696 Eleotioue
444 3635 603 3709 hominum,
617 3655 676 3694 uon
697 3644 848 3713 propterea
862 3636 998 3696 censendi
1012 3645 1079 3697 sunt
1092 3636 1189 3697 fuvere
1201 3638 1329 3697 Novcto-

116 3715 218 3775 rihus:
241 3715 347 3792 Primo,
357 3715 427 3792 quie
439 3714 495 3774 hoc
508 3715 549 3774 ite
562 3715 600 3773 eb
614 3715 673 3773 illis
685 3715 866 3794 intelligitur,
881 3725 914 3776 ut
928 3717 966 3775 sit
978 3717 1112 3793 prioritas
1125 3725 1239 3776 tsutum
1252 3715 1329 3774 ordi·

117 3795 177 3871 nis,
192 3815 251 3854 non
266 3795 452 3870 consulitetis,
467 3801 500 3874 nt
513 3792 617 3854 volunt
630 3793 811 3856 Arminisni:
835 3795 947 3855 Deinde
958 3803 991 3854 ut
1011 3814 1069 3854 non
1089 3795 1176 3855 letius
1190 3793 1328 3854 extendr-

116 3884 170 3934 tnr
191 3875 305 3934 Electio
319 3873 428 3934 Christi
448 3874 479 3932 in
493 3873 694 3948 Mediatorem,
716 3893 803 3951 quem
818 3875 931 3934 Electio
953 3875 1103 3934 hominum
1124 3874 1175 3950 qui
1195 3873 1329 3932 selvnndi

119 3962 199 4030 sunt,
213 3963 247 4014 nt
260 3973 320 4014 non
333 3973 387 4032 pro
399 3953 531 4031 pluribus
546 3952 707 4014 destinatus
721 3953 766 4029 sit,
781 3962 812 4013 et
824 3954 939 4030 missus,
955 3971 1042 4030 quem
1055 3971 1108 4029 pro
1122 3951 1230 4026 electis,
1246 3951 1331 4028 cnjus

120 4034 297 4094 contorium
319 4041 453 4093 statuunt
476 4032 586 4093 Gratiae
606 4032 779 4092 universalis
800 4032 924 4111 petroni.
965 4031 1086 4090 Interim
1108 4029 1329 4105 observandum,

120 4131 235 4173 omnem
248 4114 331 4172 illum
346 4112 456 4172 ordinis
470 4111 660 4171 differentium
673 4131 733 4170 non
746 4131 810 4171 esse
824 4109 1042 4186 intelligendam
1056 4117 1189 4186 respectu
1203 4109 1268 4185 Dei,
1283 4109 1330 4168 cui

121 4194 217 4252 omnis
230 4193 319 4252 simul
332 4192 487 4269 praesontie
501 4199 577 4267 sunt,
592 4199 622 4250 et
643 4211 732 4268 equo
754 4191 851 4249 omnin
871 4189 958 4249 unico
979 4198 1008 4249 et
1030 4187 1242 4265 simplicissimo
1263 4197 1331 4248 notu

121 4271 235 4334 decretu
256 4279 335 4348 sunt,
350 4279 410 4330 tum
432 4291 467 4330 en
488 4289 553 4348 quee
575 4270 613 4329 sd
633 4270 728 4344 finem,
743 4289 831 4346 quem
850 4287 916 4344 qun
936 4267 975 4326 od
994 4265 1089 4326 medic
1109 4276 1256 4346 spectent3
1279 4266 1331 4326 sed

120 4361 229 4412 tuntum
244 4358 383 4430 respectu
397 4351 497 4426 nostri,
512 4349 564 4427 qui
582 4345 700 4428 propter
712 4348 893 4408 finitudinem
908 4347 999 4405 nostri
1012 4346 1185 4424 intellectus,
1200 4349 1256 4407 istc
1269 4347 1329 4405 inc·

120 4429 251 4510 dthume
266 4429 458 4507 concipimus,
474 4449 510 4488 cn
523 4428 689 4504 dividendo,
705 4447 770 4507 qnae
784 4427 815 4486 in
829 4445 860 4487 se
875 4434 971 4486 temen
984 4425 1066 4486 unite
1080 4435 1156 4488 sunt.
