3160 5194
118 381 232 434 esaar.
247 359 313 446 ru]
621 383 660 426 ns
675 383 852 429 racemum.
1299 375 1334 433 13

119 524 257 585 llthnicis
279 529 472 602 competeret,
496 523 521 582 si
542 543 594 602 per
614 525 792 603 impossibile
814 527 888 587 bene
909 533 1057 588 uterentur
1079 529 1187 590 lumine
1209 539 1336 610 nsturae;

118 607 187 684 qnia
198 605 275 665 licet
288 605 424 664 actiones
438 623 506 664 suas
518 612 652 664 externas
666 606 720 664 rite
740 616 944 684 componerent
964 629 983 667 a
1003 611 1129 688 peccatis
1151 613 1339 689 sequentibus

121 684 308 760 abstinendo,
330 705 393 744 non
413 692 531 762 possent
549 693 645 744 tamen
659 686 773 744 veniam
786 687 1009 763 precedentium
1022 699 1205 768 peccatorum
1218 709 1337 770 praeser-

122 767 176 826 tim
184 764 342 842 originalis
352 764 492 840 obtinere,
507 784 541 823 ac
552 773 658 824 statum
667 773 835 826 straturam
846 779 1008 846 corruptam
1019 769 1189 846 reformare;
1211 770 1340 832 actiones

124 846 203 906 enim
223 865 301 922 quaa
322 843 460 920 facerent,
484 853 610 904 extamae
630 852 743 905 tanturn
756 854 854 908 essent
875 855 904 906 et
925 847 1009 907 bonae
1030 848 1126 927 quoad
1148 849 1339 910 substantiam

127 927 232 1004 operis,
247 944 310 985 nou
323 924 395 984 item
408 923 506 1002 quoad
518 923 636 984 modum
650 933 679 984 et
692 925 872 1004 principium,
890 926 999 1006 Spiritu
1009 929 1116 988 Sancto
1129 930 1236 1009 quippe
1250 929 1338 990 desti·

126 1017 209 1082 tutas,
231 1013 263 1064 et
276 1006 302 1065 si
315 1004 426 1064 homini
439 1003 617 1083 prodessent,
632 1005 802 1083 prodessent
815 1014 927 1066 tantum
944 1007 1040 1084 quoad
1059 1027 1187 1087 prsesens
1200 1011 1249 1069 vel
1262 1009 1338 1072 futu-

128 1107 203 1162 rum,
226 1105 286 1144 non
301 1104 371 1144 vero
384 1083 482 1162 quoad
494 1085 678 1179 praeteritum,
694 1085 732 1145 ad
745 1085 905 1179 tollendum
918 1095 1029 1148 reatum
1049 1089 1268 1168 precedentem,
1290 1091 1339 1151 ab·

128 1165 1009 1322 ’(1ῗῖῃὲἓῇῃὲῗῆιῇἷῗῖἷῖἒῗῗιᾞιῗῖἒῗὲιωωω
1020 1248 1083 1308 nn·
1094 1250 1221 1326 osseae
1231 1251 1341 1312 crasa

132 1335 166 1386 et
182 1323 383 1402 Redemptoris
397 1324 603 1384 revelationem
617 1325 655 1384 ad
669 1327 800 1402 salutem,
816 1327 841 1386 si
855 1347 913 1386 non
927 1328 1034 1387 claram
1049 1338 1078 1389 et
1093 1330 1268 1408 explicitam,
1284 1331 1340 1390 sal·

129 1417 195 1466 tem
211 1404 361 1464 obscuram
375 1412 406 1463 ct
418 1404 604 1482 implicitsm;
626 1414 768 1483 quatenus
788 1407 819 1465 in
839 1407 890 1466 illo
907 1407 987 1468 Deus
1008 1411 1193 1487 cognoscitur
1205 1418 1239 1470 nt
1252 1411 1341 1470 Mise-

128 1487 235 1560 ricors,
247 1505 282 1544 ac
294 1483 415 1563 proinde
429 1484 535 1562 aliquo,
550 1485 619 1544 licet
632 1485 751 1546 confuso
761 1486 847 1546 modo
858 1486 1044 1566 Redemptor,
1054 1489 1105 1567 qni
1119 1489 1342 1550 satisfactionem

128 1565 288 1643 acceperit,
303 1573 333 1624 et
345 1565 397 1643 qui
411 1564 449 1624 ad
461 1563 660 1642 poenitentiam
673 1574 758 1626 vocet
771 1574 802 1626 at
813 1567 1011 1628 remissionem
1027 1577 1210 1647 peccatorum
1223 1571 1342 1648 promit-

127 1655 187 1707 tat.
231 1645 307 1704 Nam
326 1645 428 1722 primo,
452 1645 544 1706 Aliud
563 1645 651 1723 longe
667 1654 713 1705 est
724 1665 810 1724 posse
823 1647 960 1726 cognosci
974 1649 1070 1708 Deum
1083 1657 1117 1709 ut
1129 1649 1344 1709 misericordem

129 1726 333 1786 mr'serr'cordia
350 1726 488 1802 ymerali,
510 1745 575 1802 quae
589 1724 627 1785 ad
640 1725 749 1784 bonum
762 1727 880 1804 aliquod
894 1729 1051 1806 temporale
1065 1737 1095 1788 et
1107 1749 1258 1806 poenamm
1272 1729 1343 1788 dila·

129 1807 248 1866 tionem
262 1817 382 1882 vergat;
405 1802 498 1864 Aliud
516 1813 550 1864 ut
569 1805 783 1866 misericordem
801 1807 996 1868 misericordia
1009 1809 1127 1885 speciali
1137 1817 1167 1868 et
1182 1809 1299 1868 salutari
1314 1809 1346 1868 in

130 1886 264 1962 Christo,
279 1893 309 1944 et
321 1885 418 1963 posita
431 1884 634 1945 satisfactione.
670 1885 763 1946 Aliud
776 1905 861 1964 posse
874 1889 1011 1965 cognosci
1026 1887 1121 1946 Deum
1134 1897 1168 1949 ut
1176 1891 1347 1966 placabilem

128 1975 163 2026 et
188 1965 368 2044 benignum
393 1963 486 2024 Aliud
507 1972 542 2025 ut
564 1967 660 2044 reipsa
678 1968 834 2042 placatam,
857 1967 906 2025 vel
929 1977 1008 2027 certo
1027 1970 1212 2044 placandum.
1262 1969 1348 2028 Prius

127 2047 242 2106 damus
264 2045 405 2104 Ethnicos
427 2063 465 2104 ex
485 2045 594 2104 lumine
614 2053 725 2105 naturae
745 2045 852 2104 habero
872 2047 1019 2124 potuisae;
1042 2047 1094 2106 sed
1113 2067 1172 2105 uon
1195 2048 1347 2125 posterius,

129 2127 217 2204 qnod
236 2134 335 2185 tamen
354 2125 515 2184 necessario
536 2124 691 2203 requiritur
710 2124 749 2183 ad
769 2125 1011 2203 tranquillandam
1030 2126 1252 2202 conscientiam
1274 2125 1368 2202 Quid

132 2207 216 2265 enim
227 2206 346 2284 juvaret
359 2204 432 2264 scire
447 2205 541 2265 Deum
557 2224 643 2283 posse
656 2205 774 2282 placari,
789 2204 846 2264 nisi
860 2215 1004 2266 mactaret
1017 2225 1084 2266 eum
1098 2205 1184 2265 etiam
1198 2206 1275 2265 velle
1288 2207 1349 2284 pla·

132 2286 207 2361 cari,
223 2295 254 2344 et
267 2285 394 2344 medium
408 2285 475 2345 talis
488 2285 657 2364 piscationis
671 2293 748 2345 esset
798 2290 966 2363 rspeetnm?
997 2287 1070 2346 Cum
1084 2287 1160 2345 enim
1175 2286 1352 2346 conscientia

133 2375 290 2444 prematur
309 2364 421 2443 peccati
440 2374 530 2441 reatu,
555 2374 586 2425 et
606 2365 736 2426 Justitiae
778 2365 863 2425 'vina
884 2385 980 2442 sensu,
1001 2385 1149 2444 nunqnam
1169 2366 1352 2444 tranquillari

132 2445 255 2524 poterit,
277 2444 334 2503 nisi
355 2453 385 2504 ct
404 2443 481 2504 bona
502 2445 558 2505 Dei
571 2445 716 2523 voluntas,
738 2452 769 2505 et
786 2445 890 2506 modus
903 2446 1055 2507 Justitiam
1069 2449 1133 2525 ejus
1146 2445 1281 2524 placandi
1294 2446 1351 2525 ipsi

134 2528 321 2601 innotescat;
341 2525 407 2602 quis
420 2533 517 2585 antem
530 2525 637 2584 dixerit
646 2526 702 2584 hoc
716 2545 753 2585 ex
767 2525 842 2585 libro
855 2533 974 2603 murrae,
986 2526 1038 2586 ubi
1051 2546 1082 2586 se
1094 2527 1175 2586 Dens
1186 2526 1350 2586 Creatorem

134 2615 254 2666 tantum
270 2613 300 2664 et
313 2605 551 2665 Conservatorum
565 2605 693 2681 exhibet,
707 2624 793 2684 posse
808 2605 932 2666 haberi?
964 2606 1037 2682 Quis
1050 2625 1108 2665 nou
1122 2613 1224 2666 contra
1236 2626 1274 2665 ex
1288 2607 1351 2666 solo

135 2685 242 2746 Verbo
257 2684 414 2762 Evangelii
434 2685 514 2762 quod
532 2685 757 2745 misericordiam
773 2685 828 2744 Dei
847 2685 877 2744 in
892 2685 1007 2746 Christo
1020 2687 1106 2746 nobis
1119 2687 1238 2762 revelat,
1250 2693 1350 2762 peten-

136 2767 211 2826 dum
239 2784 305 2824 esse
328 2764 475 2825 fateatur?
514 2764 599 2824 Alias
620 2784 709 2843 quare
731 2764 840 2824 Paulus
861 2765 1035 2842 Mysterium
1057 2767 1114 2825 hoc
1134 2774 1252 2826 vocaret
1273 2764 1352 2842 quod

137 2845 277 2908 omnibns
297 2844 432 2904 atstibus
452 2845 631 2922 incognitum
652 2845 714 2920 luit,
737 2845 822 2904 Rom.
839 2845 902 2904 xvi.
917 2847 966 2906 25.
1008 2845 1103 2920 Quare
1118 2844 1226 2906 diceret
1240 2845 1352 2906 Gentes

138 2926 251 2986 alienas
265 2925 355 2984 fuisse
369 2944 387 2984 a
400 2923 565 2999 soederibus,
580 2932 610 2983 et
623 2931 705 2984 extra
716 2923 871 3000 Christum,
887 2925 962 3002 Eph.
977 2924 1008 2984 ii.
1025 2928 1071 3000 12,
1087 2925 1113 2984 si
1126 2926 1263 2985 suberant
1277 2943 1350 2984 sem·

139 3027 193 3084 per
215 3005 399 3082 aliquatenus
420 3001 522 3063 foederi
543 3003 651 3080 gratia,
671 3003 702 3061 in
722 3022 780 3080 quo
802 3003 872 3062 dats
888 3002 944 3063 suit
963 3004 1069 3082 aliqua,
1090 3003 1160 3064 licet
1183 3003 1303 3064 conhrsa
1322 3013 1353 3065 ct

140 3085 291 3164 implicita,
307 3082 511 3142 mentienda
525 3082 659 3143 salnmris
672 3082 703 3140 in
717 3083 831 3142 Christo
845 3082 971 3143 notitia?
1351 3149 1353 3160 γ

184 3165 265 3224 XII.
288 3163 355 3223 Non
374 3162 480 3222 melius
499 3181 562 3223 sese
577 3161 736 3240 expediunt
748 3162 799 3240 qui
813 3161 893 3221 aliud
906 3161 1164 3222 incnrstamentum
1177 3169 1310 3240 quaerunt
1323 3171 1353 3223 et

142 3245 331 3322 distingrmnt
349 3242 541 3318 ncfficieatiam
560 3243 712 3302 mediatam
732 3250 760 3300 ct
772 3242 970 3318 immediatam,
986 3241 1069 3319 qnasi
1084 3241 1217 3303 Gentiles
1230 3241 1280 3320 qni
1294 3255 1352 3302 non

142 3332 303 3403 potnerunt
321 3325 428 3382 habere
449 3321 656 3382 revelationem
676 3319 865 3380 sufficientem
885 3320 1058 3398 immediate,
1080 3322 1233 3383 habuerint
1256 3331 1353 3383 tamen

142 3404 335 3464 sufficientem
358 3402 500 3479 mediate;
521 3411 665 3480 quatenus
688 3408 863 3480 supponunt,
887 3401 912 3460 si
934 3401 1038 3480 aliquis
1061 3402 1136 3463 bene
1159 3422 1230 3463 usus
1251 3403 1354 3462 fuisset

142 3485 253 3544 lumine
268 3490 387 3558 natura,
404 3482 499 3541 Deum
513 3480 764 3559 superadditumm
777 3481 866 3541 fuisse
879 3481 978 3541 lumen
992 3481 1110 3560 gratiae3
1131 3482 1187 3542 hoc
1207 3482 1284 3541 enim
1303 3481 1352 3541 de·

143 3585 208 3624 cere
222 3561 451 3622 misericordiam
469 3563 541 3640 ejus,
557 3571 586 3621 ct
599 3581 637 3620 ex
651 3560 729 3622 dioto
744 3561 859 3638 Christi,
875 3562 960 3622 Matt.
978 3561 1040 3623 xiii.
1057 3565 1103 3638 11,
1119 3563 1231 3622 haberti
1242 3563 1355 3622 dabitur

144 3644 244 3722 colligi
265 3661 361 3720 posse.
403 3641 479 3701 Nam
498 3649 689 3718 praeterquam
708 3640 786 3720 quod
804 3641 928 3701 absurde
942 3641 1047 3702 dicitur
1060 3642 1112 3700 illa
1125 3641 1263 3701 revelatio
1278 3640 1354 3700 suffi-

144 3725 234 3799 ciens,
249 3742 317 3800 quae
331 3729 400 3800 eget
412 3721 470 3780 alia
483 3721 659 3781 revelatione
674 3720 875 3800 superaddita3
896 3741 954 3800 quo
975 3741 1063 3782 sensu
1077 3720 1220 3799 carpimus
1235 3719 1354 3778 Pontifi-

146 3803 256 3862 ciorum
271 3801 453 3878 sententiam,
468 3801 519 3878 qui
539 3800 714 3880 pertendunt
732 3801 908 3880 scripturam
923 3801 981 3860 dici
993 3821 1079 3880 posse
1092 3801 1281 3862 sufficientem
1296 3817 1354 3856 me-

146 3881 232 3958 diata,
248 3883 318 3959 quia
336 3881 407 3942 licet
427 3881 524 3941 omnis
541 3900 600 3940 non
620 3881 775 3957 contineat,
789 3900 843 3941 nos
856 3880 894 3939 ad
907 3881 1105 3942 Traditionem
1119 3879 1255 3940 amandat
1268 3897 1286 3935 a
1299 3897 1357 3954 qua

148 3971 271 4038 possunt
288 3962 367 4039 peti:
401 3961 579 4039 Supponitnr
600 3961 648 4020 hic
669 3961 760 4039 gratis
779 3961 858 4038 quod
879 3961 1059 4040 probandum
1080 3959 1143 4035 fuit,
1166 3960 1262 4017 Deum
1280 3955 1353 4015 bene

149 4042 242 4102 utenti
251 4041 361 4101 lumine
374 4049 486 4100 natura
500 4041 751 4119 superadditumm
766 4039 855 4100 luisse
867 4041 966 4100 lumen
981 4041 1091 4116 gratim
1107 4036 1191 4116 quasi
1201 4037 1282 4095 Deus
1293 4054 1355 4096 sese

149 4121 185 4182 ad
198 4121 368 4200 quidquam¹
379 4119 576 4197 adstrinxerit,
591 4130 641 4181 aut
653 4120 764 4181 homini
777 4120 931 4198 quicquam
945 4119 1058 4193 debeat,
1073 4125 1124 4176 aut
1137 4115 1250 4193 uspiam
1263 4134 1357 4175 nexus

151 4201 196 4260 ille
210 4222 249 4262 ex
269 4200 429 4279 Scripturis
448 4201 595 4279 probetur.
637 4199 770 4261 Imo'hoc
784 4221 800 4260 e
815 4199 928 4276 Pelagii
941 4196 1071 4256 lontibus
1083 4196 1198 4256 videtur
1211 4196 1356 4273 haustum,

151 4281 200 4358 qni
212 4281 361 4343 statuebat
368 4282 493 4357 societati
504 4285 580 4358 qrwd
592 4280 622 4341 ia
634 4301 663 4340 ae
676 4291 717 4341 est
728 4283 824 4340 Deum
837 4301 894 4340 nos
907 4281 1110 4354 &negantum
1120 4277 1255 4355 yratrhm.
1299 4277 1356 4336 Lo·

152 4379 201 4420 cus
215 4363 322 4423 Matth.
337 4361 403 4419 xiii.
420 4363 466 4437 ll,
480 4362 538 4420 hnc
558 4361 633 4421 trahi
653 4381 712 4421 non
731 4367 836 4439 potest,
851 4359 920 4438 qnia
933 4357 1031 4452 agitur
1043 4355 1085 4416 ibi
1098 4356 1134 4418 de
1148 4357 1232 4418 donis
1246 4356 1356 4434 gratiss,

151 4459 214 4518 qna
228 4443 311 4503 Dens
324 4440 414 4500 novis
427 4439 511 4500 donia
524 4460 661 4500 coronare
675 4441 756 4516 solet,
772 4459 831 4498 non
844 4439 881 4500 de
894 4437 979 4498 donis
992 4447 1112 4499 naturae.

189 4521 285 4584 XIII.
309 4523 410 4581 Iocus
424 4519 509 4580 Pauli
530 4521 617 4582 Rom.
630 4521 660 4594 ii.
675 4525 702 4597 4,
718 4539 809 4598 quum
821 4520 863 4580 ait
882 4524 910 4578 τὶ
928 4525 1034 4602 weris
1052 4525 1097 4580 aab
1110 4524 1175 4579 eut
1187 4523 1218 4584 ἀς
1230 4515 1360 4593 pulsus»

151 4601 225 4676 ι’νμιι,
239 4603 441 4682 beniprtitatcm
455 4603 514 4662 Dei
525 4603 568 4662 ad
579 4601 772 4678 penitentium
785 4601 913 4678 essitare,
928 4621 987 4662 non
1001 4603 1058 4663 huc
1071 4599 1204 4680 pertinet,
1219 4595 1287 4674 quia
1301 4613 1359 4653 non
