3174 5174
146 377 265 429 ounsr.
281 358 342 442 rra]
575 379 614 420 na
629 379 765 421 rosanae
781 381 922 422 seruare.
1297 369 1354 427 517

145 519 312 579 frustrares.
333 519 381 579 vel
402 519 494 579 otiosa
514 521 651 598 potentis,
666 520 783 599 quando
796 541 862 599 que
883 521 969 582 debet
989 542 1075 600 agere
1096 529 1125 583 et
1147 532 1244 603 potest
1260 545 1355 606 agere,

147 619 207 658 non
221 601 286 676 agit
297 622 305 676 ;
327 598 407 678 quod
420 599 468 659 hie
482 620 541 658 non
554 599 648 660 datur.

188 679 283 738 VIII.
306 679 446 754 Quamvis
461 679 593 739 Adsmus
607 679 720 758 integer
733 700 792 740 non
805 681 931 757 potuerit
945 681 1061 740 credere
1075 682 1273 743 remissionem
1286 706 1354 765 pec·

146 767 280 818 catorum
294 759 488 836 presentium,
504 779 568 837 quae
589 758 752 818 nulladum
766 769 867 836 erant;
895 761 951 819 hoc
965 780 1023 820 non
1038 763 1179 839 obstabat,
1200 767 1355 842 quominus

146 839 309 916 potentiam
324 839 443 898 haberet
463 838 600 898 credendi
613 839 812 898 remissionem
826 837 996 916 futurarum,
1013 841 1038 899 si
1056 841 1120 900 Deo
1133 843 1291 918 placuisset
1310 846 1355 904 illi

146 927 177 977 et
191 917 321 977 futurum
335 919 448 996 lapsum
462 919 534 996 ejus,
549 926 579 978 et
594 919 831 979 restaurationem
846 939 884 979 ex
902 939 937 980 eo
960 921 1107 997 revelare;
1135 921 1275 980 &cinaeo
1294 932 1355 984 erat

146 1005 283 1074 respectu
305 999 443 1075 ejusdem,
466 999 582 1057 credere
604 1017 635 1057 se
657 999 801 1075 integrum
823 1007 853 1058 et
892 1008 1061 1074 occatorem,
1077 1000 1130 1060 sed
1149 1007 1209 1060 κατ’
1222 1002 1291 1061 ἄλλο
1309 1011 1355 1064 ul

145 1072 230 1152 ἅλλα,
253 1077 331 1136 idern
345 1077 395 1155 qui
409 1097 486 1136 nunc
500 1087 544 1137 est
557 1078 680 1156 integer,
695 1086 791 1155 potest
811 1097 858 1138 cre
879 1099 927 1139 ere
949 1099 981 1139 se
1004 1087 1105 1159 postea
1118 1081 1275 1160 lapsurum,
1291 1085 1355 1162 qui·

146 1176 205 1234 que
219 1157 287 1216 ideo
302 1165 385 1234 egeat
399 1157 494 1234 gratia
508 1157 564 1216 Dei
578 1167 607 1217 et
621 1157 678 1216 fide
692 1157 722 1216 in
733 1157 888 1218 Christum.

189 1237 251 1296 IX.
274 1236 414 1311 Quamvis
432 1236 505 1296 fides
525 1237 556 1294 in
571 1237 717 1297 Christum
737 1257 795 1297 non
815 1237 1018 1317 praescribatur
1030 1240 1163 1320 specifice,
1179 1249 1208 1301 et
1222 1263 1354 1320 cupream

145 1317 177 1374 in
193 1317 283 1394 Lege,
300 1336 365 1393 quaa
374 1316 520 1375 Christum
533 1335 592 1375 non
607 1317 698 1392 novit,
714 1317 877 1378 continetur
890 1326 987 1378 tamen
1001 1319 1030 1376 in
1045 1339 1079 1378 aa
1092 1321 1122 1379 in
1133 1341 1243 1397 perere,
1258 1331 1289 1382 et
1301 1324 1353 1383 im-

139 1397 249 1473 plicite,
266 1404 409 1474 quatenus
424 1396 487 1454 Lex
505 1396 591 1474 jubet
603 1416 657 1456 nos
671 1396 787 1456 credere
801 1398 880 1456 omni
895 1398 951 1457 Dei
965 1397 1073 1474 Verbo,
1095 1407 1125 1458 et
1139 1401 1215 1458 omni
1230 1404 1352 1478 promis-

146 1477 223 1534 sioni
252 1477 324 1553 ejus,
347 1484 380 1534 ut
402 1495 487 1534 nemo
509 1477 635 1552 potuerit
658 1475 731 1554 Legi
753 1476 959 1554 obtemperare,
984 1477 1034 1555 qui
1055 1498 1114 1538 non
1133 1489 1252 1558 paratus
1265 1481 1353 1543 fuerit

146 1555 236 1616 etiam
252 1555 352 1614 Verbo
366 1555 522 1632 Evangelii
536 1556 661 1631 credere,
677 1555 702 1614 si
716 1575 734 1614 a
748 1555 812 1615 Deo
826 1557 985 1616 revelatum
999 1557 1109 1618 fuisset.

187 1635 233 1694 X.
256 1635 313 1710 Qui
327 1635 438 1712 accepit
451 1635 529 1694 vires
542 1634 712 1712 resurgendi
726 1655 744 1693 a
756 1635 849 1713 lapsu,
872 1656 930 1694 non
944 1657 1016 1714 opus
1037 1637 1124 1697 hahet
1141 1639 1226 1699 novis
1239 1640 1352 1700 viribus

146 1714 185 1774 ad
198 1714 419 1792 resurgendum,
431 1714 488 1774 nisi
502 1715 585 1792 lapsu
600 1734 652 1774 suo
666 1734 716 1773 eas
727 1715 804 1774 vires
815 1716 947 1792 amittat;
962 1716 1041 1793 quod
1055 1717 1162 1777 factum
1177 1720 1213 1778 ab
1225 1719 1350 1796 Adamo,

145 1795 198 1872 qui
211 1795 359 1873 peccando
373 1794 532 1872 potentiam
551 1795 632 1852 illam
646 1813 760 1854 omnem
779 1815 844 1854 cum
862 1796 978 1872 justitia
997 1796 1131 1874 originali
1144 1799 1290 1875 perdidit:
1321 1800 1353 1859 Si

146 1893 217 1952 ergo
231 1883 299 1951 post
311 1875 425 1952 lapsum
445 1894 504 1933 non
517 1881 613 1951 potest
634 1874 757 1952 propriis
771 1874 883 1934 viribus
903 1894 1061 1952 resurgere,
1084 1897 1142 1934 non
1163 1878 1230 1936 inde
1251 1880 1350 1956 oritur,

146 1954 227 2030 quod
240 1954 319 2012 vires
333 1955 400 2012 illas
414 1955 444 2011 in
458 1955 602 2013 creatione
616 1974 675 2012 nou
688 1954 839 2031 acceperit,
855 1954 908 2014 sed
921 1955 999 2032 quod
1013 1975 1063 2014 eas
1076 1975 1128 2033 per
1142 1956 1256 2034 lapsum
1280 1959 1352 2016 ami-

147 2033 225 2092 serit.
270 2034 332 2092 Nec
346 2033 404 2092 dici
418 2041 522 2111 potest,
538 2053 587 2092 eas
608 2034 702 2093 amitti
715 2053 774 2092 non
787 2035 925 2111 potuisse,
941 2035 1010 2111 quia
1029 2055 1211 2094 nausearum
1226 2045 1287 2095 erat
1301 2037 1350 2096 de-

146 2133 226 2172 mum
240 2122 307 2190 post
321 2114 451 2190 lapsum;
480 2133 547 2172 nam
561 2133 619 2172 uon
633 2114 729 2173 minus
750 2133 781 2172 se
801 2133 919 2173 exerere
934 2113 1095 2174 debuerunt
1108 2123 1175 2174 ante
1192 2116 1306 2195 lapsum
1321 2117 1351 2175 in

144 2213 180 2252 eo
193 2193 394 2272 praecavendo,
410 2213 497 2271 quam
510 2193 542 2252 in
555 2213 590 2254 eo
604 2192 784 2272 corrigendo,
800 2193 826 2254 si
839 2194 870 2252 in
883 2193 998 2253 homine
1013 2195 1195 2254 mansissent.

610 2433 804 2510 QUAESTIO
825 2434 886 2494 III.

573 2611 613 2652 nn
627 2611 764 2654 sosanna
778 2611 920 2655 nuruum.
952 2609 960 2624 ⁶

298 2751 345 2811 Aa
360 2753 465 2811 Foedua
478 2752 598 2830 aliquod
608 2773 671 2812 cum
684 2754 797 2813 Artemo
812 2756 892 2813 Deua
900 2753 1051 2831 pepigerit,
1063 2761 1090 2812 et
1102 2757 1208 2830 quale!

186 2911 210 2968 Ι.
227 2910 301 2970 Cum
317 2911 427 2970 Foedus
440 2910 516 2970 inter
528 2911 661 2971 homines
675 2911 788 2972 dicatur
800 2911 891 2988 vulgo
904 2921 1003 2971 maaca
1013 2913 1109 2988 pactio
1122 2915 1246 2972 duarum
1256 2916 1349 2990 plari-

145 3009 225 3049 amve
234 3010 426 3065 peremturum
439 2993 474 3050 de
488 2992 569 3049 cerus
583 2993 660 3050 benis
673 3000 700 3050 et
712 2991 808 3064 officiis
821 3001 916 3050 mutire
926 2993 1099 3068 praestandae
1112 2995 1263 3052 eommtou'a
1277 2996 1351 3053 utili-

146 3071 211 3130 tatis
224 3089 313 3147 erpo,·
335 3071 374 3130 Et
387 3071 441 3130 has
455 3071 635 3130 conditiones
644 3071 788 3149 praecipue
801 3070 937 3147 postulet,
955 3074 981 3128 1.
992 3077 1026 3129 nt
1039 3091 1168 3148 personae
1183 3073 1241 3131 sint
1255 3093 1350 3149 aequa·

145 3149 197 3226 les,
209 3151 259 3209 vel
273 3150 450 3228 simpliciter,
466 3151 515 3210 vel
525 3151 556 3208 in
570 3159 649 3211 certo
664 3150 766 3209 saltem
780 3149 889 3224 ordine,
905 3154 933 3209 2.
948 3149 1025 3209 utin
1039 3169 1092 3209 sua
1105 3159 1247 3228 potestate
1262 3153 1350 3210 habe-

145 3237 196 3290 ant
209 3229 287 3289 bona
299 3231 349 3289 vel
363 3230 456 3290 officia
469 3250 534 3308 quse
557 3231 613 3290 sibi
626 3238 728 3289 mutuo
741 3238 878 3308 praestare
892 3229 1007 3305 debent,
1023 3237 1053 3288 et
1065 3238 1099 3289 ut
1132 3229 1209 3289 uoad
1227 3231 1279 3289 illa
1293 3231 1350 3291 sint

145 3309 303 3386 ιιιίηξιὺιιιι,
319 3313 347 3370 3.
361 3320 467 3370 utnon
481 3311 539 3370 sint
553 3311 689 3388 obligatae
704 3309 813 3386 absque
827 3309 879 3368 illa
891 3309 1024 3386 pactione
1038 3309 1076 3368 ad
1089 3249 1183 3369 odeis
1196 3310 1248 3369 illa
1260 3331 1349 3388 praes-

146 3390 250 3450 tanda:
273 3390 390 3450 Certum
401 3398 445 3450 est
458 3389 553 3449 foedus
563 3391 620 3450 Dei
632 3410 699 3450 cum
712 3389 829 3449 homine
844 3390 941 3450 stricte
952 3389 1097 3467 loquendo
1104 3389 1282 3450 intercedere
1293 3411 1351 3450 non

145 3489 251 3546 posse3
276 3473 301 3528 1.
317 3470 386 3547 quia
398 3471 480 3530 nulla
493 3469 578 3530 datm
597 3471 673 3530 inter
687 3470 782 3529 Deum
797 3477 827 3529 et
846 3469 992 3529 hominem
1006 3470 1157 3547 aequalitas
1170 3471 1219 3530 vel
1232 3491 1350 3550 propor-

146 3551 196 3624 tio,
210 3558 245 3610 ut
258 3569 312 3610 nec
325 3551 401 3610 iuter
413 3551 490 3610 bona
503 3569 568 3627 quae
583 3551 664 3609 Dans
675 3569 727 3610 suo
741 3550 849 3609 foedere
862 3551 1012 3628 promittit,
1036 3558 1065 3609 et
1079 3549 1172 3610 officia
1185 3571 1250 3629 quae
1263 3552 1351 3611 homo

146 3638 283 3708 praestare
302 3638 424 3708 tenettu,
445 3651 482 3690 ex
499 3630 605 3708 quibus
618 3630 692 3708 nihil
704 3630 839 3708 utilitatis
859 3629 922 3689 Deo
943 3630 1138 3711 air-gamiep
1159 3630 1278 3707 accedit,
1302 3631 1350 3691 Ps.

146 3710 207 3769 xvi.
223 3715 257 3787 ις
279 3714 308 3769 2.
319 3711 388 3788 quia
401 3712 488 3769 homo
502 3710 583 3769 nullo
596 3719 730 3788 respectu
744 3719 789 3770 est
801 3710 960 3786 ιύιιξιισιος,
971 3719 1000 3769 et
1013 3718 1128 3770 tenetur
1140 3709 1227 3769 etiarn
1241 3711 1351 3787 absque

146 3790 207 3849 ullo
220 3798 307 3867 pacto
321 3789 358 3848 ad
372 3790 544 3868 obsequium
555 3791 619 3850 Deo
633 3790 843 3868 prestandum
867 3791 970 3866 3.quia
982 3790 1070 3848 homo
1084 3789 1166 3846 adid
1180 3789 1253 3846 nihil
1268 3808 1305 3858 er
1320 3809 1351 3848 ss

147 3869 277 3928 conferre
295 3877 399 3948 potest,
422 3869 475 3930 sed
493 3878 586 3929 totum
605 3871 700 3929 aDeo
716 3868 832 3946 pendet,
847 3878 906 3928 tam
923 3868 1020 3945 quoad
1040 3869 1147 3927 bonum
1169 3867 1350 3945 promissum,

146 3968 234 4026 quam
248 3951 345 4027 quoad
359 3950 483 4010 officium
497 3957 681 4027 preceptum,
697 3949 734 4008 ad
748 3949 826 4024 quod
840 3947 1027 4024 prestandum
1049 3947 1129 4006 Deus
1150 3947 1260 4006 homini
1273 3948 1352 4007 vires

144 4029 277 4108 largitur.
300 4031 381 4090 Deus
391 4038 488 4090 tamen
498 4051 550 4108 per
560 4049 700 4090 summam
714 4029 909 4101 noandum
922 4045 987 4085 cum
999 4026 1144 4086 creaturis
1154 4027 1247 4087 voluit
1256 4025 1352 4088 soedus

145 4109 185 4167 uli
206 4109 266 4168 uod
279 4110 364 4169 inire.

185 4130 230 4246 il.
253 4189 372 4249 Poterat
385 4189 503 4267 quidem
518 4190 599 4250 Deus
612 4208 664 4267 pro
674 4190 741 4266 jure
755 4207 808 4248 suo
822 4186 1015 4247 obedientiam
1028 4185 1139 4246 homiui
1158 4207 1175 4246 a
1189 4206 1220 4246 se
1235 4186 1351 4246 condito

145 4269 332 4346 praescribere
347 4270 409 4330 sine
423 4270 484 4329 ulla
497 4271 607 4347 praemii
620 4269 845 4348 pollicitatione;
874 4266 926 4327 sed
939 4274 972 4326 ut
993 4285 1157 4344 supremum
1171 4267 1244 4326 illud
1258 4266 1350 4325 domi-

145 4349 226 4408 nium
240 4349 371 4409 bonitate
385 4369 438 4409 sua
451 4358 631 4427 temperaret,
646 4348 741 4408 foedus
754 4347 875 4423 addidit,
891 4347 969 4424 quod
983 4346 1173 4424 promissione
1187 4346 1306 4424 praemii,
1322 4355 1352 4406 et

145 4428 320 4488 obedientie
334 4429 520 4507 stipulatione
534 4437 655 4506 constat,
692 4429 729 4486 In
742 4447 809 4505 quo,
824 4435 857 4487 nt
870 4427 928 4487 Jus
942 4447 1025 4486 suum
1045 4427 1075 4484 in
1089 4427 1234 4485 hominem
1248 4425 1352 4486 fortius

145 4527 274 4568 asserere
288 4509 400 4584 voluit;
430 4510 478 4568 Ita
498 4527 638 4568 summam
652 4508 862 4586 benignitatem
876 4506 1085 4566 demonstravit
1105 4506 1136 4564 in
1149 4527 1183 4566 eo
1197 4505 1276 4584 qnod
1289 4507 1351 4584 ipse

144 4589 255 4647 nullius
268 4589 312 4647 rai
324 4589 452 4666 indigus,
467 4596 627 4648 ereaturam
642 4588 698 4646 sibi
715 4589 777 4665 jam
791 4607 828 4647 ex
843 4587 996 4646 creationis
1013 4588 1079 4664 jure
1101 4585 1254 4661 subditam,
1270 4594 1300 4645 et
1313 4605 1352 4645 ex

144 4669 273 4728 naturali
287 4667 465 4746 obligatione
479 4669 576 4727 omnia
589 4668 751 4745 debentem,
767 4668 839 4728 inito
853 4666 969 4743 fedam,
988 4666 1025 4725 ad
1038 4666 1201 4746 propiorem
1215 4665 1260 4728 sui
1274 4685 1351 4726 com·
