3044 5180
66 413 166 464 oumr.
179 392 281 476 xxm]
481 413 520 456 nn
535 415 594 458 nso
608 416 678 477 uso,
694 418 731 460 ur
745 418 845 462 rmuo.
1199 403 1257 464 267

65 555 166 628 divina,
180 558 198 614 t
214 554 278 614 Pet.
293 554 316 614 i.
331 557 364 631 4,
376 554 432 616 slis
445 577 515 618 vero
528 558 680 620 mereto
693 567 723 620 et
735 559 884 636 naturalis,
907 559 1002 638 quetis
1022 568 1067 620 est
1088 560 1208 620 Petrum
1228 560 1260 620 in

65 635 130 710 filiis,
144 635 190 712 qui
203 634 342 712 ejusdem
359 645 425 696 sunt
438 657 503 696 oum
522 638 581 698 illis
601 649 728 716 naturae3
750 642 844 719 qualis
865 650 910 700 est
930 641 962 702 in
976 641 1099 716 Christo,
1122 640 1173 718 qui
1193 640 1259 700 ideo

65 735 116 774 non
130 723 231 776 tanturn
245 715 367 790 similis,
382 716 534 778 sedetiam
548 720 668 796 sequalis
683 721 763 780 Patri
776 721 890 782 dieitur.
932 721 1016 782 Licet
1039 727 1135 780 autem
1162 720 1259 780 Chris·

65 807 106 856 tus
118 796 151 854 sit
162 796 256 872 imsgo
272 796 334 856 Dei
350 796 529 874 hypostatice
544 799 726 876 eonsidereti,
749 801 789 860 id.
805 801 909 876 Patris,
932 809 962 862 et
983 800 1114 879 ejusdem
1139 820 1205 860 eum
1224 821 1259 860 eo

64 875 187 951 mentia,
201 895 262 936 non
276 877 414 956 sequitur
428 898 491 938 esse
506 880 656 958 suiipsius
676 881 841 958 imaginem,
866 881 935 959 quis
955 889 1053 960 potest
1074 900 1138 940 esse
1160 881 1258 958 imago

61 957 172 1031 utrum,
187 956 288 1034 quoad
302 957 425 1018 modum
444 958 629 1038 subsistendi,
653 961 703 1038 qui
725 961 855 1040 ejusdem
878 981 944 1022 oum
966 961 1017 1020 illo
1041 968 1086 1020 est
1108 960 1258 1022 essentie:

61 1037 118 1096 h'ou
129 1045 222 1116 potest
235 1056 303 1112 esse
319 1038 424 1098 eadem
436 1058 559 1116 persons
573 1061 639 1102 sum
652 1041 705 1102 illo
718 1043 801 1119 eujus
816 1051 861 1102 est
874 1042 980 1120 imago,
1002 1039 1055 1100 sed
1075 1041 1147 1100 nihil
1168 1041 1257 1119 impe·

61 1117 97 1176 dit
108 1117 173 1193 quin
185 1117 281 1193 possit
295 1137 365 1180 esse
378 1117 456 1178 idem
470 1121 604 1182 essentia
647 1122 787 1196 Quamvis
811 1123 899 1184 etiem
913 1122 1058 1182 diceretur
1079 1121 1176 1200 imago
1191 1121 1257 1198 Dei,

60 1217 108 1274 que
118 1199 279 1277 θώρακος,
298 1207 331 1258 et
344 1199 456 1258 ratione
470 1199 565 1262 Officii
580 1199 754 1278 Mediatorii,
770 1202 839 1282 quia
851 1203 977 1282 perferte
991 1201 1078 1262 refert
1092 1202 1176 1262 nobis
1202 1202 1257 1260 Ps-

60 1287 129 1352 trem,
142 1278 241 1355 utqui
254 1278 345 1338 videt
359 1279 462 1356 ipsum,
477 1279 577 1341 videat
590 1290 620 1342 et
635 1281 760 1358 Patrem,
775 1283 825 1343 Jo.
841 1284 902 1342 xiv.
918 1285 945 1358 9,
961 1302 1021 1342 non
1035 1281 1200 1342 excluditur
1214 1291 1257 1342 ta-

60 1377 122 1430 men,
136 1357 187 1420 sed
200 1359 382 1436 supponitur
395 1360 468 1420 retio
485 1360 620 1438 imaginis
644 1363 815 1440 essentialis,
840 1372 983 1442 quatenus
1006 1370 1051 1424 est
1073 1365 1162 1436 nipe,
1189 1361 1258 1438 quie

61 1437 243 1496 euhemerus
257 1439 315 1500 illa
328 1439 427 1516 imago
441 1439 523 1502 fulsit
536 1441 566 1499 in
581 1442 696 1506 Christo
710 1443 867 1518 inomnuto,
883 1454 912 1505 et
930 1443 1015 1520 qussi
1035 1441 1067 1500 iu
1090 1442 1207 1519 speculo
1227 1442 1257 1502 iu

60 1519 112 1592 ipso
124 1517 214 1576 eluxit
232 1518 350 1578 divinae
370 1520 486 1579 virtutis
506 1520 603 1600 imsgo
624 1522 791 1598 clarissima,
813 1523 890 1585 unde
911 1523 1017 1584 dieitur
1038 1527 1097 1587 Θεὸς
1119 1531 1257 1602 perpetus

60 1598 121 1654 irs
154 1603 167 1672 ¹,
183 1600 266 1658 Deus
278 1599 478 1676 semifatuos
492 1601 521 1660 iu
535 1605 659 1678 earm,l
676 1603 750 1664 itm.
765 1604 806 1666 iii.
823 1606 870 1666 16.

94 1677 122 1736 X
152 1677 211 1738 ΠΙ.
233 1679 306 1740 Non
327 1687 427 1758 potest
441 1679 573 1742 Christus
590 1681 648 1742 diei
667 1684 760 1743 Filius
773 1684 834 1744 Dei
851 1683 965 1744 meeum
985 1681 1098 1742 ratione
1118 1682 1256 1742 unctionis

60 1761 97 1816 rel
106 1759 231 1834 Μσίσ,
246 1760 340 1836 quasi
354 1777 460 1820 nomen
474 1761 581 1821 Christi
595 1771 625 1822 et
639 1763 708 1824 Filii
723 1763 782 1826 Dei
800 1762 1005 1840 eoineiderent,
1027 1762 1096 1840 quia
1117 1781 1256 1841 expresse

61 1857 76 1896 a
94 1837 208 1900 Domino
230 1839 468 1918 distinguuntur.
504 1841 566 1902 Neo
586 1841 653 1904 ideo
667 1843 800 1904 Christus
814 1843 909 1907 Filius
924 1843 980 1902 Dei
994 1841 1121 1902 viventis
1138 1842 1252 1918 dieitur,

62 1917 129 1992 quod
148 1927 220 1980 esset
242 1919 393 1994 Messias,
409 1921 461 1982 sed
481 1931 582 1982 eontra
601 1922 671 1985 inde
689 1923 858 2000 agnoscitur
877 1942 930 2001 pro
945 1921 1063 1998 Messio,
1078 1922 1158 1999 quod
1178 1931 1257 1984 esset

62 1995 109 2056 Dei
121 1999 218 2074 Filius,
235 2000 291 2077 qui
306 1999 391 2064 solus
403 2001 472 2060 huie
485 2002 598 2062 muneri
610 2003 706 2080 potuit
728 2022 792 2062 esse
806 2022 876 2080 perr
909 2001 988 2062 Hine
1002 2001 1044 2077 fit,
1059 2009 1101 2077 ut,
1116 2001 1186 2078 quia
1199 2001 1257 2060 iste

62 2075 111 2134 duo
123 2078 268 2140 indivulso
282 2100 367 2140 nexu
381 2081 457 2142 inter
477 2101 508 2142 se
523 2091 591 2142 suut
612 2082 777 2160 conjuncte,
792 2101 878 2140 nemo
891 2081 985 2159 possit
1006 2080 1137 2142 eonfiteri
1150 2079 1256 2142 Jesum

62 2155 192 2235 hasnam,
208 2161 283 2237 quin
299 2181 339 2220 eo
352 2160 417 2238 ipso
430 2171 570 2238 agnoscat
591 2181 657 2224 eum
671 2170 705 2222 ut
719 2163 829 2222 Filium
843 2161 901 2222 Dei
915 2161 1051 2236 viventis,
1067 2168 1097 2219 et
1110 2159 1175 2219 vioe
1189 2178 1256 2219 ver-

64 2255 97 2296 sa.
133 2238 264 2300 Christum
284 2241 376 2316 enim,
392 2247 422 2302 et
436 2242 531 2302 Filius
546 2242 611 2317 Dei,
627 2241 749 2303 eandem
764 2241 921 2320 designent
940 2260 1103 2320 personum,
1123 2239 1178 2299 sed
1195 2259 1256 2300 nou

63 2317 167 2378 eundem
180 2339 242 2382 rem
257 2321 290 2380 in
306 2320 412 2382 eadem
425 2341 566 2400 persona:
587 2323 680 2382 Friim
693 2323 771 2384 enim
786 2341 951 2401 personam,
969 2321 1096 2382 ceretro
1111 2340 1181 2380 vero
1195 2319 1254 2392 offi-

62 2397 122 2456 dum
134 2401 275 2476 aprum
321 2401 386 2464 Nee
406 2401 475 2462 addi
493 2401 589 2478 debet,
603 2403 706 2464 fideles
726 2423 803 2482 saepe
824 2403 922 2464 voesri
943 2401 1019 2462 tilios
1039 2401 1096 2460 Dei
1117 2400 1254 2476 viventis,

63 2495 124 2552 quos
135 2488 230 2542 tamen
243 2481 455 2543 oo'essentieles
467 2483 531 2542 Deo
544 2501 629 2542 nemo
638 2483 754 2560 dixerit,
767 2483 842 2544 Hos.
853 2483 873 2542 i.
885 2485 937 2559 10;
955 2481 1022 2542 Gal.
1037 2481 1078 2540 iii.
1094 2483 1151 2557 263
1167 2480 1254 2540 Rom.

63 2557 113 2616 viii.
127 2561 172 2618 14.
213 2561 289 2636 Quis
305 2560 384 2620 eninr
399 2562 491 2622 nescit
505 2563 669 2625 rhemense
689 2564 777 2642 longe
790 2561 920 2624 fidelium
934 2561 1113 2636 filiationem,
1129 2580 1254 2639 quorum

63 2654 135 2698 neno
152 2649 247 2718 potest
266 2645 396 2718 μοιηοὺς
417 2651 447 2702 et
466 2643 601 2720 proprius
613 2643 670 2704 Dei
684 2643 778 2704 Filius
792 2643 900 2718 voosri,
915 2663 967 2720 per
987 2641 1172 2719 adoptionem
1191 2641 1254 2700 soil.

63 2720 210 2798 gntuitnm,
234 2742 304 2800 quse
328 2729 373 2782 est
392 2722 424 2782 in
438 2721 562 2798 Christo,
583 2722 621 2782 ab
641 2743 676 2784 ea
688 2744 748 2802 qua
762 2723 895 2784 Christus
914 2721 973 2782 ω’
988 2724 1068 2800 itam
1083 2721 1189 2782 dieitur
1204 2721 1254 2779 Fi-

63 2795 111 2856 lius
124 2799 176 2860 Dei
194 2802 336 2878 viventis,
358 2821 410 2880 per
431 2803 599 2864 antithesim
618 2803 655 2862 ad
669 2803 762 2866 filium
774 2803 901 2865 hominis
920 2803 1078 2879 morientis,
1093 2808 1127 2861 ut
1140 2801 1254 2878 aliquid

65 2873 136 2967 {unge
148 2883 336 2957 prestantius
347 2904 355 2959 3
375 2892 409 2943 ut
422 2883 523 2944 innuat
537 2883 643 2944 Petrus
656 2903 687 2944 se
701 2903 768 2948 oum
783 2883 897 2947 temris
909 2881 1060 2960 discipulis
1073 2901 1132 2940 non
1146 2881 1254 2942 habere

65 2955 133 3016 ulum
145 2969 257 3022 nutum
277 2983 335 3041 pro
357 2962 434 3022 Filio
447 2961 581 3038 hominis,
596 2963 712 3041 qualem
732 2963 784 3022 aiii
802 2983 869 3024 eum
883 2962 1099 3036 existimabunt,
1114 2960 1165 3036 qui
1186 2980 1254 3020 eum

66 3036 105 3096 vel
116 3038 213 3118 Ehem,
228 3043 280 3104 vel
301 3061 392 3104 uuum
406 3061 444 3104 ex
459 3042 621 3120 Prophetis,
635 3042 684 3104 vel
697 3042 864 3102 Joheunem
883 3041 1046 3120 Baptistam
1068 3059 1133 3098 esse
1154 3059 1253 3098 oense-

67 3112 141 3194 bent3
160 3121 211 3182 sed
226 3123 340 3182 Filium
354 3123 442 3182 etism
455 3123 556 3182 aeterni
575 3123 655 3184 illius
676 3122 733 3182 Dei
754 3121 805 3199 qui
825 3139 938 3198 semper
957 3120 1034 3180 vivit
1053 3127 1084 3178 et
1104 3137 1254 3194 nunquam

67 3191 163 3262 deficit:
181 3209 214 3262 ut
221 3221 297 3281 ergo
304 3202 437 3280 ejusdem
445 3211 507 3264 erat
517 3222 583 3264 eum
593 3209 684 3262 matre
694 3209 814 3277 nahum,
824 3220 882 3278 qua
892 3199 986 3260 Filius
996 3198 1136 3274 hominis,
1152 3197 1254 3258 sione·

68 3291 134 3336 we
146 3289 188 3342 est
200 3291 234 3344 ut
246 3281 383 3361 ejusdem
397 3283 484 3344 etiam
498 3283 537 3342 sit
550 3302 617 3342 eum
631 3283 717 3341 Petro
731 3289 850 3354 naturas,
865 3299 923 3357 qus
939 3279 992 3338 Dei
1007 3277 1135 3341 viventis
1150 3277 1254 3338 Filius.

101 3355 185 3418 XIX.
207 3361 351 3437 Quamvis
365 3362 497 3424 Christus
517 3361 661 3422 diceretur
680 3366 849 3440 eireiuyaspu
868 3365 910 3428 ris
925 3359 991 3433 >ster
1010 3368 1040 3418 et
1059 3362 1192 3440 perpuri(
1209 3365 1253 3426 ,τῆς

70 3438 208 3506 inmissa,
230 3441 328 3504 Petris
349 3441 461 3502 ratione
479 3441 607 3502 muneris
629 3442 804 3518 Mediatorii,
827 3449 857 3502 st
880 3451 914 3502 ut
934 3449 979 3502 est
998 3439 1160 3518 tuditem,
1184 3439 1255 3518 quia

69 3516 257 3586 ursesusnms
274 3522 363 3584 Pater
382 3523 427 3582 sui
447 3522 604 3600 imaginem
619 3521 650 3580 in
669 3522 733 3600 ipso
747 3521 900 3599 expressit,
923 3529 953 3586 et
973 3519 1071 3600 sigillo
1092 3523 1144 3580 sub
1158 3520 1252 3580 veluti

72 3591 224 3678 obsignavit,
235 3603 260 3664 J
264 3603 311 3662 oh.
321 3602 361 3662 vi.
373 3605 421 3678 27,
430 3621 490 3664 nou
499 3601 627 3662 obsteret
636 3609 734 3662 umen
743 3603 799 3662 hoo
807 3602 963 3680 quominus
972 3609 1002 3662 et
1009 3602 1064 3660 hoo
1075 3599 1132 3678 ipsi
1142 3600 1251 3660 tribue·

73 3681 202 3816 popm
211 3683 399 3824 iiiiii
407 3681 1094 3825 tttttttttttutttdtttt
1105 3683 1254 3818 {iiim

76 3847 124 3891 ‘tm
134 3779 379 3918 emmissimum
401 3806 486 3919 gerit,
496 3841 527 3899 in
542 3841 637 3918 seipso
652 3842 787 3904 Personae
802 3843 906 3916 Patris,
922 3782 981 3918 illue
994 3807 1037 3900 isi
1049 3837 1146 3898 differt
1159 3837 1196 3897 ab
1217 3858 1253 3898 eo

77 3918 210 4000 modum
224 3920 453 3996 subsistentium,
467 3928 502 3980 ut
515 3921 670 3982 conveniet
682 3941 748 3984 oum
762 3941 798 3982 eo
812 3921 971 3982 seeundum
990 3919 1164 3993 essentiam
1187 3918 1252 3976 Imo

78 3987 120 4050 ¹¹1⁸
130 4001 201 4072 ’τἰπε
214 4023 275 4064 ηοιι
288 4009 388 4080 posset
400 4001 499 4062 locum
511 4001 618 4062 hebere
631 4001 689 4060 uisi
707 4003 764 4062 iste
778 4000 935 4078 supposita,
950 3999 1020 4076 quia
1039 4017 1099 4058 nou
1111 3997 1256 4074 potuisset

76 4075 351 4146 inlustrationem
366 4081 488 4158 gloriam
504 4080 569 4156 Dei,
584 4089 614 4140 et
634 4083 829 4146 characterem
843 4080 907 4157 ejus
921 4079 1058 4139 Personae
1071 4075 1156 4136 nobis
1170 4077 1251 4136 exhi-

76 4145 139 4230 ΜΝ,
151 4159 203 4222 nisi
214 4163 284 4224 talis
297 4161 401 4224 suisset
414 4171 499 4222 entes
513 4181 564 4239 per
578 4168 714 4220 aternam
729 4159 954 4238 generationem.

350 4241 428 4302 XX.
435 4242 567 4304 Christus
572 4238 971 4316 diversimodeprimopanitus
977 4234 1092 4312 dieitrm,
1105 4238 1131 4296 1.
1142 4235 1254 4296 ratione

88 4291 274 4410 Fontspusplntio
316 4323 479 4399 temporalo
498 4321 661 4395 mettano,
683 4318 800 4398 quondo
820 4325 942 4380 voeatur
956 4315 1162 4394 primoprimro
1184 4317 1253 4376 Mo-

202 4400 208 4414 ‘
316 4401 377 4478 rim,
399 4401 468 4479 quia
486 4419 572 4460 nemo
593 4409 659 4466 ante
680 4399 777 4478 ipsum
789 4405 876 4458 nutus
896 4405 949 4472 est,
973 4403 1004 4456 st
1023 4416 1108 4456 nemo
1121 4403 1188 4474 post
1209 4395 1256 4474 ip-

78 4477 305 4540 ⁸¹1¹‘kt-rationo
328 4481 548 4556 mrroen’orrr's,
571 4479 633 4542 Col.
653 4479 673 4540 i.
699 4481 746 4554 18,
763 4478 967 4556 pompeiius
987 4497 1025 4536 ee
1044 4477 1169 4551 mone,
1191 4483 1253 4536 tum

79 4545 136 4618 tuit
145 4555 246 4628 pn'mus
259 4561 426 4636 resurrexit,
442 4579 501 4620 non
513 4569 573 4620 tam
582 4559 737 4638 prioritate
746 4559 877 4636 temporis
891 4577 978 4635 quem
992 4556 1174 4632 comalitotie,
1186 4556 1256 4634 quia
1376 4622 1378 4628 ,

79 4633 175 4704 Pfflifit
186 4638 290 4700 virtute
303 4642 469 4718 resurrexit,
484 4641 507 4701 J
508 4660 535 4700 0.
549 4641 581 4700 ii.
602 4642 648 4715 19,
664 4639 715 4700 alii
728 4660 798 4699 vero
820 4659 920 4699 omues
934 4637 1042 4698 virtute
1063 4637 1166 4712 aliena,
1181 4638 1252 4697 nim.

80 4701 186 4790 Chfl'ttfi3
205 4727 265 4779 turn
276 4719 345 4800 quie
357 4719 517 4782 resurrexit
529 4719 568 4782 ed
581 4719 673 4780 vitam
686 4719 887 4794 immortalem,
901 4739 961 4778 non
974 4717 1070 4780 denuo
1083 4718 1253 4778 moriturus.
