3044 5180
57 383 165 436 cussr.
180 363 242 446 xe]
475 384 515 424 ns
529 382 823 426 runssrrssrtorn.
1205 373 1263 430 tls

58 525 154 586 Gratis
167 523 344 598 sufficiente,
360 524 463 584 salutis
475 523 688 600 incertitudine,
703 533 733 584 et
753 543 872 602 operum
892 525 1011 600 meritis,
1033 545 1098 604 quse
1120 546 1186 586 cum
1208 527 1265 587 ists

58 606 181 668 dmutna
195 613 270 665 sunt
284 605 428 664 aicium.
464 604 678 682 Qualiscumue
692 613 789 664 eutem
803 605 841 664 sit
854 604 919 682 ejus
932 606 1083 681 sententie,
1099 607 1264 670 stallorum

57 686 103 762 qni
116 684 324 762 Augustinum
337 685 385 744 hie
400 693 567 762 sequuntur,
583 695 613 744 et
631 684 794 744 suscitetis
814 693 893 745 stem
912 683 1060 762 pertibus:
1082 687 1199 746 Certum
1219 696 1266 747 est

57 764 292 840 communionem,
308 773 370 824 tum
384 764 462 842 spud
475 764 616 839 Jesuites,
630 773 694 824 tum
707 762 786 842 npud
798 763 951 844 plerosque
966 765 1134 825 Pontificios
1149 773 1263 826 senten·

57 845 120 904 tinm
133 863 236 904 eorum
252 864 329 920 esee,
345 846 396 922 qui
410 843 697 904 Prtedestinetionsm
711 844 749 903 sd
762 844 852 903 vitem
874 863 925 904 sen
940 844 1119 904 Electionem
1144 865 1264 924 suspen·

57 924 123 983 dunt
135 944 153 983 e
166 925 348 1002 praevisione
362 943 490 1003 operum,
505 933 535 984 et
548 925 618 984 boni
631 943 702 984 usus
715 924 799 983 liberi
814 924 955 1000 Arbium,
975 924 1116 984 edverstts
1129 945 1203 1002 quos
1216 926 1265 986 hic

57 1004 97 1062 dis
116 1014 242 1064 nunus.

93 1023 146 1142 itt.
169 1083 337 1142 Lutltersni
351 1083 399 1143 hie
412 1083 500 1144 etism
514 1083 590 1143 inter
603 1103 635 1144 se
649 1083 838 1160 scindontnr;
860 1082 1000 1159 Quemvis
1024 1084 1101 1144 enim
1122 1085 1159 1144 eb
1182 1085 1266 1146 initio

57 1163 130 1222 ntrlls
143 1163 350 1222 controversie
364 1163 440 1222 circe
453 1165 508 1222 hoc
522 1164 616 1241 Osput
628 1173 709 1222 motu
727 1163 822 1240 fuerit,
844 1183 950 1242 megno
964 1164 1037 1222 Viro
1059 1164 1115 1223 Dei
1136 1165 1265 1225 Luthero

58 1241 212 1302 doetrinsm
228 1242 396 1320 Augustini
409 1243 446 1302 do
459 1245 588 1321 gretuits
602 1243 859 1304 Praedestineticne
873 1244 1023 1319 retinente,
1034 1252 1067 1303 ut
1081 1245 1160 1303 illem
1172 1245 1265 1305 solide

59 1323 181 1396 meeruit,
196 1323 252 1384 lib.
268 1326 306 1382 de
320 1324 409 1383 sevo
421 1323 550 1383 Arbitrio
558 1347 570 1398 ,·
592 1324 716 1383 Factum
737 1332 834 1384 tamen
848 1332 894 1383 est
911 1333 1020 1401 postes,
1037 1333 1069 1383 ut
1083 1323 1152 1383 dnm
1166 1325 1203 1383 lis
1224 1345 1262 1384 ex

60 1401 105 1460 lite
119 1403 234 1478 seritur,
252 1403 307 1460 nlii
321 1403 359 1461 sb
377 1404 442 1483 ejus
455 1414 552 1463 mente
566 1403 706 1481 peuletim
720 1401 907 1463 deflectentes
922 1403 1022 1462 durius
1035 1403 1125 1463 locuti
1146 1404 1213 1479 sint,
1235 1413 1265 1464 et

61 1481 235 1542 Electionem
250 1501 292 1542 ex
306 1483 366 1542 fide
378 1483 504 1560 previss
517 1483 727 1561 suspenderint,
749 1492 783 1543 ut
803 1483 944 1543 rationem
964 1483 1078 1558 hebent,
1101 1484 1149 1542 vel
1170 1503 1265 1562 causes

62 1559 225 1638 impulsiva,
241 1561 295 1622 vel
309 1563 413 1622 saltem
427 1563 663 1636 instrumentalis,
679 1561 823 1640 quomodo
838 1583 869 1623 se
887 1562 976 1622 hebet
999 1572 1131 1640 respectu
1150 1563 1265 1624 Justifi·

61 1639 181 1714 eetionis,
200 1640 271 1720 (nec
287 1643 366 1700 enim
380 1643 455 1702 inter
477 1663 508 1703 se
522 1643 576 1702 hec
601 1643 632 1700 in
656 1651 737 1721 perte
759 1643 830 1702 setis
852 1643 1036 1702 consentiunt
1057 1645 1182 1702 Jacoius
1204 1645 1264 1702 An·

63 1721 140 1796 dece,
154 1721 303 1797 Hunnine,
323 1722 499 1798 Glererdets,
515 1731 545 1782 et
558 1721 631 1801 elii)
653 1741 719 1801 qum
733 1722 912 1782 communior
935 1731 981 1782 est
1004 1722 1081 1800 apud
1104 1723 1182 1800 ipsos
1202 1725 1265 1801 jem

64 1801 214 1877 mutentie;
238 1801 327 1862 Licet
340 1821 399 1861 non
412 1803 508 1862 desint
521 1803 572 1862 elii
584 1802 636 1881 qui
650 1802 750 1863 senius
763 1803 811 1861 hio
832 1810 862 1863 et
875 1803 1004 1862 sentiunt
1017 1810 1046 1860 et
1059 1803 1225 1880 loquuntur,
1236 1809 1267 1862 et

63 1877 129 1938 inter
141 1889 263 1941 ceterum
280 1882 380 1942 celeb.
397 1882 535 1943 Catienis.

101 1959 168 2020 Vll.
194 1960 375 2038 Arminieni,
397 1962 448 2040 qui
468 1961 644 2039 Pupienum,
665 1969 695 2020 et
716 1959 962 2037 Pelegisnismum
983 1979 1035 2037 per
1058 1961 1201 2038 posticum
1221 1981 1266 2020 re·

66 2049 168 2114 vocent,
190 2039 221 2098 in
243 2041 374 2100 eundem
395 2041 545 2119 scopulum
565 2041 642 2119 impe
680 2049 766 2100 runt:
791 2039 874 2098 Licet
894 2040 971 2098 euim
991 2059 1098 2116 megno
1119 2039 1267 2099 molimine

68 2127 194 2180 conentur
214 2122 354 2198 prebere,
376 2141 407 2180 ee
428 2140 486 2179 non
507 2120 602 2180 iecere
623 2059 711 2178 filim
733 2137 850 2178 oensem
873 2117 1041 2192 Electiouis,
1066 2127 1099 2178 ut
1122 2118 1268 2179 declinent

69 2195 196 2258 invidam
211 2199 507 2278 Semipelegisniemi,
519 2201 569 2279 qui
583 2201 654 2279 ipsis
667 2199 770 2259 merito
784 2198 961 2278 impingitur,
976 2217 1035 2256 non
1049 2206 1158 2276 negent
1171 2207 1268 2258 temen

70 2293 123 2336 esse
135 2297 252 2338 oensem
268 2280 407 2357 sineque
420 2299 487 2355 non,
502 2299 554 2340 seu
568 2280 762 2340 conditionem
782 2278 1009 2358 prerequisitetn
1024 2279 1216 2338 necessariam
1236 2279 1268 2337 in

72 2355 208 2432 eligendis.
254 2361 324 2419 Irno
337 2379 395 2420 non
409 2361 531 2420 obscure
544 2359 644 2437 colligi
664 2367 769 2437 potest,
790 2378 841 2418 eos
854 2357 976 2418 ulteriru
996 2358 1140 2435 progredi,
1156 2366 1186 2417 et
1199 2378 1267 2417 esu·

71 2435 200 2498 eduum
210 2439 343 2517 sliqusm
353 2439 422 2504 fidei
435 2441 615 2514 tribuerent
626 2439 780 2517 Deneejus
792 2438 964 2517 praevisione
975 2447 1126 2498 moventur
1139 2437 1176 2496 sd
1191 2438 1269 2498 huno

72 2515 156 2589 potius
167 2537 255 2595 quem
276 2519 364 2578 illurn
385 2519 568 2598 eligendum,
591 2519 650 2578 Gur
662 2519 739 2578 enim
758 2519 830 2578 alies
843 2518 974 2578 dicerent
986 2519 1072 2578 toties
1087 2518 1268 2577 Electionem

72 2593 117 2652 niti
136 2599 310 2672 provisione
332 2598 409 2674 fidei,
431 2599 488 2658 nisi
509 2607 667 2660 statuerent
689 2599 827 2659 intuitum
850 2597 920 2658 fidei
943 2596 1055 2675 sliquid
1077 2597 1206 2658 conferre
1230 2597 1269 2656 ed

73 2671 228 2736 electionem
249 2679 341 2739 unius
361 2699 420 2756 pre
434 2678 514 2738 elie?
555 2678 633 2738 Hinc
648 2677 808 2738 Colletores
829 2678 918 2756 Hsgi.
933 2697 961 2756 p.
979 2680 1046 2752 109,
1067 2677 1268 2738 “Absurdum

73 2755 154 2828 eese,”
168 2757 257 2833 dunt,
276 2761 414 2836 “ponere
428 2759 590 2817 absolutam
605 2757 661 2816 Dei
675 2759 854 2817 voluntstem
868 2758 898 2816 iu
912 2757 1028 2817 decreto
1042 2755 1200 2832 electionis,
1215 2777 1269 2836 pro

73 2836 1270 2991 immitissimis¹’'¹²td‘¹t¹³¹u²,¹itqttttt⁵

74 2991 196 3070 Aufida
219 2999 322 3057 debeat
341 2999 441 3056 soceri
462 2995 557 3072 masin,
582 2997 630 3055 An
653 2997 783 3056 conditio.
826 2935 944 3086 pDuplex
968 3003 1064 3052 eutem
1087 2994 1135 3052 hic
1159 2959 1270 3055 leciuni

77 3067 221 3134 illectionis
240 3077 411 3137 decretum:
437 3077 566 3137 Primum
587 3077 729 3153 merois,
753 3073 887 3134 mrvnndr
909 3072 1076 3146 credentes;
1104 3072 1269 3132 Secundum

77 3150 189 3229 moabie,
204 3155 344 3216 semndi
364 3158 418 3215 hos
431 3165 461 3215 et
479 3156 546 3216 lllos
559 3155 739 3228 nominatim,
754 3173 827 3231 quos
842 3153 923 3211 Dens
943 3151 1078 3228 previdit
1091 3151 1269 3228 crediturost

79 3223 156 3288 Primi
168 3235 279 3294 nollem
294 3235 381 3295 slism
396 3255 511 3296 cenum
526 3235 589 3294 deri
603 3233 706 3293 volunt
719 3253 806 3312 quem
827 3251 928 3309 puram
943 3231 1000 3290 Dei
1013 3231 1201 3306 voluntatem,
1217 3231 1270 3290 sed

79 3309 162 3380 quood
174 3315 344 3391 seeundum,
358 3315 428 3375 licet
440 3315 470 3374 in
484 3314 584 3374 divine
597 3314 747 3374 voluntete
761 3313 848 3372 etiem
861 3309 1006 3386 fundetur,
1021 3311 1125 3370 volunt
1137 3309 1204 3370 fidei
1225 3311 1269 3368 in-

79 3385 170 3450 tuitum
182 3401 211 3452 et
224 3403 390 3473 respectum
403 3415 437 3454 su
458 3413 573 3472 ponere,
588 3402 621 3453 ut
636 3395 717 3454 Deus
730 3413 765 3452 es
778 3400 929 3451 moveatur
942 3391 979 3450 ed
994 3389 1160 3468 eligendum
1172 3391 1271 3468 potius

80 3479 163 3606 ²1:113
165 3489 253 3610 popm
267 3475 453 3614 ulteprupp:tur
476 3475 586 3612 ioddm
604 3493 663 3533 non
677 3473 773 3610 pigitum
787 3472 823 3532 de
843 3471 936 3551 primo
950 3470 1075 3548 decreto,
1091 3471 1175 3549 eujus
1187 3470 1269 3530 veni·

184 3571 195 3608 1
226 3573 329 3612 emens
395 3575 404 3612 ι
476 3573 506 3613 se
561 3573 679 3612 eseeun
700 3573 727 3612 e.

114 3621 197 3688 v111.
216 3632 268 3692 Ad
285 3599 466 3692 lielormstoi
477 3633 555 3711 qnod
569 3633 680 3708 attinet,
692 3631 821 3692 nnenimi
835 3650 978 3690 consensu
989 3629 1128 3690 Ecclesiae
1138 3637 1271 3690 steterunt

84 3697 246 3770 Electionem
265 3731 331 3772 esse
350 3731 428 3772 mere
450 3713 615 3790 gratuitem,
636 3731 690 3772 nec
711 3713 801 3772 nllsm
824 3711 886 3769 deri
905 3710 1108 3788 prtevisionem
1129 3709 1198 3767 fidei
1219 3715 1271 3767 ent

83 3795 194 3863 operum,
215 3799 245 3850 et
264 3791 442 3867 meritorum,
464 3791 513 3852 vel
533 3791 570 3852 de
594 3811 732 3869 congruo,
753 3790 802 3850 vel
823 3790 859 3849 de
880 3790 1034 3867 condigno.
1076 3787 1139 3846 Nec
1163 3787 1270 3862 obstet,

86 3861 152 3932 ΨΜ
169 3869 284 3943 quidem
303 3871 386 3930 sliter
399 3871 506 3931 sentire
519 3871 681 3946 videantur,
703 3871 773 3930 dnm
793 3870 963 3928 electionem
984 3868 1022 3926 sd
1042 3866 1164 3924 salutem
1183 3866 1272 3942 juxte

86 3947 199 4004 ¹¹tetrum
220 3951 401 4027 concipiendi
422 3950 540 4010 modurn
561 3952 749 4030 posteriorem
774 3947 927 4008 sumendo
948 3946 1088 4005 electione
1112 3943 1150 4002 sd
1173 3943 1270 4018 fidem,

87 4031 190 4084 cuent
203 4027 296 4090 Deum
316 4031 409 4107 ptimo
423 4031 586 4090 decrevisse
604 4029 673 4088 dere
693 4029 780 4088 fidem
798 4027 916 4101 homini,
932 4045 1019 4102 quem
1033 4024 1115 4081 illum
1130 4023 1167 4080 ed
1180 4022 1271 4082 vitem

89 4089 236 4184 ἆθῦῖίῠιιίη
258 4119 345 4186 etque
359 4111 400 4170 ite
413 4108 693 4188 predestinstionem
708 4107 746 4165 sd
760 4105 881 4184 gloriem
895 4113 925 4163 st
935 4105 1025 4162 vitem
1039 4102 1141 4160 volunt
1155 4121 1218 4160 esse
1233 4121 1271 4160 ex

88 4169 144 4250 fide,
162 4187 294 4263 itltqusm
313 4189 508 4249 conditiones
523 4190 586 4248 Deo
607 4187 731 4266 previss
750 4187 782 4243 in
802 4205 836 4243 eo
856 4185 907 4261 qui
927 4183 1052 4260 eligitur,
1067 4189 1101 4240 ut
1114 4181 1273 4240 Testsrdue

90 4247 200 4329 l0q11itur
216 4263 246 4324 in
260 4268 347 4328 lreni.
362 4269 403 4328 th.
419 4271 467 4343 te,
485 4269 609 4328 “Nemo
622 4265 774 4343 negaverit
787 4262 967 4322 Electionem
981 4261 1018 4319 ed
1034 4260 1271 4337 justificationem

91 4337 116 4386 ii
124 4334 359 4424 slodfiestionem,
375 4348 400 4406 si
414 4347 549 4408 distincte
563 4346 781 4407 considerentur
793 4362 857 4402 esse
870 4361 908 4401 ex
926 4340 984 4400 fids
1004 4340 1137 4418 previss,
1152 4340 1272 4416 ejusque

93 4407 218 4484 ‘'bittitm
231 4445 292 4486 esse
314 4427 457 4486 hominem
477 4426 650 4501 credentem,
672 4433 814 4503 quetcnns
828 4421 1021 4482 credentem.'’
1064 4419 1103 4478 Et
1117 4419 1273 4496 (isppellus

94 4481 167 4552 l'hes,
180 4497 213 4558 de
226 4503 317 4566 lilect.
331 4507 373 4565 th.
388 4509 434 4566 ts.
477 4510 495 4542 “
506 4506 669 4566 Destinstio
687 4504 724 4563 ed
738 4505 829 4562 vitem
850 4511 985 4560 eternsm
1006 4507 1036 4558 et
1055 4498 1187 4577 gloriam,
1209 4499 1273 4559 eive

93 4567 210 4637 voluutas
221 4581 274 4642 Dei
283 4585 321 4644 de
332 4585 520 4662 glorificendo
530 4585 655 4660 homine,
667 4585 769 4643 nititur
782 4581 947 4642 conditione
960 4579 1029 4638 lidei
1043 4588 1072 4639 et
1085 4579 1271 4657 poenitentiee,

96 4645 228 4728 edum
241 4662 321 4726 neus
334 4665 396 4743 ipse
409 4666 439 4725 n
453 4665 538 4728 none
551 4665 667 4741 ouem
682 4662 737 4724 ee.
779 4663 853 4722 nam
874 4661 1018 4722 neeesse
1031 4658 1128 4739 epus
1142 4659 1172 4718 tn
1186 4679 1274 4719 es·
