3174 5174
100 358 231 407 eumer.
244 337 300 419 vu]
567 357 606 397 nn
620 356 822 398 raovmnunra
836 356 896 397 ner.
1259 340 1317 398 461

153 498 250 558 VIII.
274 498 396 572 Quarto,
413 496 494 556 Dens
501 497 543 556 ita
553 498 696 558 concurrit
707 518 772 557 cum
780 497 930 556 voluntate
940 496 1074 573 humana,
1084 503 1117 557 ut
1130 496 1214 558 aliter
1223 505 1319 559 tamen

103 599 183 637 eam
196 577 366 636 determinet
379 577 411 634 in
423 575 517 652 bonis,
532 577 615 637 aliter
629 578 743 637 veroin
763 577 856 636 mulis.
898 577 972 635 Nam
993 576 1025 634 in
1044 577 1121 636 bonis
1141 577 1257 655 quidem
1278 577 1320 637 ita

105 659 201 717 Deus
223 657 402 716 voluntatem
422 665 587 734 praemovet,
602 664 636 715 ιιι
655 677 754 716 eorum
775 657 878 715 author
898 656 944 732 sit,
959 675 1017 714 non
1038 665 1148 716 tantum
1170 659 1200 716 in
1214 678 1320 735 genere

105 747 236 812 naturae,
259 736 420 795 sedetiam
446 736 604 797 secundum
625 755 724 795 eorum
746 737 903 796 bonitatem
928 735 1074 812 moralem,
1100 736 1317 797 determinando

105 818 304 892 voluntatem,
314 835 374 874 non
386 823 499 874 tantum
513 815 609 893 quoad
622 835 690 890 rem,
705 815 745 874 id.
756 817 873 890 bonum,
888 814 937 873 vel
946 815 977 873 in
988 835 1101 892 genere,
1114 815 1201 874 velin
1212 817 1316 893 specie,

107 896 270 955 sedetiam
284 897 383 971 quood
393 897 514 969 modam,
530 895 621 954 utfiat
634 896 708 954 bene
723 894 802 972 quod
822 895 863 970 fit,
878 895 983 972 partim
1003 894 1129 953 iudendo
1150 895 1206 972 ipsi
1226 897 1318 955 bonas

108 975 271 1054 qualitates
281 975 398 1052 speciali
407 975 525 1048 auxilio,
536 974 585 1033 vol
594 975 686 1052 gratia
695 973 913 1052 supernaturali,
925 973 1029 1051 partim
1039 974 1146 1034 inditas
1154 975 1316 1052 excitando,

110 1054 291 1132 adjuvando,
308 1063 337 1113 et
350 1055 382 1111 in
394 1063 490 1112 actum
505 1052 674 1113 deducendo
687 1074 739 1131 per
751 1055 878 1131 ipsarum
897 1054 1048 1134 radpertus:
1070 1054 1138 1113 hinc
1159 1052 1228 1113 dum
1249 1074 1317 1133 sug·

113 1135 195 1212 gerit
207 1135 270 1212 pias
285 1133 476 1210 cogitationes
488 1134 637 1208 homini,2
653 1133 781 1192 Corinth.
791 1134 831 1191 iii.
844 1135 871 1208 5,
883 1133 952 1193 facit
966 1135 1053 1192 ctiam
1066 1142 1099 1192 ut
1113 1133 1199 1193 homo
1210 1134 1320 1210 cogitet

113 1215 197 1272 viam
211 1233 302 1288 suam,
318 1213 457 1271 Proverb.
472 1213 533 1271 xvi.
548 1215 576 1288 9,
592 1212 697 1290 Aggae.
719 1213 738 1272 i.
761 1214 794 1288 53
816 1212 884 1271 dum
898 1213 949 1272 dat
961 1233 1070 1272 novum
1090 1233 1149 1288 cor,
1163 1222 1193 1273 et
1210 1233 1319 1273 novum

114 1294 250 1370 spiritum
273 1295 303 1350 in
324 1291 421 1350 medio
443 1291 542 1367 nostri,
558 1291 626 1350 iacit
645 1293 730 1351 etiam
752 1292 835 1352 utin
849 1292 992 1352 mandatis
1007 1292 1195 1368 ambulemus,
1211 1293 1318 1352 Ezech.

116 1373 284 1448 xxxvi.27;
301 1371 370 1430 dum
385 1381 518 1448 operatur
531 1372 562 1430 in
570 1371 654 1432 nobis
667 1372 743 1430 velle
755 1380 785 1431 et
797 1371 941 1449 perficere,
949 1371 1036 1430 efficit
1050 1372 1136 1431 etiam
1149 1381 1182 1432 ut
1195 1371 1319 1450 nosipsi

117 1471 270 1530 operemur
283 1450 406 1510 salutem
420 1458 547 1509 nostram
562 1471 626 1510 cum
640 1451 742 1510 timore
756 1460 785 1509 et
805 1459 938 1524 tremore,
953 1451 1060 1528 Philip.
1081 1450 1111 1510 ii.
1128 1454 1174 1526 12,
1192 1454 1239 1511 13.
1282 1453 1318 1510 In

117 1533 201 1590 made
220 1551 292 1590 vero
313 1531 354 1590 ita
374 1531 526 1605 concurrit,
541 1539 574 1589 ut
594 1550 687 1608 neque
708 1550 743 1588 ea
763 1529 875 1604 efficiat,
891 1530 1018 1608 adjuvet,
1034 1539 1085 1590 aut
1104 1530 1251 1608 approbet,
1267 1530 1319 1590 sed

118 1611 275 1689 permittet,
297 1619 326 1668 ct
346 1609 499 1668 efficaciter
522 1609 637 1686 dirigat,
653 1629 712 1667 nou
731 1608 910 1668 infundendo
930 1609 1078 1685 malitiam,
1101 1609 1153 1668 sed
1173 1617 1320 1670 creaturas

119 1690 275 1750 rationales
289 1690 331 1748 ite
343 1688 561 1748 determinando
574 1689 694 1766 physice
709 1689 746 1746 ad
760 1695 841 1748 actus
855 1689 1045 1748 substantiam
1058 1689 1089 1746 in
1110 1709 1215 1766 genere
1234 1690 1318 1766 entis,

121 1779 155 1830 nt
167 1771 238 1847 ipse
252 1769 307 1829 sibi
321 1768 430 1828 relictae
444 1768 632 1827 deficiendoa
652 1769 717 1844 lege
738 1768 847 1845 seipsas
867 1775 1002 1836 moveant
1023 1776 1052 1828 et
1072 1767 1262 1828 determinent
1282 1769 1321 1828 ad

120 1849 214 1908 malas
222 1851 347 1909 actiones
355 1847 387 1906 in
395 1867 499 1926 genere
510 1848 606 1922 moris,
616 1847 705 1906 libere
714 1855 744 1906 et
753 1851 862 1912 ἑκουσίας
871 1867 919 1906 eas
929 1847 1119 1925 perpetrando
1129 1870 1136 1924 ;
1148 1848 1224 1906 unde
1235 1849 1320 1926 culpa

124 1929 157 1986 in
171 1948 220 1987 eas
233 1929 306 1987 solas
320 1928 406 2003 cadit,
422 1947 510 2005 aqua
525 1929 605 1987 Deus
618 1946 735 2005 prorsus
749 1936 793 1986 est
813 1926 956 2003 immunis,
972 1934 1005 1986 ut
1025 1925 1117 1986 fusius
1137 1927 1168 1985 in
1188 1928 1321 2005 sequenti

125 2007 287 2083 Quaestione
301 2008 479 2086 probabitur.

425 2087 485 2147 IX.
507 2087 577 2146 Alia
590 2096 634 2148 cst
647 2087 720 2146 ratio
733 2086 875 2146 libertatis
893 2086 1034 2146 absolutae
1048 2093 1078 2144 et
1090 2083 1320 2162 independentis,

158 2151 328 2257 roqqqusplu-
384 2187 449 2244 quae
463 2168 518 2226 soli
533 2168 595 2228 Deo
610 2168 760 2244 competit;
772 2167 842 2225 Alia
852 2185 921 2226 vero
935 2165 1065 2224 limitatae
1079 2173 1109 2224 et
1122 2163 1320 2242 dependentis,
1334 2245 1335 2248 Ἴ

291 2242 298 2255 ’
384 2267 449 2324 quae
470 2248 607 2312 creaturis
627 2255 671 2306 est
691 2247 814 2324 propria
857 2246 914 2304 Per
933 2246 1012 2304 illam
1031 2245 1072 2304 ita
1087 2245 1167 2303 Dens
1180 2263 1212 2302 se
1226 2244 1319 2303 deter-

122 2326 220 2402 minat,
235 2334 269 2387 ut
283 2347 300 2385 a
313 2325 394 2385 nullo
408 2327 465 2386 alio
479 2335 596 2403 regatur
616 2335 645 2386 et
665 2326 886 2401 determinetur;
911 2325 969 2384 Sed
983 2344 1048 2384 cum
1062 2323 1119 2383 ista
1132 2323 1239 2401 optime
1253 2343 1320 2383 con·

120 2407 197 2467 sistit
207 2407 408 2466 determinatio
416 2407 519 2482 aliena,
526 2407 657 2483 quianon
668 2405 773 2464 desinit
783 2407 869 2464 horno
880 2424 965 2484 agere
975 2411 1076 2483 sponte
1085 2412 1113 2463 et
1122 2403 1147 2462 ic
1155 2403 1321 2485 egurgitem,

120 2487 190 2546 licet
202 2487 235 2544 hi
248 2495 345 2545 motus
359 2485 474 2545 aliunde
488 2487 652 2545 excitentur
665 2495 694 2544 et
708 2485 884 2544 ordinentur.

10 2575 11 2600 ³
161 2566 205 2624 X.
227 2565 368 2640 Quamvis
380 2565 517 2625 voluntas
531 2566 620 2624 relate
634 2565 671 2623 ad
686 2565 909 2640 Providentiam,
919 2571 949 2623 et
957 2569 1089 2641 respectu
1097 2571 1179 2622 actus
1192 2562 1321 2638 secundi,

10 2651 11 2666 ²
121 2645 191 2704 dum
205 2646 300 2704 exerit
313 2646 507 2724 operationem
522 2665 611 2720 suam,
626 2665 685 2703 non
698 2644 790 2722 possit
803 2664 866 2704 esse
880 2643 1047 2707 indifferens
1061 2643 1166 2702 adhoc
1180 2643 1229 2702 vel
1249 2642 1323 2703 illud

10 2735 11 2790 1
120 2724 295 2800 faciendum,
306 2725 355 2784 vel
369 2724 566 2799 omittendum,
582 2725 650 2802 quia
664 2724 869 2784 determinatur
882 2723 920 2783 ad
933 2743 1022 2783 unum
1032 2723 1241 2801 oppositorum:
1257 2723 1323 2782 Non

123 2805 219 2864 obstat
233 2815 339 2879 tamen,
355 2805 507 2881 quominus
521 2804 551 2862 in
566 2824 596 2863 se
611 2812 747 2881 spectata,
762 2813 792 2862 et
805 2804 836 2862 in
850 2812 916 2864 actu
929 2804 1030 2882 primo,
1046 2813 1149 2862 natura
1163 2822 1215 2862 sua
1228 2803 1266 2862 sit
1279 2803 1322 2862 in·

122 2883 259 2944 differens
273 2892 303 2943 et
316 2883 536 2943 indeterminata
549 2883 586 2942 ad
600 2885 699 2958 multa,
715 2893 743 2942 et
756 2883 846 2946 libere
861 2882 984 2962 seipsam
998 2881 1177 2941 determinet.
1207 2882 1324 2941 Certum

121 2972 167 3024 est
180 2962 299 3041 quidem
312 2963 539 3026 indeterminatae
553 2983 647 3022 causae
661 2982 719 3021 non
729 2982 813 3039 posse
827 2981 891 3021 esse
905 2961 1126 3020 determinatum
1140 2960 1282 3035 effectum,
1298 2960 1324 3018 si

122 3044 185 3103 heac
206 3043 270 3103 sola
290 3043 345 3103 sit:
369 3043 427 3104 Sed
447 3043 472 3103 si
492 3042 530 3102 ad
545 3063 634 3103 unum
648 3041 783 3118 idemque
796 3040 929 3100 effectum
943 3038 1158 3117 producendum
1173 3047 1324 3098 concurrat

124 3143 190 3182 cum
210 3123 361 3182 voluntate
381 3124 507 3182 humana
527 3142 614 3183 causa
635 3122 772 3198 superior,
788 3139 878 3197 agens
898 3138 957 3177 non
977 3119 1089 3176 tantum
1109 3136 1161 3194 per
1180 3137 1253 3194 eam,
1272 3117 1324 3176 scd

124 3204 210 3262 etiem
225 3223 292 3262 cum
306 3222 348 3279 ea,
363 3212 459 3281 potest
473 3223 566 3262 causae
580 3201 719 3280 proximae
734 3220 771 3260 ex
786 3219 816 3272 se
831 3198 1058 3258 indeterminate
1072 3196 1191 3256 effectus
1212 3196 1254 3256 sic
1274 3196 1323 3256 de-

10 3311 11 3334 ÷
123 3283 272 3342 terminari
285 3302 304 3340 a
317 3302 403 3342 causa
417 3284 570 3360 superiore,
585 3291 618 3340 ut
631 3280 731 3340 civim
746 3299 805 3338 non
818 3278 929 3352 inseret,
946 3276 997 3336 sed
1016 3295 1079 3336 eam
1093 3275 1219 3355 patiatur
1238 3295 1325 3354 agere

10 3387 12 3412 ι
124 3370 227 3440 suopte
240 3369 330 3438 motu,
346 3371 375 3421 ot
388 3361 478 3422 libere
486 3362 645 3436 voluntate,
655 3361 713 3418 imo
721 3361 776 3419 hac
784 3358 847 3436 ipsa
853 3358 986 3418 libertate
996 3363 1094 3417 utetur
1107 3355 1144 3414 ed
1155 3355 1325 3434 exequenda

126 3441 246 3502 consilia
261 3459 322 3517 aua,
336 3442 472 3518 quiahoc
487 3441 573 3502 etiarn
588 3442 668 3500 Deus
683 3439 819 3512 decrevit,
835 3445 868 3497 ut
885 3439 972 3496 homo
993 3445 1095 3515 sponte
1115 3445 1145 3497 et
1164 3436 1254 3496 libere
1275 3436 1324 3496 de·

124 3530 203 3582 creto
219 3521 275 3580 Dei
290 3521 451 3581 inserviret.
494 3520 577 3580 Idem
590 3520 626 3579 de
641 3519 838 3596 contingentia
858 3516 1101 3594 dicendumque
1121 3524 1217 3596 potest
1237 3516 1326 3576 tribui

124 3600 241 3661 effectui
254 3609 387 3678 respectu
402 3619 496 3660 causa
510 3599 653 3675 secunda,
668 3599 718 3677 qui
736 3597 911 3675 ceteroquin
931 3597 1110 3656 necessarius
1130 3605 1174 3655 est
1194 3605 1326 3673 respectu

123 3699 218 3741 causae
231 3679 341 3759 primae,
353 3687 386 3740 ut
400 3699 486 3758 supra
499 3679 603 3740 visum
625 3681 735 3739 Caetera
748 3699 813 3757 quas
826 3678 883 3738 huc
893 3678 1038 3754 pertinent
1044 3674 1218 3753 praecedenti
1227 3676 1325 3749 Quaes-

125 3761 204 3820 tione
218 3767 288 3820 sunt
302 3778 434 3818 excussa.

166 3839 227 3898 XI.
250 3838 336 3912 Quod
350 3838 454 3916 siquid
462 3839 677 3916 praetercainre
691 3835 894 3896 obscurissima
904 3831 1138 3910 haretscmpuli,
1148 3829 1197 3889 vel
1207 3829 1325 3907 aliquid,

126 3918 204 3996 quod
218 3928 350 3978 nostrum
365 3926 480 3994 superet
493 3926 617 3995 captum,
632 3926 665 3976 ut
676 3919 744 3975 senc
758 3934 816 3973 non
827 3912 1006 3972 diffitendum
1020 3920 1064 3970 cst
1077 3910 1168 3969 multa
1182 3907 1265 3967 nobis
1279 3909 1327 3967 hic

126 4017 189 4057 esse
203 3997 354 4075 impervia,
370 3997 460 4056 satius
474 3996 562 4056 estid
576 3997 708 4074 ignorare
722 3994 876 4066 humiliter,
892 4011 978 4068 quarn
992 3989 1110 4048 definire
1125 3989 1282 4064 temerarie,
1298 3997 1327 4048 et

125 4078 292 4136 meminisse
313 4076 405 4150 decet,
420 4077 483 4135 vias
505 4077 561 4134 Dei
574 4096 633 4134 non
647 4094 710 4134 esse
721 4073 795 4132 sicut
809 4073 873 4129 vias
886 4079 1007 4144 nostras,
1023 4067 1168 4125 mirandas
1182 4087 1253 4143 esse,
1268 4086 1327 4126 non

125 4167 232 4216 temere
255 4154 421 4231 rimandas3
444 4164 474 4214 ot
494 4155 579 4214 nobis
602 4152 842 4214 homuncionibus
865 4149 992 4209 sufficere
1017 4146 1103 4206 debet
1123 4151 1151 4205 ri
1176 4145 1220 4220 ι’τι,
1249 4145 1327 4222 qnod

125 4236 285 4295 clanssimc
299 4233 422 4294 traditur
433 4234 463 4292 in
477 4235 584 4310 Verbo,
599 4234 719 4295 firmiter
732 4232 861 4306 retinere,
873 4229 941 4288 licet
954 4233 981 4286 rt
990 4223 1060 4302 iales,
1075 4227 1122 4286 vel
1136 4231 1164 4284 rt
1178 4229 1229 4290 πῢς
1243 4225 1327 4286 nobis

125 4337 182 4376 nou
195 4317 284 4378 detur
297 4313 382 4392 plene
396 4334 472 4374 nuuc
486 4315 609 4392 assequi.
