3158 5180
233 327 291 384 366
724 339 816 382 mous
830 339 974 390 orsurus.
1225 321 1351 403 [osser.
1368 341 1445 383 rrn.

233 485 366 544 homiues
379 483 497 558 ιιιιιιιιί,
514 482 553 542 id.
568 481 722 561 singulos?
744 481 776 542 Si
796 483 851 541 hoe
861 483 925 541 vult
939 481 1033 558 hodie,
1049 489 1079 542 et
1091 483 1185 542 voluit
1199 502 1313 562 semper
1324 505 1333 560 ;
1355 485 1381 543 si
1394 503 1448 544 vo·
1571 515 1572 520 1

233 565 288 624 luit
302 584 421 644 semper,
445 562 516 642 quid
538 563 589 622 fiet
612 563 649 622 de
671 581 706 622 eo
728 562 807 640 quod
829 563 910 622 addit
934 561 1103 642 Apostolus,
1128 562 1283 641 quodvult
1297 573 1331 624 ut
1345 581 1451 624 ornnes

234 645 353 704 veniant
366 645 404 704 ad
417 643 610 721 eoguitionem
626 642 796 703 veritatis?”
839 642 886 702 lte
907 643 1001 702 Trset.
1024 643 1061 702 de
1082 643 1231 704 Praedesti.
1254 644 1404 704 Editionis
1418 645 1448 703 in

234 728 263 801 8,
285 725 354 784 anni
376 727 462 800 1552,
490 743 556 802 quse
576 724 692 801 prefert
712 741 825 798 nomen,
850 725 868 756 “
883 723 1048 783 Conseusus
1069 723 1208 783 Eoolesiae
1230 725 1448 801 Geneveusis,''

233 827 262 884 p.
278 807 325 865 95.
349 808 367 838 ‘⁴
378 805 424 865 Eo
438 805 524 863 modo
538 803 603 863 vult
618 805 715 864 selvos
730 803 800 880 fieri,
816 803 961 881 quomodo
975 803 1038 863 vult
1052 803 1090 862 ed
1104 805 1298 882 coguitionem
1312 807 1450 864 veritatis

234 887 342 961 venire,
357 893 511 964 utrumque
525 885 603 944 enirn
617 883 734 962 copulet
749 883 875 943 Paulus:
896 884 982 944 Nune
996 903 1102 962 quaero,
1119 885 1168 943 An
1193 885 1294 944 eadem
1308 886 1449 945 voluutas

234 966 271 1026 ab
285 966 367 1025 initio
382 966 446 1026 Deo
461 965 630 1040 eonstiterit,
645 967 759 1024 neone?
789 964 863 1022 Nem
878 965 902 1023 si
916 965 1050 1024 omnibus
1063 975 1161 1024 notam
1175 966 1270 1025 voluit
1283 985 1348 1025 esse
1363 985 1448 1026 sunm

233 1047 394 1122 veritatem,
410 1067 461 1105 eur
476 1047 585 1122 legem
599 1065 680 1104 suern
702 1064 761 1103 nou
774 1045 935 1124 publicarit
955 1053 985 1104 et
1009 1046 1166 1124 gentibus?
1186 1065 1238 1105 eur
1250 1047 1395 1105 inclusam
1417 1047 1448 1104 in

234 1126 378 1204 angustiis
392 1126 505 1186 Judaerr
520 1126 613 1184 tenuit
627 1127 695 1185 vitre
708 1126 802 1184 luoem
813 1125 850 1184 ?”
874 1124 1006 1202 Idipsum
1021 1125 1160 1186 Calvinus
1174 1127 1325 1186 confirmet
1339 1127 1448 1204 saepius

235 1207 265 1266 in
280 1207 381 1266 eodem
396 1207 512 1281 Tractu,
534 1214 566 1266 ut
580 1225 608 1283 p.
623 1208 672 1266 95.
715 1207 733 1238 “
748 1205 833 1264 Nune
849 1205 942 1282 jsetst
967 1205 1097 1284 Pighius,
1125 1207 1220 1265 Deum
1243 1207 1321 1266 velle
1344 1225 1447 1266 omnes

235 1288 333 1346 salvos
347 1287 418 1362 fieri,
434 1307 499 1346 oum
513 1306 549 1344 ue
565 1295 685 1345 externa
697 1285 815 1363 quidem
828 1285 967 1344 doetrinae
981 1286 1155 1364 pradicatio,
1178 1305 1244 1365 quse
1264 1295 1363 1346 tamen
1380 1287 1445 1365 spi·

234 1368 308 1427 ritus
321 1367 530 1426 illuminatione
553 1365 642 1444 louge
664 1365 790 1424 inferior
796 1373 848 1441 est,
863 1366 998 1425 omnibus
1012 1367 1049 1426 sit
1070 1368 1259 1426 emmonis?
1302 1367 1343 1426 Et
1356 1367 1445 1445 paulo

234 1454 310 1524 post.
353 1449 370 1481 “
385 1447 452 1505 Hoe
466 1446 575 1505 extorsi
590 1446 703 1524 Pighio,
720 1455 752 1506 ut
766 1465 850 1505 nemo
864 1447 921 1504 nisi
935 1466 1020 1506 seusu
1034 1467 1068 1506 ae
1079 1446 1190 1524 juditio
1199 1448 1331 1525 privatus
1345 1447 1447 1506 eredat

233 1546 338 1586 ursano
354 1526 411 1584 Dei
423 1527 544 1586 consilio
558 1533 695 1586 statutam
710 1545 773 1585 esse
795 1526 929 1585 omnibus
949 1527 1100 1586 salutem.”
1144 1527 1227 1587 Idem
1240 1536 1334 1602 antea,
1350 1547 1380 1605 p.
1398 1529 1446 1586 17.

234 1611 254 1640 “
268 1605 419 1682 Quomodo
432 1606 550 1665 humilis
565 1607 627 1681 erit,
643 1607 693 1683 qui
707 1626 761 1666 neo
784 1607 935 1684 pristinam
953 1607 1097 1666 miserium
1122 1625 1140 1666 a
1163 1627 1221 1685 qus
1234 1607 1376 1666 liberatus
1391 1617 1444 1683 est,

233 1686 334 1745 audire
354 1687 486 1761 sustinet,
510 1686 623 1764 Deique
650 1687 870 1746 beneficentiam
892 1687 1054 1764 promissus
1081 1685 1119 1746 ad
1147 1707 1247 1747 omues
1271 1687 1444 1764 extendens,

233 1773 373 1843 quantum
388 1766 417 1824 in
432 1786 463 1825 se
478 1776 523 1825 est
536 1769 697 1825 extenuat?
724 1767 808 1825 Certe
830 1767 954 1826 multum
968 1767 1057 1844 abest,
1074 1767 1143 1845 quin
1163 1768 1220 1827 Dei
1242 1768 1368 1874 gratiam
1391 1787 1445 1848 pro

233 1845 335 1906 merito
349 1846 502 1924 illustrent,
519 1847 569 1924 qui
582 1865 647 1906 enm
661 1846 818 1924 praedicant
832 1847 966 1907 omuibus
979 1865 1042 1908 esse
1056 1865 1245 1924 communem,
1259 1849 1266 1874 ’
1282 1846 1338 1906 dre.

275 1927 315 1986 Et
338 1947 405 2004 pag.
429 1929 496 2004 156,
518 1947 609 2006 quum
632 1927 778 2005 Georgius
802 1927 985 1987 decantatum
1009 1928 1113 2003 losum,
1140 1932 1154 1986 1
1178 1927 1252 1988 Τιίιι.
1274 1928 1304 1986 11.
1331 1927 1443 2007 objicit,

236 2007 310 2068 “At
334 2007 443 2067 Peulus
467 2008 552 2068 doeet
575 2007 671 2067 Deum
693 2008 770 2067 velle
793 2027 893 2067 omues
917 2009 1014 2067 salvos
1038 2009 1130 2084 fieri,''
1153 2009 1250 2068 statim
1277 2008 1444 2086 respondet,

237 2089 255 2122 ‘⁴
269 2088 349 2166 Ergo
370 2097 421 2148 aut
443 2088 538 2148 Deum
560 2087 685 2148 fateatur
704 2108 762 2147 non
783 2108 848 2147 esse
861 2097 994 2148 votorum
1016 2097 1185 2167 compotem,
1201 2097 1251 2147 aut
1265 2107 1367 2148 omues
1382 2089 1446 2148 sine

234 2168 413 2306 elml'fiflne·
427 2168 640 2308 salvopuforel'
683 2168 825 2324 Epaphi&
847 2169 919 2308 gSi
939 2169 1114 2247 respondent
1127 2167 1204 2308 νιΙὲιι
1225 2169 1335 2307 Deliis
1342 2189 1447 2309 0ng

234 2267 268 2306 ss
279 2269 332 2308 vos
374 2267 416 2308 err
435 2269 512 2326 quen
547 2268 575 2306 m
595 2268 627 2306 ru
648 2269 679 2308 se
871 2269 906 2308 ur
926 2268 985 2308 ιιοιι
1002 2269 1071 2326 ergo
1092 2269 1170 2308 emur
1190 2267 1225 2310 us
1246 2269 1276 2307 ιιι
1330 2269 1401 2309 eren

236 2327 430 2405 Evangelium
444 2329 481 2388 ab
495 2328 578 2386 initio
592 2329 691 2388 mundi
713 2327 864 2406 praedicari
877 2329 992 2389 voluit?
1013 2328 1072 2389 Cur
1084 2337 1128 2390 tot
1142 2329 1248 2389 seculis
1260 2337 1321 2388 tum
1335 2331 1445 2390 multas

233 2415 336 2484 gentes
350 2407 381 2465 iu
394 2406 496 2466 mortis
509 2408 637 2467 tenebris
651 2428 745 2468 errare
759 2427 862 2486 pessus
876 2411 959 2469 est?'’

276 2486 360 2546 Iusti.
379 2487 430 2546 lib.
448 2487 489 2546 iii.
505 2507 567 2565 esp.
582 2491 630 2564 22,
647 2507 670 2547 s.
688 2491 735 2548 11.
778 2487 839 2548 “Si
859 2509 960 2549 omnes
974 2491 1063 2549 vellet
1083 2490 1189 2566 salvos,
1211 2489 1362 2550 custodem
1385 2490 1445 2549 illis
1571 2525 1572 2528 =

233 2566 393 2644 preficeret
406 2567 523 2642 Filium,
539 2576 568 2626 et
582 2587 682 2626 omues
703 2568 733 2626 in
754 2567 818 2646 eJus
840 2569 952 2648 Corpus
971 2589 1052 2631 ssero
1065 2569 1134 2629 fidei
1147 2571 1265 2629 vinequ
1283 2570 1444 2630 insereret:

234 2667 310 2706 nune
325 2656 439 2707 constan
451 2646 540 2706 fidem
554 2665 618 2706 esse
633 2647 780 2725 singulare
793 2651 906 2726 paterni
927 2650 1032 2710 umoris
1052 2651 1167 2729 pignus,
1182 2649 1251 2709 filiis
1265 2670 1339 2728 quos
1353 2650 1444 2729 edep-

235 2726 309 2786 tarit
329 2726 538 2786 retonditum.”
581 2728 621 2786 Et
635 2748 658 2787 e.
675 2731 723 2804 24,
740 2749 763 2788 s.
780 2731 827 2804 15,
843 2729 930 2805 “Qui
950 2730 992 2806 fit,
1014 2730 1039 2790 si
1054 2731 1135 2790 Deus
1148 2731 1213 2790 vult
1226 2749 1326 2790 omues
1344 2731 1444 2790 salvos

233 2806 311 2900 fieri,
319 2806 479 2946 uthiseris
492 2807 544 2886 qui
557 2807 595 2867 ad
616 2808 739 2887 gretiam
759 2809 918 2888 paratiores
931 2819 1036 2886 essent,
1057 2811 1178 2890 januam
1191 2811 1370 2890 poenitentiae
1383 2829 1443 2871 nou

233 2896 345 2966 apemt
367 2889 385 2916 11

276 2967 315 3027 Et
338 2967 480 3046 Respons.
503 2968 542 3028 ed
564 2967 657 3028 Artis.
679 2969 699 3028 i.
721 2969 903 3030 Castaliouis.
946 2973 964 3004 ‘⁴
976 2970 1126 3046 Quomodo
1151 2971 1232 3030 Deus
1252 2972 1317 3032 vult
1341 2991 1444 3032 omnes

235 3047 333 3109 salvos
346 3047 418 3126 fieri,
433 3069 492 3108 nou
506 3051 593 3108 anxie
607 3049 807 3126 dubitandum,
821 3051 891 3128 quia
910 3051 972 3110 hae
986 3052 1043 3111 duo
1058 3051 1134 3111 inter
1147 3069 1178 3111 se
1192 3052 1345 3128 coherent,
1363 3053 1443 3112 selus

235 3137 266 3188 et
279 3130 406 3208 cognitio
420 3129 571 3190 veritatis:
594 3130 679 3190 Nuus
698 3130 854 3208 respoude;
877 3131 901 3190 si
915 3132 1008 3192 voluit
1023 3133 1104 3192 Deus
1118 3151 1199 3191 stram
1212 3133 1367 3192 veritatem
1380 3153 1442 3192 our·

236 3209 322 3269 nibus
336 3211 524 3287 innotescere,
535 3211 594 3270 Cur
603 3210 641 3270 sd
651 3219 696 3270 tot
709 3220 819 3288 gentes,
831 3231 868 3270 ex
880 3231 937 3289 quo
950 3213 1127 3291 promulgari
1138 3213 1225 3291 erepit
1236 3212 1442 3291 Evangeliurn,

235 3308 382 3366 uunquam
403 3291 568 3368 pervenerit
587 3311 660 3368 pura
679 3291 744 3368 ejus
757 3292 897 3350 Veritus?
918 3292 1040 3369 Deinde,
1060 3313 1112 3352 eur
1125 3313 1183 3352 ιιοιι
1196 3294 1324 3352 omnium
1339 3295 1441 3354 oeulos

235 3387 368 3458 peraeque
378 3371 531 3446 aperuerit,
547 3369 664 3447 quaudo
674 3371 793 3431 interior
805 3371 930 3450 Spiritus
939 3372 1120 3450 illuminatio,
1136 3391 1194 3452 qus
1203 3373 1318 3432 nonnisi
1332 3393 1442 3451 pausos

235 3445 373 3522 drgnetur
393 3446 431 3506 nd
452 3449 540 3508 fidem
562 3451 725 3510 necessaria
745 3455 814 3512 est?
835 3452 893 3510 Hie
907 3453 993 3512 etiam
1012 3453 1066 3512 tibi
1088 3453 1246 3514 solvendus
1260 3455 1314 3514 erit
1327 3453 1440 3528 nodus;

235 3525 309 3584 Cum
322 3546 407 3620 neme
426 3528 482 3586 nisi
503 3549 607 3588 aroeno
631 3529 755 3626 Spiritus
775 3531 913 3592 instinctu
932 3541 1049 3610 tractus,
1065 3535 1102 3592 ad
1124 3535 1219 3593 Deum
1238 3533 1366 3610 secedat,
1383 3535 1442 3594 Gur

146 3731 151 3742 .
234 3625 472 3747 1101111111111.
483 3609 701 3750 “tltttttt
717 3631 909 3770 {tilii
909 3613 1153 3754 letlttlttl'
1163 3695 1281 3772 ems,
1306 3694 1358 3772 qe
1381 3713 1440 3754 ιιι

234 3776 387 3828 serventur
410 3777 516 3844 tamen,
544 3770 661 3848 quaudo
688 3773 785 3850 egitur
809 3772 845 3832 de
869 3773 1020 3833 voluntate
1043 3778 1085 3834 rie
1152 3777 1159 3798 ‘
1186 3821 1193 3852 ,
1217 3793 1283 3853 quse
1309 3775 1441 3853 praecipit

233 3847 344 3906 homiui
365 3848 499 3924 offitium,
515 3858 544 3910 et
564 3850 635 3930 quid
657 3851 720 3912 Deo
741 3862 856 3930 gustum
870 3856 908 3913 sit
922 3853 1066 3916 declaret:
1116 3875 1154 3915 ou
1175 3863 1271 3934 potest
1292 3864 1389 3914 tumen
1409 3855 1439 3912 id

233 3927 341 4003 pariter
354 3928 412 3988 diei
425 3929 463 3989 de
476 3931 626 3990 voluntate
647 3931 772 4008 deoruti3
796 3934 870 3992 Nem
891 3943 1033 4012 quotquot
1055 3937 1135 3996 Deus
1148 3937 1214 3996 vult
1233 3935 1351 4012 servari,
1373 3935 1441 3994 illos
1563 3961 1567 3980 ·

233 4007 322 4066 etiem
335 4009 400 4068 vult
413 4029 536 4084 servare,
552 4023 582 4071 et
602 4011 639 4070 ds
659 4013 736 4072 sueto
757 4021 853 4074 servet
873 4023 1001 4092 tempore
1020 4017 1191 4094 praestituto,
1207 4035 1244 4075 ne
1264 4016 1346 4075 irrita
1360 4016 1399 4075 sit
1413 4025 1442 4074 et
1508 4043 1509 4048 ¹

233 4084 393 4148 mannes
407 4089 471 4166 ejus
485 4091 629 4152 voluntas.
665 4093 710 4152 At
721 4093 752 4152 iu
766 4093 821 4152 heo
834 4095 1001 4172 quaestione,
1017 4105 1050 4155 ut
1061 4097 1123 4174 jam
1137 4097 1255 4172 dietum,
1271 4115 1329 4154 uon
1344 4097 1441 4174 egitur

232 4166 402 4244 simpliciter
414 4167 451 4228 de
465 4171 592 4249 eoquod
606 4180 721 4248 gratum
733 4173 829 4249 hebet,
841 4175 891 4234 vel
904 4175 982 4252 quod
993 4177 1057 4236 vult
1071 4175 1108 4234 ab
1122 4177 1287 4236 hominibus
1301 4175 1373 4252 fieri,
1389 4175 1441 4234 sed

233 4244 270 4304 de
284 4265 318 4305 eo
332 4248 411 4324 quod
432 4269 502 4342 erga
521 4251 653 4312 homines
667 4253 731 4312 vult
753 4254 815 4330 ipse
837 4254 939 4330 lesere,
962 4256 1085 4315 salutem
1105 4257 1177 4334 ipsis
1197 4255 1370 4316 destinando
1385 4256 1440 4316 sub

232 4325 397 4386 conditione
411 4327 487 4404 fider,
503 4339 534 4390 et
547 4331 699 4392 statuendo
717 4334 829 4393 mittere
845 4335 991 4395 Chrisurm
1011 4337 1041 4394 iu
1056 4355 1120 4396 eum
1135 4337 1222 4396 finem
1236 4343 1270 4396 ut
1289 4337 1363 4414 ipsis
1376 4353 1440 4395 esur

231 4405 402 4496 turtures
445 4409 565 4470 Frustra
579 4431 649 4490 ergo
663 4421 731 4472 sunt
744 4414 794 4491 qui
814 4415 967 4476 latibulum
986 4425 1103 4495 captent
1123 4417 1153 4475 iu
1174 4417 1230 4476 ista
1243 4417 1438 4492 distinetione,
1512 4411 1515 4420 '

231 4500 316 4574 qussi
336 4485 367 4544 iu
380 4487 435 4546 hoe
450 4491 568 4626 negotio
578 4501 757 4631 lpuffimnu
770 4501 891 4571 tautum,
907 4498 954 4635 Ap
967 4499 1047 4556 Deus
1060 4498 1125 4557 uelit
1138 4517 1232 4556 omnes
1243 4497 1440 4635 mimoga-

231 4577 303 4648 unit,
319 4579 469 4654 nou-vero,
513 4591 533 4627 n
545 4591 577 4630 vs
595 4571 610 4630 't
628 4573 634 4586 “
697 4593 813 4632 amare
820 4599 833 4646 ,·
854 4595 920 4636 eum
955 4595 999 4636 ute
1019 4577 1083 4636 iste
1210 4577 1315 4636 itiones
1335 4595 1352 4635 e
1393 4595 1439 4635 em

230 4636 360 4696 resident
374 4645 526 4706 rutelleetae
541 4647 579 4708 de
589 4651 738 4712 vuluntate
751 4651 867 4730 sellula,
884 4654 921 4714 de
934 4675 992 4734 qua
1005 4597 1210 4734 ιι101ιιι11111ι11Β
1205 4665 1289 4716 autea
1300 4657 1438 4734 questio
