3158 5190
113 370 218 422 onasr
231 351 303 435 rra]
610 373 650 414 nr.
665 373 837 418 scrrrrnnr.
1273 357 1327 414 10⁷

113 533 175 572 non
194 512 284 573 modo
305 513 470 591 equiparat
483 511 583 572 Codici
604 513 752 590 hodierno,
774 513 827 575 sed
847 521 878 574 et
899 533 958 574 non
978 513 1101 574 obscure
1120 513 1245 592 praefert,
1261 513 1330 574 dum

114 612 235 652 sensum
249 613 338 671 quem
353 593 413 653 illes
426 592 561 669 timdunt,
575 603 609 654 ut
624 595 847 657 commodiorem
867 603 898 656 et
911 593 1053 654 veriorem
1074 593 1253 672 sequendum
1267 613 1332 655 esse

113 693 178 751 pree
198 674 258 732 elio
279 691 368 751 quem
393 673 489 733 reddit
503 672 603 746 Codex¹
626 674 782 734 hodiernus
803 675 912 753 passim
934 674 1044 750 statuit,
1066 683 1208 752 utsupra
1225 673 1332 735 visum.

112 755 179 812 Nec
189 755 283 830 modo,
295 753 401 830 inquit,
412 752 500 830 Apol.
515 762 616 812 contre
629 753 775 830 Bootium,
790 775 819 832 p.
834 756 882 830 54,
897 755 924 814 si
934 755 1084 828 meliorem,
1099 773 1197 814 acram
1210 754 1295 814 etiam
1307 754 1334 814 si

116 843 177 892 tam
190 835 295 893 boumn
316 842 345 892 et
365 835 540 892 commodam
553 852 663 897 sentam
675 835 777 910 stendit
789 835 884 896 Lectio
905 838 952 894 mir
971 835 1071 893 LXX.
1086 854 1172 911 qaam
1185 835 1332 912 hodierna,

115 923 178 971 tran
193 914 297 972 habai
308 914 389 972 debet
409 913 485 972 illine
505 913 589 989 ratio,
606 933 691 991 qnam
713 915 799 991 eam,
814 916 882 992 prtia
895 915 947 974 aa
960 914 1104 990 antiquior
1117 923 1158 974 est
1169 914 1233 990 ieta,
1248 923 1333 991 atace

115 994 146 1052 ia
163 994 241 1069 pari
252 994 375 1053 bonimte
387 992 511 1052 Ιεσίἰοιιιὶι
525 1003 551 1052 et
563 1013 666 1071 eamne,
684 995 783 1070 potior
804 997 921 1056 babetrcr
936 995 1013 1054 ratio
1029 993 1139 1054 Codicis
1155 995 1332 1072 antiquioris,

117 1073 159 1131 Et
172 1073 263 1150 peulo
276 1082 352 1151 poet,
376 1073 542 1132 Aaronem
557 1073 669 1134 Codicis
682 1078 728 1134 nir
741 1076 841 1134 LXX.
864 1076 963 1151 αἰὶᾳιια
984 1083 1025 1134 eet
1044 1093 1135 1150 snpra
1156 1074 1332 1151 bodmrnnm,

115 1173 175 1212 mn
188 1155 276 1212 ιιιοάο
289 1153 324 1211 iic
336 1153 366 1212 ia
380 1153 449 1212 loce
461 1153 509 1211 nbi
520 1155 579 1228 ejas
593 1155 672 1213 tectio
685 1175 794 1216 oensem
811 1155 896 1232 parit
908 1155 1163 1229 convenientiorem,
1177 1156 1229 1214 scd
1248 1156 1333 1214 etiam

117 1235 169 1291 rabi
180 1243 241 1291 tma
254 1235 356 1292 ῠοιιιιιιι
369 1241 397 1291 et
409 1236 584 1292 commodam
597 1235 698 1310 anm
704 1260 716 1308 ,·
737 1235 888 1312 etquidem
904 1243 1026 1311 propter
1039 1234 1113 1292 illisa
1126 1234 1332 1311 antiquitatem.

118 1315 204 1371 laem
217 1313 278 1372 dici
284 1322 378 1390 potest
390 1322 417 1372 et
430 1313 509 1372 debet
521 1315 557 1372 de
570 1315 694 1374 omnibso
706 1315 853 1375 Codiabne
866 1316 996 1374 Veterem
1009 1316 1209 1390 Interpretrrm.

161 1392 220 1451 IV.
244 1393 304 1452 Sed
316 1393 405 1470 longe
418 1392 477 1450 elia
496 1401 542 1452 est
562 1402 677 1470 recepte
698 1404 728 1454 et
749 1394 910 1455 communis
931 1394 962 1454 in
977 1394 1117 1456 Ecclesiis
1137 1393 1245 1454 nostris
1267 1411 1332 1452 sen·

119 1471 231 1548 tentia;
254 1472 322 1531 Non
336 1472 425 1531 elium
440 1471 552 1532 seilicet
565 1474 781 1550 agnoscendum
800 1494 864 1534 esee
878 1474 1014 1534 Codicem
1034 1482 1139 1552 prater
1153 1473 1332 1533 Hebraicum

120 1551 295 1611 hodiernum
309 1571 361 1629 pro
372 1552 559 1628 Anthentico,
574 1553 613 1612 ed
623 1572 710 1630 quem
723 1574 777 1614 ceu
786 1554 913 1633 Lydium
925 1555 1053 1632 lapidem
1061 1554 1219 1614 versiones
1233 1572 1333 1614 omnes

120 1641 181 1691 tem
195 1640 312 1690 veteres
326 1651 413 1710 qnam
436 1631 611 1692 recentiores
635 1633 786 1712 exigenda
811 1635 877 1712 sint,
893 1643 923 1696 et
946 1635 1039 1694 sicubi
1062 1634 1100 1693 eb
1120 1653 1155 1694 eo
1176 1633 1334 1694 deflectunt

119 1711 304 1788 mrdgenda
324 1711 399 1787 sint;
420 1731 480 1770 non
500 1731 570 1771 vero
591 1732 629 1773 ex
651 1712 710 1773 illie
731 1715 825 1792 ipsum
846 1734 910 1774 esse
930 1713 1151 1774 emendandum.
1193 1712 1333 1788 Quemvis

120 1810 192 1850 rero
206 1791 332 1850 Codices
345 1791 443 1850 varios
456 1791 532 1850 inter
552 1811 584 1851 se
604 1793 727 1851 conferri
746 1814 833 1871 posse
855 1814 889 1853 nc
910 1793 1015 1854 debere
1037 1799 1182 1868 censeant,
1197 1793 1333 1852 neverim

121 1871 271 1947 lectiones,
288 1890 353 1948 quer
367 1869 576 1948 descriptorum
589 1872 638 1931 vel
652 1872 835 1933 librariorum
848 1873 959 1933 incuria
973 1873 1042 1933 oriri
1055 1880 1212 1950 potnersmt
1225 1871 1334 1932 discer-

121 1961 237 2026 nentur,
249 1959 281 2010 et
294 1950 400 2010 menda
409 1970 474 2027 qum
488 1950 519 2010 in
531 1951 579 2010 hie
589 1952 637 2010 vel
650 1952 710 2011 illis
720 1953 875 2013 Codicihus
885 1960 1039 2013 occurrunt
1053 1952 1249 2028 corrigentem
1272 1952 1335 2012 Nec

121 2031 302 2090 diffiteantur
314 2029 440 2090 hactum
453 2049 513 2089 non
526 2031 665 2109 exiguum
678 2032 789 2110 percipi
809 2051 895 2110 posse
917 2031 956 2092 sd
968 2031 1032 2091 veri
1053 2049 1155 2090 sensus
1171 2030 1332 2107 indagatio·

122 2131 198 2186 nem,
214 2131 254 2170 ex
267 2110 409 2170 Veterum
417 2109 591 2170 Versionum
606 2112 778 2172 collatione:
800 2113 828 2170 N
829 2122 916 2190 egent
930 2120 1027 2171 temen
1041 2129 1090 2170 ees
1103 2127 1231 2187 unquam
1245 2109 1333 2186 equi-

121 2190 268 2268 perendse
283 2209 356 2266 esse,
370 2190 462 2250 molto
475 2190 572 2251 minue
584 2191 778 2270 preferendae
791 2191 899 2251 Textni
913 2190 1056 2270 originali,
1071 2197 1105 2251 nt
1117 2189 1204 2250 licem
1218 2207 1335 2250 sensum

122 2290 210 2348 quem
224 2269 285 2329 illae
298 2268 432 2346 fundunt,
448 2271 541 2348 etqui
555 2271 732 2331 commodior
745 2272 830 2332 nobis
843 2271 960 2332 videtur
979 2270 1123 2350 amplecti,
1138 2277 1169 2330 et
1181 2269 1270 2330 elium
1283 2269 1335 2347 qui

122 2371 161 2410 ex
174 2351 302 2410 lectione
315 2349 427 2409 Textns
441 2349 573 2410 hodierni
586 2350 651 2410 fluit
664 2351 793 2431 rejicere.

163 2430 204 2491 V.
227 2430 316 2488 Hanc
330 2428 418 2488 fuisse
439 2449 552 2508 semper
571 2431 638 2490 inde
659 2431 696 2490 ab
716 2431 799 2492 initio
820 2430 948 2490 omnium
962 2429 1189 2490 Protestentiam
1208 2438 1335 2490 mentem

124 2529 172 2569 res
184 2517 231 2569 est
244 2509 312 2568 luce
332 2508 492 2569 meridiane
512 2510 632 2586 clarior3
654 2520 685 2571 et
698 2511 901 2572 Controversia
914 2529 979 2590 quse
1001 2529 1068 2570 cum
1082 2509 1243 2570 Pontificiis
1262 2509 1336 2588 ipsis

125 2589 281 2649 intercedit
293 2588 331 2648 de
339 2589 476 2648 Editione
489 2589 669 2651 Anthentica
681 2591 718 2651 de
728 2611 787 2670 qua
800 2591 931 2670 superius
945 2599 1050 2666 ectum,
1062 2591 1133 2650 setis
1146 2591 1202 2649 hoc
1215 2589 1334 2651 evincit.

127 2669 188 2728 Nec
201 2667 320 2728 diffiteri
333 2675 430 2747 potest
444 2669 482 2729 V.
498 2669 536 2729 D.
552 2690 618 2730 curn
631 2689 689 2748 quo
702 2672 824 2749 egimus,
836 2673 888 2748 qui
901 2671 931 2730 in
945 2670 1009 2750 ipso
1020 2671 1133 2730 Criticoe
1147 2669 1236 2729 Initio
1249 2669 1300 2729 lib.
1311 2669 1333 2730 i.

125 2769 151 2809 c.
172 2752 199 2809 l.
221 2749 318 2808 stimi
339 2749 441 2826 papae
462 2768 497 2809 ac
516 2751 627 2810 Veteres
639 2752 831 2811 Protretantee
853 2753 988 2811 draemnt
1008 2751 1103 2810 omnia
1124 2749 1288 2809 mamerari
1307 2757 1336 2810 et

125 2830 275 2889 mendam
287 2829 386 2888 denae
399 2831 442 2888 ad
453 2831 605 2889 Hebranm
621 2832 748 2907 Tectam,
763 2851 844 2908 praa
857 2830 1041 2908 pnm'seirnam
1053 2832 1164 2904 sontem
1177 2832 1332 2906 appellant.

126 2909 212 2983 Quod
226 2909 355 2969 &minue
368 2908 492 2978 Ansam
505 2910 536 2968 in
549 2909 748 2971 laudatissimo
763 2911 857 2989 Opere
870 2911 1025 2970 Antiberb.
1041 2908 1149 2969 Biblici
1162 2908 1213 2969 lib.
1228 2909 1247 2969 i.
1262 2929 1288 2969 c.
1303 2911 1334 2986 3,

125 2989 291 3064 confirmet,
310 2996 464 3066 postquem
472 2990 617 3068 propriam
627 2991 799 3050 sententiam
810 3011 896 3068 super
905 2991 960 3048 hac
970 3009 1002 3048 re
1014 2989 1173 3066 proposuit,
1185 2989 1334 3048 Concludi-

125 3087 195 3145 mae,
210 3069 315 3147 inquit,
330 3071 373 3128 ad
383 3089 446 3127 eam
459 3069 521 3129 scil
536 3071 662 3130 Textum
677 3071 865 3145 Hebraicum,
880 3070 1087 3128 examinandae
1100 3087 1156 3127 esee
1170 3087 1264 3126 manes
1277 3085 1336 3144 qun

124 3158 237 3224 mee,
253 3167 312 3225 qna
325 3157 455 3223 recentes,
470 3151 550 3209 malla
570 3159 696 3226 excepta,
717 3149 871 3223 Vereionee,
887 3146 941 3208 dec.
956 3168 1019 3207 enm
1033 3147 1183 3205 etiamnum
1197 3166 1254 3206 esee
1267 3167 1333 3206 nor·

125 3247 209 3304 mam,
231 3231 362 3305 repamm
381 3237 409 3288 et
430 3228 573 3289 Cononem
595 3231 717 3288 omnmm
744 3229 930 3301 Veraionam,·
957 3235 988 3288 et
1008 3245 1033 3286 c.
1056 3229 1085 3286 4.
1106 3225 1233 3286 Proinde
1254 3229 1335 3287 nella

131 3309 237 3385 Verrio,
253 3309 454 3386 qmliccanqne
473 3329 508 3368 ea
527 3310 571 3386 eit,
588 3310 691 3369 Terenti
703 3311 850 3370 Hebraico
870 3307 987 3386 aqnmi
1009 3309 1111 3366 nedem
1125 3307 1267 3384 proferri
1278 3326 1334 3383 po-

84 3457 103 3480 ὁ
125 3397 183 3446 teet.
235 3391 286 3447 Ita
315 3390 504 3448 stataetantee
537 3391 572 3449 de
599 3390 724 3450 annitere
757 3388 934 3450 Versicnibtn
960 3387 1096 3448 actardus
1123 3396 1151 3448 et
1183 3387 1336 3449 recentibus

125 3467 246 3528 centiam
259 3487 363 3529 omnes.

429 3546 486 3607 VI.
508 3547 556 3606 Ex
569 3547 675 3624 quibus
689 3547 772 3608 fenile
787 3547 933 3627 colligitur
948 3549 1048 3609 Status
1061 3547 1145 3608 istius
1155 3546 1334 3627 quaestionis.

168 3614 255 3660 Μ’*
267 3612 347 3664 0¹¹¹*
390 3625 457 3686 Non
471 3627 610 3706 quaritur
622 3627 717 3706 enirn,
739 3629 790 3688 An
802 3628 889 3689 liceat
902 3629 1060 3689 Versiones
1080 3629 1156 3689 inter
1169 3649 1208 3705 se,
1224 3636 1254 3688 et
1267 3647 1334 3688 cum

197 3672 282 3720 ‘im'
390 3705 533 3785 Originali
546 3707 675 3768 conferre
688 3709 727 3767 ad
744 3708 807 3768 veri
827 3729 930 3770 sensus
949 3708 1212 3786 investigationem.
1256 3707 1333 3784 Sed3

126 3782 175 3842 An
187 3784 276 3845 liceat
290 3783 346 3863 ipsi
360 3787 409 3846 vel
422 3787 600 3865 equiparare
614 3789 662 3847 vel
675 3788 808 3866 praeferre
821 3789 974 3850 lectionem
987 3809 1053 3866 qna
1067 3809 1105 3848 ex
1118 3788 1177 3846 illis
1191 3786 1290 3861 oritur,
1305 3792 1335 3846 et

125 3884 190 3942 quar
203 3864 385 3925 commodior
397 3866 521 3943 videtin,
538 3867 740 3929 substituendo
752 3870 783 3928 in
800 3869 898 3929 locum
918 3869 1051 3928 lectionis
1072 3867 1228 3941 hodiernae,
1244 3883 1334 3942 quum

125 3963 159 4004 ea
168 3953 270 4004 nostro
280 3945 403 4024 jndicio,
413 3947 461 4006 vel
471 3947 593 4025 nullum,
602 3949 652 4007 vel
665 3947 769 4008 inleum
783 3957 813 4009 et
825 3948 982 4009 absurdum
997 3967 1114 4007 sensum
1127 3945 1232 4005 reddit.
1268 3944 1335 4004 Non

125 4025 281 4103 quaenam
303 4025 355 4084 An
378 4025 579 4105 discrepantiae
603 4028 662 4088 sint
674 4029 762 4088 varim
784 4029 859 4088 inter
872 4028 998 4088 'l'extum
1018 4026 1198 4101 hodiernum,
1216 4031 1246 4083 et
1259 4023 1333 4084 Ver·

126 4105 221 4164 siones
231 4114 362 4182 veterem
387 4106 454 4182 Sed,
470 4106 521 4165 An
535 4107 592 4166 illae
606 4107 806 4188 discrepantia
819 4107 961 4167 habenda
975 4107 1034 4165 sint
1047 4124 1099 4183 pro
1113 4104 1233 4164 totidem
1245 4104 1335 4165 variis

125 4183 299 4245 lectionibus
313 4185 431 4245 Codicis
445 4186 594 4264 Hebmtci,
608 4187 650 4247 its
663 4197 697 4248 ut
709 4188 795 4248 lectio
810 4185 975 4250 authentice
996 4204 1055 4244 non
1077 4184 1134 4243 elia
1150 4185 1335 4261 agnoscenda

128 4264 172 4341 sit,
185 4285 274 4344 qnam
289 4284 357 4343 quse
371 4266 489 4344 exurgit
502 4286 540 4326 ex
560 4267 714 4328 collatione
727 4269 839 4327 Toxtus
861 4262 1002 4336 hodierni,
1018 4272 1047 4324 et
1060 4263 1201 4324 Veterum
1215 4262 1334 4326 Versic-

128 4363 203 4405 num.
246 4345 386 4422 Denique
399 4365 458 4404 non
468 4347 620 4424 quaeritur3
642 4346 693 4406 An
706 4347 738 4407 in
751 4347 884 4406 examine
899 4354 929 4404 et
941 4344 1095 4404 collatione
1107 4343 1245 4404 Codicum
1259 4343 1335 4406 inter

128 4443 164 4501 te,
178 4434 241 4486 tam
255 4424 520 4504 manuscriptorum
534 4436 596 4486 tum
610 4427 823 4506 impressorum,
838 4425 983 4504 possimus
995 4425 1039 4484 uti
1056 4425 1168 4504 judicio
1182 4433 1289 4502 nostro,
1304 4435 1336 4488 et

128 4505 316 4566 ratiocinandi
331 4503 467 4565 facultate
476 4505 514 4565 ed
527 4506 732 4567 discemendos
746 4505 932 4586 probatiores,
944 4514 975 4566 et
987 4505 1025 4564 ed
1038 4505 1256 4585 dijudicandum
1269 4514 1336 4568 utre

127 4585 208 4646 lectio
222 4587 262 4646 sit
277 4585 384 4645 melior
397 4594 427 4645 et
439 4585 673 4663 convenientior,
696 4586 755 4647 Sed
769 4607 806 4645 an
820 4585 906 4646 liceat
919 4587 1100 4665 conjecturas
1113 4587 1228 4647 criticas
1241 4586 1335 4647 facere

125 4667 265 4730 inTextu
279 4685 376 4744 sacro,
391 4685 449 4726 non
462 4666 558 4728 minue
582 4687 616 4728 ec
640 4667 671 4726 in
694 4667 863 4729 authoribus
876 4665 1004 4747 prolenis
1017 4666 1055 4728 ad
1068 4666 1257 4728 mutationem
1269 4666 1333 4726 lite·
