3250 5176
243 343 302 402 592
720 355 812 398 nocua
826 355 932 398 nonus.
1250 331 1381 416 [Quaen.
1399 352 1451 393 xv.

239 509 336 582 potest
349 500 481 580 spectari,
497 499 546 560 vel
559 497 669 558 ratione
683 517 776 557 couaoe
786 497 967 576 producentis
987 496 1112 573 interae,
1127 496 1176 556 vel
1195 495 1306 556 ratione
1328 498 1449 556 ordiam·

241 585 323 644 tioais
336 603 384 641 seu
390 581 495 658 judicii
507 580 595 640 dr'ciai
606 579 724 638 externi.
767 580 914 657 Injustum
928 586 972 637 eat
987 586 1017 637 et
1030 577 1174 656 culpabile
1188 586 1322 656 respectu
1332 577 1448 655 prioris,

241 673 384 742 quatenus
409 661 447 720 ad
468 661 613 720 hominem
638 658 852 718 inobedientem
877 659 1007 719 refertur.
1060 658 1217 718 Posteriori
1239 677 1310 716 vero
1334 659 1449 716 ratione

241 753 338 824 potest
351 743 457 802 habere
470 741 708 815 laudabilitatem,
720 749 864 817 quatenus
878 739 915 798 ad
930 739 1025 798 Deum
1039 738 1220 798 ordinantem
1229 747 1259 798 et
1265 737 1451 815 judicantem

241 825 376 904 pertinet.
418 823 497 880 Hinc
512 821 585 895 Biel,
603 821 621 854 “
633 819 744 878 Eadem
758 821 884 898 privatio
897 841 962 898 quae
976 827 1127 898 peccatum
1140 827 1185 878 est
1205 818 1322 878 ordInat
1345 828 1376 878 et
1397 818 1450 878 de·

242 905 365 979 ordinat,
380 902 533 979 culpabilis
547 908 593 960 est
606 907 636 959 et
648 900 822 977 laudabilis;
845 900 1005 976 deordinat,
1013 908 1156 978 quatenus
1169 908 1303 977 peccator
1315 919 1370 976 per
1383 919 1450 957 eam

241 984 351 1044 recedit
364 1003 382 1041 a
394 981 565 1041 rectitudine
575 981 679 1058 Leges,
692 990 721 1040 et
735 981 771 1039 ab
781 981 881 1039 ordine
887 980 1010 1058 justitiae
1020 981 1204 1058 pramiantis,
1215 979 1451 1056 ordinatquate-

241 1084 297 1123 nus
310 1071 445 1141 peccator
457 1062 575 1138 punitur
589 1061 644 1120 sub
658 1061 758 1120 ordine
765 1061 888 1139 justitiae
901 1061 1064 1139 punientis,
1080 1061 1233 1138 culpabilis
1247 1071 1292 1119 est
1305 1069 1450 1137 quantum

243 1144 281 1204 ed
290 1151 470 1222 peccatorem
484 1141 647 1202 voluntarie
661 1141 850 1218 deserentem,
864 1141 1020 1201 laudabilis
1031 1141 1128 1220 quoad
1142 1141 1238 1200 Deum
1248 1141 1330 1219 juste
1343 1140 1451 1199 cadere

241 1223 485 1304 permittentem.”

283 1303 344 1363 XI.
356 1303 449 1362 Aliud
462 1310 507 1362 est
520 1303 629 1362 bonum
641 1302 795 1362 honestum
809 1309 838 1362 et
851 1301 969 1378 morale,
984 1301 1062 1380 quod
1077 1301 1234 1380 respondet
1248 1301 1330 1378 Legi,
1346 1307 1378 1360 et
1397 1321 1451 1379 op-

241 1385 360 1464 ponitur
372 1385 450 1443 malo
463 1383 557 1462 turpi,
580 1382 673 1442 Aliud
692 1383 800 1441 bonum
814 1383 886 1442 utile
900 1391 929 1442 et
943 1383 1127 1442 commodum
1136 1383 1268 1461 justitiae.
1310 1381 1383 1440 Alia
1403 1391 1453 1440 est

243 1465 453 1544 complacentia
466 1464 656 1542 approbativa
669 1463 827 1522 voluntatis
842 1463 942 1541 signia
960 1462 1031 1522 Alia
1045 1463 1255 1541 complacentia
1274 1462 1453 1539 permissive

245 1555 275 1607 et
289 1546 429 1606 directiva
445 1545 603 1604 voluntatis
623 1543 811 1621 beneplaciti,
834 1544 989 1602 Peccatum
1009 1563 1069 1601 non
1081 1551 1178 1620 potest
1191 1544 1256 1602 Deo
1275 1543 1400 1620 placere,
1416 1552 1453 1601 ut

243 1627 352 1686 bonum
366 1626 519 1684 honestum
533 1633 562 1684 et
575 1624 691 1700 morale,
707 1623 916 1701 complacentia
935 1623 1142 1701 approbativa;
1166 1622 1225 1682 Sed
1245 1623 1300 1681 hoc
1314 1643 1373 1682 non
1393 1622 1451 1680 im-

242 1707 332 1786 pedit,
348 1705 503 1783 quominus
523 1704 635 1782 placeat
656 1704 866 1782 complacentia
885 1703 1065 1782 permissive,
1081 1713 1114 1764 ut
1134 1704 1242 1762 bonum
1263 1702 1452 1762 conducibile

242 1786 281 1846 ad
290 1785 412 1864 justitie
426 1784 695 1844 manifestationem.

284 1866 362 1926 XII.
384 1865 473 1924 Actio
487 1874 516 1925 et
536 1865 633 1942 passio
655 1873 723 1924 sunt
742 1884 833 1924 unum
853 1872 883 1924 et
903 1863 980 1924 idem
993 1865 1110 1924 realiter
1121 1872 1151 1924 ct
1164 1863 1251 1923 modo
1265 1871 1378 1924 tantum
1393 1863 1451 1922 dii-

243 1947 354 2007 ferunt:
369 1946 437 2005 hinc
450 1955 600 2023 peccatum
615 1945 731 2004 diverso
744 1953 878 2023 respectu
891 1953 987 2022 potest
1001 1964 1064 2004 osse
1079 1955 1108 2004 et
1122 1945 1197 2004 actio
1211 1953 1241 2004 et
1254 1944 1360 2020 passio,
1371 1945 1451 2004 actio

242 2028 273 2086 in
287 2035 427 2105 qnantum
441 2027 637 2101 committitur,
653 2026 749 2104 passio
763 2025 794 2083 in
808 2033 947 2102 quantum
961 2025 1110 2103 infligitur,
1125 2033 1155 2084 ct
1168 2025 1275 2084 malum
1290 2025 1373 2084 triste
1384 2034 1451 2100 est;

242 2116 277 2168 ut
286 2107 448 2167 verberatio
463 2116 507 2166 eet
520 2106 596 2166 actio
610 2115 752 2183 quatenus
765 2105 957 2184 proficiscitur
970 2105 1008 2163 ab
1021 2115 1134 2183 agente,
1150 2114 1180 2164 ct
1192 2105 1288 2183 passio
1303 2113 1451 2181 quatenus

242 2189 381 2266 recipitur
394 2188 424 2245 in
438 2188 574 2265 patiente.

283 2267 378 2326 XIII.
395 2267 440 2326 De
454 2267 565 2326 ratione
578 2287 672 2344 prenae
686 2275 738 2343 est,
754 2276 787 2326 ut
801 2265 839 2325 sit
852 2265 929 2325 mala
942 2265 1052 2343 punito,
1068 2264 1118 2324 vel
1131 2265 1161 2322 in
1176 2284 1207 2324 se
1221 2273 1250 2324 et
1261 2273 1328 2324 actu
1340 2265 1448 2342 primo,

241 2349 291 2407 vel
304 2347 406 2425 punito
420 2346 461 2406 sic
476 2347 605 2424 opinanti
619 2355 649 2405 et
663 2355 729 2406 actu
744 2346 880 2406 secundo.
923 2345 1006 2406 Licet
1015 2365 1102 2424 poena
1112 2365 1170 2404 non
1182 2365 1295 2423 semper
1305 2347 1451 2405 sentiatur

241 2428 278 2485 ab
300 2427 415 2486 homine
435 2435 469 2485 ut
490 2426 561 2503 quid
580 2427 717 2485 nocivum
738 2436 767 2485 et
788 2427 967 2501 damuosum,
984 2425 1036 2484 scd
1055 2425 1287 2503 apprehendatur
1306 2425 1343 2483 ab
1365 2446 1401 2486 eo
1416 2435 1451 2484 ut

240 2506 312 2584 quid
325 2515 440 2584 gratum
454 2514 483 2564 et
493 2505 663 2583 jucundum,
679 2525 731 2584 per
744 2506 848 2564 salsum
862 2505 1028 2564 intellectus
1038 2505 1189 2584 judicium,
1202 2526 1260 2564 non
1271 2505 1337 2564 ideo
1347 2513 1450 2564 manen

240 2587 336 2646 minus
349 2605 435 2662 poena
449 2585 535 2644 debet
547 2585 578 2642 in
593 2605 624 2643 se
638 2584 762 2662 censeri;
784 2586 855 2662 quin
869 2585 987 2662 gravior
1007 2586 1094 2645 debet
1114 2586 1222 2662 haberi,
1238 2586 1316 2663 quod
1330 2605 1449 2662 poenam

240 2685 304 2724 esee
318 2664 396 2723 haud
410 2665 523 2736 sentiat,
539 2665 597 2722 imo
611 2683 663 2742 pro
676 2665 754 2723 bono
767 2664 833 2723 utili
846 2673 876 2723 et
886 2664 1018 2742 jucundo
1033 2685 1096 2725 eam
1111 2665 1251 2726 aestimet:
1286 2665 1335 2724 Sic
1349 2666 1449 2725 Deum

239 2765 298 2804 non
321 2745 423 2822 punire
448 2745 603 2820 Virginum
627 2744 825 2804 Ismttlitarum
849 2745 1045 2822 scortationes,
1071 2745 1262 2806 denunciatur
1285 2766 1303 2804 a
1327 2745 1392 2805 Deo
1417 2748 1451 2804 in

239 2845 354 2906 poenam
375 2824 590 2900 scortationum,
616 2825 690 2884 Hos.
714 2824 754 2884 iv.
780 2828 826 2902 14,
852 2825 983 2885 sednon
1005 2825 1142 2904 puniris
1165 2827 1230 2886 Deo
1250 2833 1296 2886 est
1315 2825 1452 2903 inprimis

245 2905 413 2966 'ucundum

238 2927 251 2986 J
280 2987 372 3046 XIV.
395 2987 461 3046 Non
474 2995 519 3046 est
532 2985 569 3045 de
584 2985 709 3046 essentia
722 3005 815 3064 poenae
830 3005 942 3064 semper
955 2995 989 3048 ut
1003 2986 1041 3046 sit
1053 2986 1225 3062 voluntaria,
1240 2993 1274 3046 ut
1286 3006 1340 3045 nec
1354 2985 1391 3045 da
1401 3005 1449 3045 ra-

239 3067 319 3128 tione
333 3068 444 3145 peccati
458 3075 502 3127 est
516 3087 629 3160 semper
642 3075 675 3126 ut
688 3067 726 3127 sit
736 3066 945 3160 voluntarium,
960 3067 1065 3128 sufficit
1077 3075 1111 3126 ut
1123 3067 1191 3126 talis
1205 3067 1243 3126 sit
1254 3067 1300 3126 cui
1310 3067 1451 3126 voluntas

240 3147 681 3305 tttttttttttttttt
690 3155 888 3304 &illimis
900 3147 1452 3305 .ltlt.¹³tt”ttt..².ttz.tt.t

240 3327 305 3366 esse
318 3307 406 3366 talem
420 3308 468 3367 cui
481 3316 655 3385 repugnaret
664 3307 689 3366 si
702 3308 782 3366 illam
791 3317 868 3367 recte
879 3309 1035 3368 estimaret
1045 3315 1075 3366 et
1084 3308 1302 3386 perpenderat,”
1314 3316 1344 3367 et
1355 3307 1449 3386 Greg.

240 3387 277 3445 de
288 3387 406 3445 Valent.
417 3387 447 3444 in
463 3390 489 3460 l,
505 3391 533 3462 2,
548 3395 587 3445 to.
602 3387 621 3445 i.
636 3407 665 3464 q.
678 3389 726 3461 84,
738 3391 756 3422 “
767 3387 844 3446 Satis
858 3389 931 3464 est,”
946 3388 1049 3465 inquit,
1066 3390 1126 3448 “ut
1136 3407 1222 3466 poena
1232 3397 1333 3464 suapte
1342 3397 1451 3447 natum

241 3464 410 3523 adversetur
423 3465 603 3524 inclinationi
616 3467 750 3542 hominis,
766 3467 896 3544 adeoque
910 3466 949 3527 sit
962 3469 1157 3527 involuntaria
1169 3468 1200 3525 in
1213 3477 1281 3527 actu
1293 3467 1418 3546 primo.”

281 3543 354 3602 XV.
385 3543 422 3602 Id
435 3543 514 3620 quod
537 3552 582 3602 est
603 3546 701 3620 ἀνομία,
716 3565 775 3604 non
798 3554 894 3623 potest
917 3567 981 3607 esse
995 3548 1087 3623 ineptia
1105 3548 1206 3607 eodem
1220 3557 1371 3625 respectu3
1395 3549 1450 3608 sed

241 3624 366 3684 diverso.
409 3623 563 3682 Peccatum
577 3633 622 3683 est
631 3627 721 3700 tropat·
734 3625 765 3682 in
779 3625 879 3684 ordine
890 3625 927 3684 ad
941 3629 1026 3704 Leqis
1036 3631 1209 3702 maecum,
1221 3635 1251 3687 at
1264 3648 1299 3686 co
1312 3638 1448 3706 respectu

240 3724 342 3764 verum
356 3712 401 3764 eat
415 3723 560 3782 nunquam
574 3723 660 3782 posse
680 3725 745 3764 esse
760 3705 879 3782 ἱικμίιις
902 3707 944 3765 sic
958 3709 1035 3765 enlm
1056 3717 1086 3767 et
1098 3708 1220 3768 vetitum
1242 3715 1319 3767 esset
1332 3717 1362 3768 et
1381 3709 1448 3787 jus-

242 3805 315 3860 sum,
330 3786 408 3863 quod
422 3785 560 3863 implicet.
603 3785 661 3844 Sed
681 3795 778 3864 potest
790 3797 886 3846 tamen
908 3787 965 3846 dici
981 3787 1080 3863 ἰηομίι,
1095 3788 1185 3848 relate
1207 3788 1245 3846 ad
1259 3789 1343 3864 Legis
1363 3809 1447 3848 sonc-

241 3867 350 3943 tionem,
366 3874 399 3924 nt
413 3865 492 3943 quod
505 3874 550 3925 est
563 3874 663 3926 contra
678 3867 787 3945 Legem
807 3867 1030 3946 praecipientem,
1047 3870 1085 3928 sit
1105 3877 1202 3928 tamen
1216 3868 1374 3928 secundum
1390 3870 1448 3930 Le·

241 3965 308 4022 gem
323 3946 507 4005 sancientem.
550 3947 598 4006 Ita
610 3945 717 4007 dicitur
729 3967 822 4026 poena,
837 3956 980 4025 quatenus
1000 3948 1072 4009 dicit
1085 3949 1193 4007 malum
1216 3949 1352 4009 nocivum
1366 3969 1449 4010 crea·

241 4035 314 4086 arrae
324 4027 412 4102 juxta
426 4026 604 4086 sanctionem
618 4027 715 4104 Legis,
731 4048 796 4106 quae
809 4027 875 4088 vult
888 4037 1047 4088 creaturam
1062 4027 1150 4106 affligi
1165 4029 1202 4088 ob
1217 4029 1340 4106 culpam.

283 4106 373 4165 XVI.
396 4107 502 4166 Nullus
512 4107 610 4185 justus
624 4107 725 4167 Judex
746 4107 895 4168 ulciscitur
917 4110 1175 4186 transgressionem
1190 4119 1220 4168 et
1232 4109 1369 4187 injuriam
1390 4109 1450 4170 sibi

241 4186 355 4263 factam,
370 4187 428 4245 alia
440 4187 669 4264 transgressione
683 4188 731 4247 vel
744 4188 850 4266 injuria
863 4209 949 4266 quam
964 4189 1026 4266 ipse
1039 4188 1126 4248 iaciat
1139 4189 1189 4247 vel
1202 4209 1289 4266 quam
1302 4189 1366 4250 fieri
1380 4209 1447 4267 per-

241 4268 345 4342 mittat,
361 4267 430 4344 quia
452 4276 567 4326 tenetur
590 4287 705 4327 omnem
728 4267 863 4346 injuriam
887 4267 1045 4346 impedire:
1080 4269 1137 4329 Sed
1151 4269 1225 4327 nibil
1238 4269 1335 4329 obstat
1350 4270 1448 4330 Deum

240 4347 342 4408 ulcisci
357 4347 397 4424 inj
401 4348 492 4406 uriam
506 4347 561 4406 sibi
575 4345 680 4406 iactam
694 4349 845 4425 paraliam
859 4349 1003 4427 injuriam,
1015 4368 1101 4426 quam
1115 4349 1178 4427 ipse
1192 4349 1406 4428 sapientissimo
1417 4359 1449 4411 et

237 4427 400 4506 justissimo
415 4427 536 4487 coneilio
549 4427 696 4504 permittat
710 4429 773 4487 fieri
793 4429 830 4487 ad
845 4427 982 4488 damnum
1002 4436 1159 4506 creaturae3
1181 4430 1251 4506 qnia
1263 4429 1344 4488 nulla
1366 4430 1449 4508 Lege

240 4507 432 4584 adstringitur
445 4508 482 4566 ad
503 4527 566 4566 eam
580 4507 812 4585 impediendam
841 4509 900 4567 imo
922 4507 1109 4586 gravissimas
1129 4509 1255 4569 rationes
1273 4509 1362 4570 hebet
1382 4530 1448 4568 eam,

239 4586 426 4660 permittendi
440 4585 477 4644 ad
490 4589 629 4646 ma'orem
639 4588 762 4664 justitiae
776 4607 836 4647 sua
849 4587 1080 4648 illustrationem.

280 4662 389 4722 XVII.
412 4665 495 4726 Licet
543 4666 700 4744 agistratus
713 4667 809 4729 civilis
829 4688 887 4728 non
901 4669 1003 4748 puniat
1022 4676 1141 4748 peccata
1160 4669 1296 4748 pcccatis,
1313 4669 1379 4728 Non
1400 4689 1448 4728 sc·
