3250 5176
151 400 264 451 eumer.
280 379 325 461 x.]
653 396 692 436 nn
706 396 848 437 recurro.
1297 373 1355 430 573

151 542 261 602 vellent
277 537 432 612 Soeiniani,
446 536 531 614 quasi
544 555 621 596 mors
635 535 674 596 sit
686 535 835 610 naturalis,
851 553 909 594 non
922 535 1053 612 poenalis,
1064 543 1109 596 est
1122 541 1216 618 ηὸτι
1229 536 1356 616 ipsorum

412 615 510 692 bate,
526 617 604 693 quod
618 624 703 674 antea
716 635 734 672 a
747 614 832 673 nobis
846 622 891 674 est
905 614 1083 674 contutatum
1096 617 1167 676 Loc.
1178 619 1216 678 V.
1252 623 1280 677 2.
1295 621 1354 678 Nc-

414 698 525 756 cessitas
538 694 748 771 Redemptiom's
762 694 896 753 omnihus
910 694 1065 772 salvandis,
1077 697 1146 773 quis
1159 697 1356 776 redemptione

415 795 488 854 opus
500 795 560 834 non
574 782 659 850 esset,
674 774 731 832 nisi
752 772 900 851 supposito
921 782 1048 851 peccato.
1090 777 1118 834 3.
1133 778 1290 836 Necessitas
1310 798 1355 836 re-

412 856 611 933 peccatone,
625 854 687 913 sine
711 873 769 931 qua
792 872 878 912 nemo
905 861 1001 929 potest
1023 851 1123 913 videre
1146 875 1268 932 regnum
1290 857 1355 932 Dei,

153 937 175 998 J
176 957 240 996 can.
250 937 291 996 iii.
301 939 334 1014 ὃς
355 956 406 996 cur
420 935 497 995 enim
510 933 645 993 renovari
658 933 777 991 deberet
790 933 877 992 homo
891 951 944 1010 per
955 933 1211 1010 regenerationem,
1223 937 1279 994 nisi
1288 937 1357 1014 quia

154 1025 305 1096 corruptus
327 1024 372 1074 est
385 1035 403 1074 a
415 1024 519 1074 natura
542 1033 594 1090 per
615 1013 855 1090 generationem?
895 1015 924 1070 4.
938 1013 1097 1071 Necessitas
1115 1015 1295 1073 Sacram
1304 1015 1356 1074 etl-

178 1152 184 1165 ,
269 1151 275 1166 ,
291 1152 296 1164 ,
332 1151 337 1164 ,
416 1092 599 1154 ministrandi
618 1092 778 1150 insentibus
798 1110 900 1150 recens
913 1091 998 1167 nafis,
1016 1091 1240 1152 Circamcrhiem's
1252 1094 1283 1151 in
1297 1095 1356 1154 Ve-

155 1153 351 1268 ⁰¹¹⁶¹l3njssffl⁸
371 1155 397 1196 et
417 1173 480 1248 teri,
496 1179 526 1230 et
538 1172 683 1264 Baptqims'
694 1170 724 1228 in
738 1171 775 1230 N.
790 1171 984 1264 Testamenta,
1000 1190 1058 1247 quo
1077 1172 1305 1266 haudquaquam
1321 1174 1359 1234 iis

156 1335 199 1394 rei
212 1334 306 1393 forant
320 1341 349 1392 et
362 1249 1359 1409 ωιὲρωέξῗὲιοᾘεὲἥίξιιᾱιθιὲῒιέίῗ17ῖὲὢῖἓὲῗῇρὲξὲξέἐέ

156 1413 397 1492 prascribebatur
409 1412 439 1470 in
453 1411 555 1470 Veteri
568 1409 762 1484 Testamenta,
774 1428 839 1485 quae
852 1409 949 1468 locum
959 1427 1018 1466 non
1027 1408 1185 1485 habuisset,
1195 1412 1251 1470 nisi
1261 1413 1360 1489 aliqua

157 1493 311 1570 corruptiO,
327 1501 356 1550 et
369 1489 566 1550 imunditias
585 1489 694 1566 inipso
712 1488 839 1546 hominis
859 1487 1044 1564 generatione
1064 1489 1210 1549 existeret.
1252 1493 1279 1550 5.
1294 1493 1360 1549 Lan

157 1573 316 1646 commanis,
331 1580 364 1629 ut
378 1589 462 1628 omne
476 1569 606 1645 genitium
621 1567 713 1626 simile
728 1567 767 1626 sit
779 1567 919 1644 gignenti,
935 1575 995 1626 tam
1009 1568 1106 1644 quoad
1119 1569 1252 1647 speciem,
1270 1589 1359 1647 quam

157 1647 712 1805 ttttttttttsttttttt’
724 1646 976 1786 dicibili?
989 1649 1287 1806 {hildilid
1300 1669 1361 1790 tt

392 1773 399 1804 ,
1300 1774 1307 1789 .

159 1831 229 1888 ergo
243 1812 330 1869 homo
343 1808 488 1867 hominem
510 1814 647 1884 generat:
679 1806 726 1864 Ita
748 1814 882 1882 peccator
902 1825 959 1864 non
978 1805 1068 1864 alium
1081 1826 1167 1885 quam
1181 1815 1361 1886 peccatorem

159 1898 256 1967 potest
269 1907 415 1967 generare.
438 1889 465 1946 6.
480 1887 677 1962 Espemena'a,
692 1905 757 1963 quse
770 1885 865 1944 latens
878 1885 951 1944 illud
961 1886 1064 1945 vitium
1074 1887 1105 1944 in
1118 1885 1277 1946 infantibus
1290 1889 1362 1966 ipsis

159 1990 223 2029 esse
237 1969 323 2029 docet
336 1967 423 2026 ctiam
437 1975 503 2026 ante
517 1966 636 2024 rationis
656 1985 741 2028 usum
753 1987 760 2041 3
785 1965 863 2024 unde
876 1965 1029 2042 propensio
1044 1964 1082 2023 ad
1094 1966 1284 2042 mendacium,
1297 1968 1361 2025 vin-

159 2048 245 2108 dietse
267 2047 418 2125 cupiditas,
432 2045 520 2104 luxus
544 2064 633 2120 amor,
648 2045 783 2106 stirnulus
806 2044 945 2122 gloriola,
966 2053 996 2104 et
1015 2044 1176 2105 ludibunda
1188 2046 1311 2121 vanitas,
1334 2055 1363 2107 et

160 2129 224 2188 sim.
238 2128 270 2187 in
283 2125 414 2205 plurimis
428 2124 470 2184 ita
482 2133 630 2202 apparent,
644 2133 678 2188 ut
690 2133 824 2201 parentes
839 2125 869 2182 in
890 2143 942 2184 sue
955 2125 1036 2201 prole
1050 2125 1241 2203 corruptionis
1255 2134 1284 2185 et
1297 2145 1362 2203 per·

161 2207 308 2268 versitatis
321 2227 381 2266 sua
395 2205 501 2264 nativae
515 2204 672 2282 imaginem
687 2203 900 2281 deprehendere
914 2204 1035 2282 possint.

353 2345 358 2357 ,
465 2283 538 2343 XV.
560 2283 645 2358 Quod
658 2291 703 2343 est
716 2283 941 2344 involuntarium
951 2304 1004 2361 per
1017 2284 1183 2344 nolitionem
1198 2285 1362 2363 positivam,

181 2345 385 2448 sontpuqqluuc
424 2383 483 2421 non
496 2369 591 2440 potest
605 2382 669 2422 esse
682 2373 850 2442 peccatum,
874 2362 933 2422 Sed
946 2364 1025 2442 quod
1038 2383 1097 2422 non
1110 2373 1155 2423 est
1168 2365 1364 2424 voluntarium

423 2462 476 2520 per
488 2442 657 2502 volitionem
665 2443 820 2521 positivam
834 2463 892 2503 non
900 2441 1007 2504 desinit
1020 2463 1084 2503 esse
1097 2451 1255 2521 peccatum,
1268 2445 1293 2504 si
1303 2465 1364 2504 mo·

164 2523 201 2584 do
222 2523 261 2584 sit
281 2529 381 2582 contra
396 2521 513 2599 Legem,
531 2531 564 2584 ut
585 2541 671 2600 supra
689 2523 851 2600 probatum.
894 2522 1034 2598 Quemvis
1053 2532 1203 2601 peccatum
1224 2525 1365 2602 originale

163 2624 221 2662 non
236 2603 273 2663 sit
281 2601 475 2661 voluntarium
489 2611 563 2676 actis,
578 2610 623 2660 est
636 2611 733 2662 tamen
744 2612 808 2662 ortu
813 2628 826 2677 ,·
839 2605 980 2663 uoluntate
993 2605 1056 2680 ejus
1070 2625 1090 2662 u
1103 2623 1159 2680 qao
1172 2605 1293 2679 estetsi
1306 2624 1365 2663 non

163 2683 276 2762 proprie
285 2685 425 2742 voluntate
438 2681 502 2758 ojus
516 2681 545 2740 ιἰι
558 2700 613 2758 quo
622 2690 680 2758 est;
700 2684 867 2742 ishnrmter
880 2690 910 2742 et
922 2685 1074 2759 wlriectiue,
1084 2684 1153 2760 quia
1165 2683 1255 2742 haeret
1268 2684 1299 2742 in
1312 2704 1365 2743 vo·

164 2763 284 2837 lentate,
297 2770 326 2821 et
336 2781 399 2820 eam
413 2760 512 2835 inficit,
523 2761 658 2821 licctnon
667 2763 790 2836 elicitc'os,
799 2763 868 2839 quia
878 2782 937 2821 non
945 2762 1059 2822 elicitur
1066 2783 1118 2840 per
1128 2764 1254 2840 aliquem
1263 2764 1367 2822 volun·

164 2841 233 2902 tatis
241 2849 349 2915 actum;
359 2841 525 2899 radicaliter
532 2840 642 2899 ratione
651 2840 793 2917 principii,
802 2842 872 2901 liect
880 2842 1223 2917 nonscrmalitcrratione
1232 2843 1367 2901 arerdtir'.

206 2921 297 2979 XVI.
321 2920 353 2980 Si
366 2919 524 2978 infantibus
538 2919 674 2978 tribuitur
686 2919 860 2996 quandoque
874 2920 1039 2978 innocentis
1051 2920 1082 2977 in
1098 2921 1254 2998 Scriptura
1270 2929 1302 2980 ut
1317 2921 1366 2980 Pe.

166 3002 222 3061 cvi.
238 3003 285 3075 38,
302 3006 331 3058 et
340 3000 427 3060 Jonas
440 2999 480 3057 iv.
498 3001 544 3072 11,
558 2999 614 3056 hoc
627 3017 686 3055 non
700 2997 832 3057 absolute
846 2997 1067 3075 intelligendum
1078 3007 1130 3073 est,
1144 3008 1173 3058 et
1186 2999 1216 3056 in
1230 3018 1270 3073 se,
1283 2999 1368 3076 qussi

167 3081 360 3140 destituantur
373 3079 452 3138 omni
464 3085 592 3156 peccato,
608 3077 681 3134 elias
694 3097 748 3136 nec
762 3077 849 3136 morti
862 3076 982 3136 obnoxii
995 3077 1109 3154 sorent3
1133 3077 1191 3136 Sed
1206 3079 1366 3137 secundm

168 3159 281 3237 quidet
295 3166 458 3236 comparate
477 3157 516 3217 ad
537 3157 652 3216 adultos
672 3157 723 3234 qui
736 3163 857 3233 peccant
870 3156 1029 3216 actualiter.
1072 3157 1198 3216 Gemelli
1211 3157 1247 3215 de
1261 3157 1367 3234 quibus

168 3239 294 3316 loquitur
309 3239 426 3313 Paulus,
442 3237 527 3296 Rom.
541 3237 582 3295 ix.
600 3239 646 3312 ll,
661 3236 734 3294 nihil
747 3235 875 3294 fecerant
888 3235 982 3294 adhuc
996 3235 1065 3294 boni
1079 3242 1109 3294 et
1121 3236 1199 3310 mali,
1214 3255 1272 3313 quo
1292 3237 1369 3296 inter

86 3375 92 3382 .
169 3337 200 3377 se
214 3317 467 3395 distinguerentur,
490 3315 541 3376 scd
561 3323 644 3375 erant
663 3323 761 3375 mmen
780 3314 866 3374 ambo
887 3316 1019 3393 concepti
1038 3315 1069 3374 in
1081 3323 1201 3393 peccato
1221 3314 1252 3374 in
1272 3335 1369 3376 massa

169 3405 501 3536 ⁰01liullllllnuliicetLerr
515 3475 622 3534 nemini
642 3475 794 3552 prohibeat
814 3474 895 3535 nasci
917 3492 982 3534 cum
996 3483 1114 3553 peceato
1142 3475 1284 3553 originali,
1300 3475 1369 3552 quis

90 3575 94 3582 ’
169 3557 315 3616 hominem
329 3564 460 3616 sanctum
474 3556 619 3633 supponit,
634 3553 752 3615 damnat
772 3563 868 3614 tamen
882 3563 915 3614 ut
935 3557 1035 3630 ἀνομίαι
1053 3555 1265 3633 corruptionem
1278 3556 1368 3614 hoere·

169 3636 301 3696 diteriam
316 3643 346 3694 et
359 3635 546 3694 inherentem
560 3635 693 3712 hominis,
708 3635 778 3712 quis
789 3633 961 3694 &vomatur
973 3635 1017 3692 illi
1034 3635 1156 3712 jutitia
1170 3643 1200 3694 et
1213 3634 1368 3710 sanctitati,

168 3735 255 3794 quem
270 3716 335 3774 Lex
349 3713 443 3790 exigit
456 3713 493 3772 ab
507 3715 650 3774 omnibus.

210 3793 337 3852 XVIII.
352 3793 439 3851 Joan.
448 3793 489 3850 ix.
499 3795 526 3868 3,
543 3793 638 3867 Quum
652 3793 784 3853 Christus
797 3794 839 3852 ait
849 3811 960 3852 coecum
969 3801 1070 3852 natum
1084 3811 1142 3851 non
1155 3811 1299 3869 peccasse,
1309 3811 1368 3852 non

170 3871 273 3930 asserit
285 3871 417 3929 absolute
431 3871 514 3928 illurn
527 3872 684 3931 immunem
696 3872 785 3932 husee
798 3873 836 3932 ab
850 3873 928 3932 omni
941 3880 1068 3950 peceato,
1087 3873 1171 3949 cujus
1183 3891 1269 3948 poena
1282 3871 1370 3932 fuerit

172 3951 234 4008 heac
247 3949 328 4006 illius
342 3949 499 4024 calamitas,
512 3949 563 4008 sed
576 3959 688 4008 tantum
703 3959 865 4028 comparate
879 3959 968 4029 negat
977 3951 1061 4010 illum
1069 3969 1204 4028 peccasse
1214 3970 1274 4028 prae
1283 3959 1366 4011 caete-

171 4031 221 4104 ris,
241 4037 274 4088 ut
287 4027 329 4086 ita
342 4025 525 4104 affligeretur,
541 4036 570 4087 et
582 4029 712 4088 nativam
725 4031 806 4090 illam
820 4033 884 4108 ejus
904 4032 1065 4091 coecitatem
1077 4049 1192 4107 poenam
1206 4029 1295 4090 fuisse
1316 4031 1368 4089 ali-

171 4110 256 4187 cujus
269 4107 382 4185 peccati
395 4106 537 4184 specialis,
554 4107 604 4166 vel
617 4108 767 4184 ipsiusmet
779 4111 857 4187 cseei,
873 4131 910 4170 ex
930 4110 1003 4170 falsa
1015 4107 1170 4187 hypothesi
1188 4110 1209 4168 J
1211 4110 1368 4187 ndaeorum,

171 4189 222 4266 qui
249 4187 391 4265 putabant
413 4185 552 4246 infantem
579 4186 610 4245 in
632 4195 715 4247 utero
738 4209 857 4266 peccare
880 4209 975 4268 posse,
997 4189 1046 4248 vel
1069 4189 1121 4265 qui
1144 4189 1369 4267 Pythagoricam

170 4265 375 4346 μημψῦχυσιι,
401 4287 453 4326 seu
476 4267 756 4344 transmigrationem
780 4270 940 4329 animarum
964 4267 1128 4341 credebant,
1148 4269 1197 4326 vel
1218 4277 1369 4346 parentum

171 4351 243 4427 ejus,
255 4350 345 4427 juxta
358 4346 517 4408 doctrinam
531 4347 562 4405 in
578 4346 691 4407 Scholis
705 4347 840 4409 Judaicis
854 4349 997 4425 traditam,
1009 4368 1067 4427 qna
1079 4347 1187 4406 liberos
1201 4347 1239 4406 oh
1252 4357 1372 4425 peccate

170 4437 322 4508 pareutum
336 4427 417 4487 nesci
431 4447 508 4506 steps
521 4447 639 4487 mancos
652 4436 682 4487 et
695 4435 786 4488 tortos
800 4429 964 4488 credebant.
1007 4427 1139 4487 Christus
1152 4445 1223 4504 ergo
1235 4445 1272 4485 ne
1286 4427 1371 4504 quid·

171 4529 259 4586 quam
279 4509 328 4568 vel
348 4529 426 4567 ceco
446 4507 502 4586 ipsi
522 4507 571 4566 vcl
590 4507 758 4586 parentibus
778 4508 967 4586 imputaretur
987 4506 1143 4586 singularis
1162 4514 1192 4565 et
1211 4507 1373 4584 personalis

172 4588 292 4666 peceati,
308 4587 380 4646 dicit
392 4589 448 4646 hoc
461 4586 569 4650 factum
583 4607 655 4664 esse,
670 4597 703 4648 ut
717 4607 805 4666 opera
819 4587 875 4646 Dei
888 4585 1116 4664 manifestentur,
1128 4585 1168 4646 id.
1184 4587 1277 4646 Deum
1288 4587 1371 4646 volu-

172 4667 230 4726 isse
244 4667 275 4725 in
288 4668 344 4726 hoe
358 4668 500 4746 exemplo,
517 4687 604 4744 opera
616 4675 678 4727 tum
689 4667 812 4746 justitie
825 4675 856 4726 et
868 4666 1020 4742 potestatis
1033 4669 1064 4726 in
1077 4667 1232 4746 puniendo,
1244 4675 1306 4727 tum
1319 4666 1369 4726 mi·

175 4745 338 4806 sericordiae
352 4754 382 4806 et
396 4746 610 4823 omnipotentiae
624 4746 654 4804 in
669 4745 798 4806 sanando
811 4743 982 4825 patefacere.

181 665 372 724 Redemptionis.

174 823 381 885 Regsnsrstionis.
