3158 5180
273 353 332 410 408
733 366 826 408 Locus
841 367 976 416 oursrus.
1261 347 1380 431 [comer.
1393 373 1447 414 uu.

273 510 409 585 dacorum,
426 507 478 568 scd
492 517 521 568 et
534 511 662 570 omnium
677 509 965 570 omninchominum.
1007 507 1097 586 Cujus
1111 507 1290 568 desertionis
1302 509 1381 588 plura
1399 521 1456 572 sunt

273 589 590 650 fundamenta'invieta.

384 735 390 748 ,
576 671 636 729 111.
653 669 782 730 Primum
796 677 840 728 est
854 669 945 747 ipsius
958 669 1113 746 Scriptura
1128 669 1200 744 Vox,
1223 688 1287 745 quse
1307 680 1364 728 non'
1381 671 1458 730 semel

272 733 391 838 neppam
404 733 512 837 pm*
534 749 681 808 Adamum
689 749 826 829 proponit
836 750 927 823 nobis,
943 757 976 808 ιιι
989 750 1111 826 primum
1124 749 1298 824 mortalium,
1313 758 1375 808 ante
1385 769 1458 826 qu·

290 807 325 838 m
374 807 417 850 pm
492 821 498 834 '
534 850 619 888 nemo
632 829 727 905 suerit,
743 840 772 888 et
784 849 803 887 e
821 849 879 906 quo
893 847 992 886 omnes
1013 829 1072 887 sint
1092 828 1215 904 oriundi,
1239 828 1280 886 sic
1302 831 1316 885 1
1333 829 1393 887 Cor.
1415 850 1457 890 xv.

272 913 320 985 45,
336 913 442 969 Factis
456 919 495 969 eet
503 910 616 986 primus
630 911 711 968 honac
725 910 755 968 in
768 909 893 968 animam
906 911 1048 982 oioea'tcm,
1064 915 1093 966 et
1106 927 1135 966 v.
1150 911 1200 982 47,
1223 909 1336 966 ibimus
1355 910 1427 967 tomo
1445 931 1458 968 e

272 1001 352 1050 terro
366 1000 501 1049 terrenus.
545 988 632 1050 Unde
648 989 715 1066 Sap.
730 989 779 1046 vii.
797 992 823 1064 l,
839 998 960 1047 vocatur
973 987 1170 1069 πςοτὸπλσπος
1185 989 1268 1068 reri<
1289 990 1387 1062 ιόσμω.
1424 988 1458 1048 Ει

272 1071 337 1129 Eva
350 1071 406 1129 hoc
419 1089 525 1128 nomen
539 1089 573 1128 ea
587 1068 623 1127 de
638 1088 725 1126 causa
739 1068 840 1128 sortita
854 1077 906 1142 est,
922 1069 990 1145 quia
1004 1068 1058 1126 fuit
1076 1069 1305 1127 aratercmm'um
1317 1069 1456 1144 υἰυσηιὲιιιιι,

272 1150 379 1210 Genea.
389 1150 436 1207 iii.
451 1151 498 1224 20,
515 1148 593 1226 quod
613 1168 763 1225 perperam
777 1147 928 1223 diceretur,
944 1148 969 1206 si
989 1147 1050 1206 sola
1070 1168 1142 1224 gens
1156 1147 1286 1207 Judalca
1301 1147 1337 1206 ab
1350 1167 1383 1206 ea
1399 1168 1456 1225 prc-

271 1230 333 1305 drit,
348 1230 507 1288 innumeris
521 1229 585 1286 aliis
599 1227 713 1305 populis
728 1229 845 1306 stirpem
860 1227 955 1302 aliam,
971 1247 1091 1305 eamque
1104 1227 1193 1304 longe
1207 1228 1394 1304 antiquiorem
1413 1247 1455 1304 ag-

271 1309 466 1368 noscentibus.
484 1309 550 1367 Huc
564 1308 696 1386 pertinet,
712 1307 790 1383 quod
806 1307 954 1384 Scriptura
967 1307 997 1364 in
1022 1307 1202 1384 genealogiis
1225 1305 1409 1382 recensendis,
1429 1316 1456 1365 ut

271 1390 308 1447 ab
324 1389 438 1448 Ademo
453 1389 564 1447 orditur
572 1386 781 1462 descendendo,
789 1387 880 1446 ita'in
905 1406 940 1445 eo
964 1386 1145 1445 ascendendo
1170 1386 1287 1461 desinit,
1311 1387 1410 1446 Genes.
1423 1406 1455 1460 v,

177 1455 179 1462 ¹
271 1469 343 1527 Luc.
356 1469 416 1543 iii.;
436 1469 479 1526 Et
493 1467 571 1544 quod
586 1465 694 1524 Paulus
708 1467 776 1525 Act
791 1467 863 1524 xvii.
879 1466 1044 1541 26,.esscrit
1057 1467 1153 1524 Deum
1167 1471 1255 1524 totum
1270 1485 1356 1542 penus
1373 1467 1456 1524 ιιιιιια-

269 1569 337 1608 num
350 1550 504 1622 fecissem
517 1568 572 1605 uno
585 1547 728 1622 sanquine,
743 1555 774 1604 ut
794 1546 933 1604 latiores
953 1566 1038 1621 super
1056 1546 1189 1603 universa
1212 1547 1355 1624 aupeffieie
1373 1555 1456 1603 'terrm

271 1628 327 1703 Qui
341 1648 411 1686 vero
425 1633 476 1686 πιῖι
489 1623 547 1690 itm
567 1625 693 1706 inopinos
714 1645 751 1684 ex
774 1645 832 1684 uno
854 1625 994 1702 sanguine
1018 1625 1173 1684 oriundum
1198 1634 1252 1700 est,
1276 1625 1300 1684 ei
1321 1624 1412 1684 Judaei
1428 1633 1457 1682 et

271 1707 404 1766 Gentiles
418 1707 562 1765 diversam
576 1707 685 1764 hebent
699 1705 848 1782 originem,
863 1723 917 1763 nec
941 1703 1064 1763 eundem
1085 1705 1268 1782 sanguinem,
1294 1704 1455 1780 eundemque

269 1795 417 1864 parentem
427 1786 560 1844 hahent?

310 1867 365 1925 IV.
389 1867 509 1924 Frustra
523 1865 674 1943 excipitur,
690 1865 836 1926 Adamum
844 1867 972 1943 primum
991 1885 1076 1943 posse
1091 1866 1192 1924 vocari
1212 1863 1366 1940 hominum,
1380 1863 1455 1922 relate

268 1945 307 2004 ed
321 1945 476 2022 Christum,
491 1947 561 2005 licet
582 1947 693 2005 nonsit
714 1948 823 2025 primus
845 1947 981 2023 omnium,
996 1955 1029 2004 ut
1044 1944 1178 2004 Christum
1191 1947 1326 2005 remotius
1340 1943 1455 2002 Adamus

267 2035 397 2103 vocatur,
423 2034 453 2085 et
473 2025 580 2104 ἶσχιτος
604 2027 774 2102 nocuimus,
800 2029 816 2084 1
842 2028 906 2085 Cor.
922 2045 971 2084 xv.
987 2029 1034 2101 47,
1049 2025 1118 2084 licet
1141 2047 1199 2084 nec
1223 2023 1363 2084 secundus
1380 2021 1454 2082 sitah

268 2104 393 2182 Adamo,
409 2127 462 2165 nec
477 2107 605 2166 rdtimus.
635 2107 662 2164 N
664 2126 710 2164 am
722 2105 854 2164 Adamus
867 2115 989 2164 vocatur
999 2105 1119 2182 primus,
1134 2125 1197 2164 non
1210 2113 1322 2164 tantum
1334 2104 1415 2162 relate
1424 2100 1454 2158 ad

268 2185 423 2261 Christum,
431 2187 499 2262 quia
512 2186 594 2244 illum
603 2186 757 2262 praecessit,
770 2185 822 2244 sed
835 2185 922 2244 etiam
936 2184 974 2243 ad
982 2185 1310 2261 caeteros'homines,qui
1318 2182 1454 2258 imaginem

266 2265 358 2341 ipsius
372 2265 446 2323 ferre
460 2265 575 2340 debent,
591 2264 685 2342 qualis
699 2265 775 2322 enim
796 2272 927 2326 terrenus
941 2272 993 2339 est,
1009 2263 1082 2322 tales
1103 2265 1193 2323 etiam
1214 2264 1320 2322 debent
1337 2270 1452 2320 essetu-

266 2344 337 2417 reni,
353 2363 381 2401 v.
397 2347 447 2419 48,
461 2344 512 2402 ubi
526 2344 676 2402 manifeste
697 2343 835 2401 alluditur
848 2343 886 2401 ad
906 2343 1028 2420 primam
1047 2342 1175 2402 hominis
1196 2342 1404 2422 productionem
1422 2357 1452 2396 ex

266 2422 385 2499 pulvere
400 2431 492 2480 terrae.
535 2426 562 2479 2.
586 2422 717 2479 Christus
737 2429 859 2480 vocatur
877 2425 1022 2498 secundus,
1037 2442 1096 2482 non
1118 2423 1200 2498 quod
1213 2423 1299 2482 fuerit
1313 2419 1451 2480 secundum

265 2500 448 2560 individuum
463 2501 586 2560 Generis
604 2500 731 2576 humani,
748 2500 800 2558 sed
819 2501 930 2559 ratione
944 2501 1201 2561 communicatimula
1215 2511 1246 2561 et
1259 2501 1377 2578 eripitis,
1396 2497 1453 2574 quia

264 2579 320 2639 fuit
334 2579 460 2638 secunda
473 2579 565 2653 radix,
581 2587 610 2638 et
625 2578 887 2656 stirps'hominum3
902 2580 936 2639 fit
949 2581 1026 2639 enim
1040 2582 1184 2659 oppositio
1201 2583 1277 2640 inter
1287 2581 1422 2639 Adamum
1431 2584 1454 2656 et

266 2659 421 2735 Christum,
437 2669 573 2736 tanquam
588 2659 663 2718 inter
683 2658 740 2718 duo
756 2659 865 2736 Capita,
882 2678 1003 2735 quorum
1025 2661 1104 2738 prius
1119 2662 1179 2719 suis
1196 2659 1290 2720 vitam
1310 2657 1451 2730 animalem,

265 2746 294 2797 et
308 2759 374 2797 cum
388 2760 422 2799 ea
435 2747 585 2816 peccatum
599 2747 628 2797 et
642 2747 763 2798 mortem
777 2739 978 2815 communicat,
995 2740 1143 2798 Posterius
1153 2760 1229 2799 vero
1240 2739 1393 2800 sdisritam
1405 2735 1451 2813 spi·

263 2819 397 2878 ritualem
418 2826 447 2877 et
472 2827 607 2877 aetcrnam
621 2838 688 2876 curn
705 2818 820 2895 justitia
838 2838 891 2878 sua
903 2819 1080 2896 impertitur,
1096 2819 1174 2896 quod
1188 2820 1359 2898 Apostolus,
1373 2837 1399 2876 r.
1411 2818 1450 2888 u,

264 2905 354 2974 notat,
370 2918 459 2975 quum
473 2898 522 2974 ait,
538 2908 569 2956 ut
582 2899 611 2956 in
624 2899 737 2956 Adamo
751 2918 844 2956 omncs
857 2899 1024 2973 moriuntur,
1039 2899 1080 2957 ita
1093 2900 1123 2957 in
1143 2899 1259 2959 Christo
1280 2918 1368 2958 omncs
1379 2896 1450 2973 oiufi·

264 2987 374 3053 ccnmr,
390 2978 430 3037 id.
444 2985 587 3055 quotquot
600 2977 793 3036 vivificantur.
834 2978 1007 3036 Noor'caimus
1020 2997 1090 3036 vero
1103 2977 1178 3037 bene
1191 2979 1308 3055 dicitur,
1322 2997 1377 3035 non
1386 2972 1451 3052 qnod

264 3057 384 3118 ultimus
399 3056 531 3118 debuerit
544 3057 632 3132 nasci,
648 3056 775 3116 sedtum
789 3057 858 3133 quia
871 3057 986 3115 Adamo
1001 3057 1148 3131 successit,
1163 3066 1229 3117 tum
1243 3061 1311 3136 quia
1323 3065 1384 3134 post
1395 3072 1449 3112 cum

264 3156 350 3196 nemo
365 3138 485 3198 eandem
500 3137 609 3214 Capitis
620 3135 762 3194 ,rationem
778 3137 918 3198 sustinere
931 3143 1035 3213 potest.
1067 3137 1244 3197 Neomelius
1255 3137 1372 3196 elabitur
1385 3135 1448 3192 Pre-

265 3215 399 3292 adamita,
425 3217 494 3280 dum
519 3217 560 3275 ait
573 3214 720 3274 Adamum
733 3216 858 3292 primum
880 3214 945 3290 dici,
971 3223 1001 3273 et
1023 3224 1134 3293 patrem
1158 3219 1289 3276 omnium
1309 3215 1447 3286 hominum,

265 3304 407 3372 quatenus
420 3295 552 3358 homines
567 3315 666 3353 omnes
680 3295 710 3352 in
724 3294 775 3353 illo
788 3302 989 3371 peccaverunt,
1004 3303 1034 3352 et
1047 3303 1189 3371 quatenus
1202 3297 1322 3373 primus,
1337 3303 1363 3353 et
1381 3299 1449 3369 pater

265 3375 393 3431 omnium
413 3381 596 3452 peccatorum
618 3382 680 3448 est;
713 3373 788 3431 Nam
803 3373 939 3451 Apostoli
960 3374 1049 3434 verba
1071 3373 1203 3450 innuunt,
1224 3396 1283 3434 nou
1305 3381 1406 3432 tentum
1423 3369 1447 3427 io

265 3451 366 3509 ordine
379 3451 518 3528 peccandi
542 3453 665 3588 primum
680 3451 746 3528 dici,
762 3453 830 3511 licet
850 3461 880 3511 et
892 3453 948 3512 hoc
961 3471 1062 3510 verum
1084 3453 1129 3528 sit,
1146 3454 1242 3514 sedet
1264 3455 1293 3512 in
1308 3453 1446 3511 ordineor-

264 3528 355 3605 sendi,
371 3537 514 3607 quatenus
528 3551 545 3588 a
579 3551 622 3605 eo,
638 3540 668 3590 et
680 3535 708 3588 rt
722 3535 813 3608 χιῖιιιι,
829 3539 858 3590 et
871 3536 898 3590 rt
912 3529 1023 3607 ψνχυιὶι
1037 3532 1167 3592 homines
1188 3533 1332 3609 muriunt,
1346 3530 1381 3588 id
1395 3546 1447 3587 0⁵⁸⁰

265 3618 410 3670 terrenum
424 3617 453 3668 et
466 3609 598 3668 animale.

305 3688 344 3748 V.
366 3694 394 3748 2.
410 3689 476 3748 Mas
499 3698 529 3748 et
550 3689 675 3767 soemina,
691 3692 742 3767 qui
762 3691 898 3750 dicuntur
922 3691 1010 3751 creati
1031 3699 1115 3752 sexto
1136 3692 1192 3768 dic,
1208 3693 1314 3771 capi,
1335 3707 1388 3749 non
1405 3683 1446 3744 alii

264 3778 340 3844 sunt,
357 3789 444 3846 quam
458 3769 591 3829 Adamus
605 3770 757 3845 etEvade
772 3770 877 3846 quibus
891 3771 995 3848 agitur,
1009 3791 1070 3848 cap.
1086 3771 1125 3847 ii.,
1140 3773 1192 3831 nbi
1205 3771 1365 3832 distinctius
1377 3783 1445 3842 repo·

264 3849 335 3909 titur
349 3858 378 3910 et
391 3849 560 3928 explicetur,
576 3849 655 3926 quod
667 3849 784 3908 brevius
798 3850 892 3927 capite
907 3851 999 3926 primo
1013 3851 1049 3910 de
1064 3851 1189 3910 hominis
1202 3850 1383 3929 productione
1395 3845 1444 3902 dio·

263 3935 326 3990 tum
340 3927 442 3992 fuerat.
460 3929 543 3988 Patet
560 3931 585 3988 1.
601 3949 638 3988 ex
653 3947 727 3986 vers.
744 3931 770 4002 1,
786 3932 814 4004 2,
830 3931 857 4004 3,
874 3948 936 4006 cap.
951 3929 991 4004 ii,
1006 3931 1058 3988 ubi
1090 3931 1253 3990 remittitur
1266 3922 1445 4005 recapitulatio

263 4007 409 4084 primaevae
430 4008 583 4066 creationis
597 4007 663 4066 coeli
677 4016 706 4066 et
725 4014 818 4083 terroe,
833 4007 871 4066 de
884 4027 942 4084 qua
955 3997 1067 4067 ectum'
1097 4010 1120 4068 it
1133 4031 1158 4068 c.
1172 4009 1192 4067 i.
1234 4009 1312 4086 Ergo
1332 4001 1444 4083 quodio

263 4087 450 4164 sequentibus
465 4086 617 4163 subjicitur
630 4086 666 4145 de
681 4085 824 4145 creatione
844 4087 932 4146 maris
946 4096 976 4146 et
989 4087 1121 4164 foeminae,
1138 4087 1238 4147 eodem
1259 4087 1385 4165 pertinet
1421 4083 1444 4137 2·

264 4165 427 4243 Utrobique
441 4166 522 4244 origo
540 4165 676 4242 ejusdem
689 4165 797 4224 Adurni
808 4165 988 4240 describitur,
1004 4167 1072 4243 quia
1092 4167 1173 4226 idem
1187 4187 1289 4226 nomen
1309 4160 1444 4235 utrobique

262 4245 394 4319 occurrit,
411 4253 440 4302 et
453 4243 554 4303 eadem
567 4244 692 4303 nominis
712 4245 794 4321 ratio,
809 4255 880 4323 puta
902 4265 939 4304 ex
953 4254 1029 4305 terra
1049 4245 1209 4323 productio,
1231 4245 1307 4324 quod
1324 4241 1377 4301 dici
1395 4255 1444 4295 non

261 4332 369 4416 posset,
385 4323 410 4380 si
420 4324 478 4386 hcc
492 4323 528 4381 de
542 4323 656 4382 dnobus
675 4322 797 4382 diversis
818 4333 894 4384 esset
907 4325 1136 4402 intelligendum.
1179 4329 1207 4385 3.
1231 4325 1261 4384 Si
1274 4324 1330 4382 duo
1349 4312 1444 4377 Adoni

261 4401 444 4478 tutelligendi
459 4410 563 4476 essent,
578 4403 627 4461 vel
640 4402 676 4461 de
692 4403 818 4462 secundo
831 4423 889 4462 non
910 4404 1062 4480 constabit,
1077 4403 1155 4482 quod
1177 4405 1214 4465 sit
1227 4405 1316 4463 factus
1329 4399 1364 4457 od
1377 4397 1443 4454 1⁸18·

223 4485 226 4491 ’
261 4480 360 4554 gisem
370 4480 510 4556 De'i,quia
523 4481 597 4539 nihil
609 4481 647 4540 de
661 4502 695 4542 eo
709 4481 822 4558 dicitur,
833 4503 895 4560 cap.
910 4483 949 4560 ii,
965 4483 1013 4542 vel
1027 4483 1064 4543 de
1078 4485 1170 4562 primo
1184 4505 1241 4543 non
1251 4479 1368 4559 liquebit
1380 4491 1442 4552 pre·

261 4555 354 4616 dirum
368 4577 431 4615 esse
446 4560 541 4616 anima
563 4561 704 4636 rationali,
721 4563 789 4638 qu'ia
809 4561 883 4619 ndril
903 4561 1026 4621 truditur
1046 4562 1083 4622 de
1101 4562 1291 4622 insufflatione
1305 4550 1442 4616 animatu

261 4649 345 4692 nares
356 4634 431 4710 ejus,
447 4637 526 4714 quod
540 4637 656 4698 demum
670 4659 732 4718 cap.
748 4640 777 4698 ii.
792 4639 924 4702 traditur.
966 4643 994 4700 4.
1011 4641 1155 4720 Sequetur
1174 4641 1272 4720 primis
1292 4631 1441 4697 hominibus
