3160 5194
222 372 296 440 xviii
628 381 797 430 emarcus
814 377 1066 429 orniciroms.

224 569 324 618 rorem
339 569 410 615 cum
425 543 734 612 Samosateuiauismo
751 550 785 607 ct
800 541 991 625 Ariouistum,
1003 543 1096 606 idest
1112 546 1252 604 monstra
1265 535 1447 621 monstris,

225 649 419 730 copulanmt.
470 643 553 721 Quos
577 642 782 707 Docessorum
799 636 984 706 Vestrorum
1009 639 1182 704 authoritas
1202 637 1331 702 fortiter
1351 655 1450 700 com·

225 744 354 828 pascuit,
372 751 405 808 et
418 741 550 806 feliciter
565 741 696 822 fugavit,
713 746 752 802 ιιι
768 756 889 820 semper
903 758 1015 819 magua
1030 757 1100 802 cum
1115 735 1217 812 laude,
1234 745 1397 800 manuos
1414 741 1452 797 at

226 844 377 908 cordatos
387 841 454 925 pice
470 858 574 904 canace
596 838 750 902 Vindices.
766 857 799 902 aa
811 837 993 920 probarint,
1021 835 1104 916 quod
1127 853 1263 897 summus
1279 831 1347 896 Vir
1377 830 1450 896 Dei

227 939 372 1004 Calvinus
384 937 462 1019 ipsis
478 937 551 1000 olim
564 935 764 1000 honorificum
779 934 910 1017 elogium
923 932 1046 1000 tribuit.

277 1036 368 1101 Hanc
391 1035 485 1100 etiem
499 1033 686 1116 praecipuam
700 1053 768 1098 esse
781 1039 917 1097 resmam
931 1030 1179 1106 sollicitudiuem,
1197 1029 1352 1092 Person
1371 1025 1451 1090 Ps-

228 1152 315 1200 rsss
327 1132 576 1217 vigilantissimi,
591 1132 675 1195 aelus
687 1139 720 1196 et
734 1131 836 1211 pietas
852 1137 957 1195 reama
970 1129 1114 1193 dubitare
1128 1148 1184 1192 nce
1211 1147 1272 1190 nou
1300 1126 1452 1207 patiun-

227 1249 299 1298 tur:
326 1231 447 1312 Nempe
462 1229 646 1296 meministis
661 1229 778 1294 Solium
788 1228 908 1309 pietate
924 1227 1091 1308 etjustitia
1107 1225 1289 1290 firmandum
1304 1243 1384 1288 esse
1401 1241 1451 1286 ex

228 1331 350 1413 Regum
364 1328 582 1410 sapientissimi
597 1327 738 1404 oraculo,
754 1347 811 1392 nec
825 1345 958 1406 unquam
979 1325 1056 1390 felix
1078 1331 1111 1389 et
1125 1325 1203 1388 bene
1225 1322 1452 1402 compositum

228 1448 296 1494 esso
311 1447 403 1509 posse
416 1426 567 1508 Regimen
581 1433 729 1501 vestrum,
747 1424 808 1488 nisi
822 1424 947 1500 curetis,
965 1429 1002 1486 ut
1017 1421 1122 1486 Verbo
1148 1421 1209 1485 Dei
1229 1441 1287 1485 sua
1306 1437 1452 1500 semper

229 1527 312 1608 apud
326 1525 395 1590 Vos
410 1530 533 1590 constet
546 1523 727 1599 authoritas,
742 1529 775 1586 et
786 1528 824 1585 ut
840 1521 981 1586 Christus
996 1519 1062 1600 ipsc
1082 1540 1139 1600 per
1154 1518 1222 1584 Vos
1235 1525 1347 1600 regnet
1362 1540 1373 1580 ι
1404 1525 1451 1580 ιιι

229 1624 357 1689 hicnon
372 1629 438 1686 tam
453 1620 675 1695 Aristocratia,
693 1640 784 1699 qnam
800 1619 991 1683 Timocratio
1006 1618 1049 1682 sit
1072 1618 1220 1699 quaedam,
1236 1637 1305 1698 qua
1326 1616 1449 1680 Deum

229 1720 397 1786 Praesidem
418 1725 452 1782 et
477 1718 645 1782 Rectorem
669 1735 790 1798 semper
816 1717 948 1780 habeat:
974 1715 1042 1780 Neo
1065 1715 1175 1779 melius
1197 1714 1314 1780 consuli
1336 1733 1447 1794 posse

231 1818 363 1884 censetis
386 1815 578 1897 Reipublics
603 1813 708 1891 saluti,
735 1835 804 1896 qua
835 1833 979 1894 suprema
1001 1813 1069 1878 Lex
1094 1833 1215 1893 semper
1241 1833 1309 1880 esse
1326 1813 1447 1886 debet,
1578 1857 1579 1862 ι

231 1935 323 1998 quani
340 1915 457 1980 invicta
471 1916 532 1978 duo
544 1913 608 1976 isto
620 1911 851 1996 propugnacula
863 1911 988 1988 tuendo,
1003 1933 1089 1992 pura
1115 1911 1288 1994 Religionis
1312 1910 1446 1974 cultum

230 2021 265 2079 et
279 2014 362 2095 piam
378 2013 526 2078 Ecclesiae
542 2011 809 2088 forendaeouram,
827 2031 919 2091 quam
947 2009 1034 2074 Dens
1057 2011 1114 2074 alis
1131 2011 1243 2074 vestris
1265 2008 1446 2090 tegendam
1578 2058 1579 2098 3

231 2111 394 2179 commisit.
444 2110 534 2188 Quod
548 2109 595 2174 ita
608 2111 758 2174 hactenus
782 2130 803 2172 a
818 2108 918 2173 Vobis
940 2108 1124 2189 prestitum,
1144 2115 1181 2169 ut
1202 2126 1263 2170 uon
1277 2106 1369 2169 modo
1384 2104 1448 2166 in-

232 2216 385 2276 temerata
402 2210 441 2273 ab
456 2208 539 2272 omni
554 2207 668 2271 erroris
681 2215 714 2271 et
734 2205 962 2286 superstitionis
982 2205 1052 2268 labo
1065 2203 1188 2282 Religio
1207 2203 1258 2264 hic
1281 2201 1446 2280 singulari
1577 2243 1579 2294 ἑ

232 2307 293 2372 Dei
307 2305 456 2370 beneficio
471 2303 696 2384 permanserit;
721 2302 776 2365 sed
802 2299 880 2362 nihil
905 2301 1032 2378 insuper
1057 2300 1090 2361 in
1112 2305 1239 2377 recepto
1260 2297 1354 2362 semel
1380 2297 1445 2363 hic

234 2402 353 2484 puriori
368 2399 519 2475 doctriua,
533 2418 625 2478 quam
638 2396 780 2479 religiose
794 2415 915 2476 semper
928 2395 1122 2460 retinendam
1138 2395 1295 2471 sanxistis,
1321 2395 1444 2460 immu·
1577 2398 1579 2449 l

232 2506 334 2563 tutum
357 2496 464 2562 flierit.
514 2494 817 2576 Pergite,DOM11t1‚
843 2500 1024 2558 constanter
1047 2493 1080 2558 in
1101 2494 1161 2559 hoc
1181 2499 1291 2559 sancto
1319 2513 1440 2575 propo-

234 2597 305 2672 sito,
320 2601 354 2659 et
366 2593 461 2658 facite
474 2593 528 2674 pia
541 2600 647 2658 restra
662 2598 697 2655 et
719 2592 873 2656 indefessa
886 2591 1054 2674 vigilantia,
1075 2601 1112 2657 ut
1134 2599 1224 2656 tants
1242 2594 1323 2657 boue
1343 2592 1441 2658 uobis

233 2695 297 2759 sint
310 2698 481 2775 perpetua3
509 2696 546 2754 ιιι
572 2691 629 2754 suh
643 2688 755 2754 vestris
777 2688 922 2769 auspiciis
947 2687 1066 2772 pietate
1092 2693 1204 2756 floreus
1230 2697 1263 2755 et
1285 2691 1360 2756 felix
1389 2689 1437 2756 sit

233 2809 354 2871 semper
369 2790 437 2854 hac
451 2787 641 2868 Respublica
655 2787 696 2850 ad
711 2807 796 2852 seros
808 2807 905 2868 usque
920 2794 1059 2868 nepotes.
1090 2789 1180 2867 Quod
1202 2789 1325 2870 quidem
1346 2789 1436 2853 houd

233 2889 326 2952 dubie
342 2905 468 2968 sperare
482 2886 616 2967 potestis
633 2905 653 2948 a
673 2884 751 2962 Deo,
769 2885 823 2966 qui
847 2905 880 2949 se
900 2886 995 2949 lidum
1022 2888 1180 2952 custodem
1198 2890 1265 2952 fore
1288 2887 1435 2967 promisit

232 3005 339 3050 earum
353 2983 496 3060 Urbium,
521 3003 589 3064 quo
612 2983 701 3048 sedes
724 2981 889 3059 Veritatis,
912 2990 946 3048 et
968 2983 1093 3048 Piorum
1116 2985 1283 3066 hospitium
1307 2987 1433 3060 forent3

233 3082 377 3163 Quamdiu
393 3081 434 3146 de
454 3101 492 3146 eo
511 3081 655 3164 religiose
682 3081 810 3146 colendo
832 3087 866 3144 et
889 3081 1061 3160 retinendo,
1084 3089 1116 3148 et
1141 3082 1241 3166 gloria
1265 3084 1332 3164 ejus
1357 3090 1432 3148 ants

232 3182 336 3246 omnia
351 3179 560 3263 promovenda
574 3199 695 3261 semper
709 3179 798 3244 eritis
812 3177 956 3254 solliciti;
981 3178 1124 3256 Qusndiu
1146 3181 1304 3258 curabitis,
1323 3187 1360 3244 ut
1382 3180 1430 3244 in·

232 3285 283 3342 ter
312 3277 403 3342 Cives
431 3283 551 3342 vestros
579 3278 685 3342 Pietas
711 3283 744 3341 et
770 3276 911 3354 Justitia,
937 3275 1109 3360 Religionis
1133 3292 1167 3344 et
1192 3279 1307 3342 Patriae
1334 3297 1427 3353 amor,

232 3375 374 3439 Charitas
389 3380 423 3437 et
442 3382 551 3438 sancta
567 3375 737 3438 animorum
752 3373 924 3438 Concordia
936 3374 1071 3456 rigeant,
1088 3381 1122 3440 et
1136 3377 1222 3454 vitia,
1240 3375 1310 3458 plus
1336 3374 1427 3438 nimis

232 3470 466 3552 corruptissimo
479 3471 538 3534 hoc
561 3470 664 3536 seculo
680 3471 712 3533 iu
728 3470 870 3534 Ecclesia
884 3471 979 3535 etiam
994 3473 1189 3553 pullulantia,
1203 3493 1309 3540 severe
1327 3472 1427 3553 repri-

231 3575 376 3642 mantur3
404 3566 546 3645 Quandiu
572 3567 676 3631 studio
699 3574 805 3632 vestro
827 3567 913 3633 Urbs
935 3569 998 3632 ista
1024 3587 1080 3636 suo
1102 3571 1218 3635 nomini
1239 3570 1428 3651 respondens

231 3665 417 3731 Reformata
429 3683 501 3730 rere
515 3664 630 3741 audiet,
647 3671 713 3728 tam
727 3666 829 3746 quoad
842 3687 961 3730 morum
981 3669 1184 3746 honestatem,
1200 3688 1292 3749 quam
1313 3668 1429 3734 doctri·

232 3782 280 3826 na
297 3761 485 3842 puritatemz
511 3768 545 3826 et
568 3769 605 3826 ut
626 3763 720 3826 verbo
743 3763 852 3839 dicam,
876 3764 996 3830 Oivitos
1011 3766 1074 3831 Dei
1088 3773 1121 3830 ct
1141 3787 1215 3832 vera
1241 3783 1362 3842 astruo,
1392 3768 1429 3831 ia

231 3880 298 3944 φια
308 3861 351 3924 sit
364 3858 427 3923 Dei
441 3859 691 3941 Beneplocitaim,

280 3956 361 4036 Quia
374 3975 447 4021 vero
462 3975 524 4020 nou
550 3955 701 4022 Rectores
721 3956 913 4038 Reipublicm
940 3965 974 4024 et
998 3959 1093 4026 Viros
1121 3959 1281 4043 Principes
1302 3967 1425 4026 tantum

230 4055 296 4120 hac
312 4073 388 4119 cura
403 4059 546 4136 spoctut3
575 4054 629 4117 sed
642 4053 770 4137 propius
783 4058 887 4138 tangit
902 4077 954 4122 eos
969 4057 1021 4137 qui
1036 4058 1141 4122 Sacris
1155 4067 1333 4139 operantur,
1349 4079 1426 4140 quos

228 4150 272 4213 ad
288 4171 366 4230 opus
381 4171 470 4216 suum
491 4151 620 4217 adhibet
635 4171 772 4216 summus
784 4173 888 4217 reram
903 4155 1058 4238 Arbiter3
1075 4153 1108 4220 N
1108 4175 1148 4217 on
1162 4175 1324 4236 possulum
1347 4157 1426 4222 satis

230 4245 337 4309 mirari
355 4248 515 4326 providam
530 4249 598 4329 ejus
622 4269 697 4332 arga
721 4269 778 4314 nos
794 4269 909 4328 οιιιιιιιι,
931 4251 984 4331 qui
1004 4258 1041 4315 ut
1059 4251 1214 4318 Veritatis
1237 4253 1340 4318 sedem
1364 4254 1425 4318 sibi

229 4343 281 4407 hic
297 4341 410 4423 eligere
423 4343 540 4418 voluit3
563 4345 617 4434 Ita
629 4365 785 4427 nunquam
800 4347 899 4411 defuit
912 4347 1009 4428 Operi
1023 4369 1087 4425 suo,
1099 4349 1204 4414 fideles
1219 4357 1427 4430 strenuosque

230 4438 397 4521 operarios
418 4438 451 4503 in
471 4459 600 4506 messem
625 4463 711 4506 snam
739 4444 902 4522 mittendo,
930 4447 983 4526 qui
1009 4447 1133 4511 dotibus
1157 4447 1278 4510 eximiis
1297 4445 1421 4526 prediti

228 4535 364 4600 diduum
380 4537 582 4618 repurganda
599 4537 771 4622 Religionis
785 4561 862 4622 opus
880 4543 1036 4624 intrepide
1053 4541 1242 4619 inchoarent,
1264 4549 1297 4605 et
1316 4540 1422 4604 incho-

229 4641 313 4698 atum
326 4641 541 4715 promoverent
554 4641 588 4700 et
603 4639 796 4716 perlicerent.
848 4639 1011 4704 Neminem
1037 4639 1115 4704 latet
1130 4645 1278 4720 querutum
1296 4637 1423 4703 Genera
