3174 5174
238 326 296 384 tos
700 342 792 384 nouus
806 341 958 384 sarsurus.
1242 319 1368 401 [ounsr.
1388 339 1465 381 vu.-

237 505 310 560 rum,
335 487 568 548 mumolum
587 493 617 546 at
636 487 817 561 Poteetotum,
831 483 1083 561 Archangelontm
1098 482 1279 560 Angelorum,
1294 481 1354 540 tale
1367 481 1450 560 quid

236 566 308 626 satis
320 575 419 644 aperte
433 566 585 626 videantur
605 566 768 642 insinuare;
790 565 853 624 sive
873 564 922 623 ille
944 583 982 622 ex
1005 562 1173 623 dramate
1194 561 1353 622 officiorum
1367 561 1448 641 ipsis

236 645 443 724 impositorum,
455 648 517 706 sive
531 663 656 705 ermero
672 646 729 705 Dei
742 645 860 705 arbitrio
874 643 1006 722 pendeat.
1043 643 1188 720 Respecto
1201 661 1273 702 vero
1286 643 1446 720 malornm,

237 745 284 785 res
305 727 393 786 etiam
416 726 536 786 indubia
554 734 607 802 est,
632 727 702 804 quia
725 726 764 784 sit
784 744 860 802 saepe
888 723 996 783 mendo
1016 723 1158 800 Ρτίυισίρίε
1178 723 1383 782 demoniorum
1412 724 1449 782 in

239 805 394 883 Scriptura,
404 807 451 865 cui
460 805 627 866 tribuuntur
637 805 756 883 Angeli,
766 825 855 885 quum
864 804 935 882 ignis
945 813 1065 862 mmo
1073 803 1306 880 dicitnrpurutua
1314 805 1448 863 Dsudolo

236 893 266 945 et
278 886 393 963 Angelis
406 889 473 963 ejuu
487 887 592 946 Matth.
607 906 679 945 xxv.
693 889 742 945 41.
780 884 839 945 Sed
852 883 918 962 quis
931 884 1065 961 etqualis
1078 883 1116 943 sit
1130 883 1179 943 ille
1192 883 1272 958 ordo,
1290 883 1448 962 Scriptura

235 974 357 1042 noento,
371 986 456 1026 nemo
471 966 613 1027 curiosius
625 965 778 1043 inquirere,
793 965 884 1025 multo
898 963 994 1024 miuus
1007 973 1115 1024 temere
1129 963 1248 1023 definire
1261 963 1357 1039 debet,
1372 985 1446 1042 quse

235 1053 280 1104 est
294 1047 436 1106 sententia
449 1047 601 1123 Augustini
619 1055 719 1105 contra
738 1043 911 1104 Priscillisn.
933 1064 957 1103 c.
979 1045 1020 1103 xi
1043 1047 1062 1077 ‘⁸
1074 1043 1172 1102 Esso”
1194 1043 1289 1121 iuquit
1310 1046 1329 1076 ‘⁶
1343 1045 1442 1120 aedes,

236 1125 455 1202 dominationes,
471 1127 658 1204 principatus,
673 1133 831 1204 potestates
844 1124 876 1182 in
889 1124 1056 1184 coelestibus
1075 1123 1261 1202 apparatibus
1274 1123 1446 1185 firmissima

218 1204 332 1281 credo,
344 1213 374 1265 et
387 1206 501 1266 differre
515 1207 591 1265 inter
605 1225 636 1266 se
656 1205 767 1282 aliquid
786 1203 907 1264 indubia
926 1203 983 1263 lide
1004 1212 1098 1264 teneo.
1144 1203 1203 1263 Sed
1222 1223 1280 1282 quo
1300 1223 1347 1264 me
1368 1223 1443 1263 oon-

235 1293 356 1361 temnas,
371 1306 455 1364 quem
470 1305 609 1363 magnum
629 1293 715 1364 putas
735 1305 799 1344 esse
814 1285 978 1358 Doctorem,
999 1303 1131 1361 quaenarn
1153 1283 1210 1344 ista
1230 1284 1297 1359 sint,
1312 1291 1343 1342 et
1365 1285 1444 1362 qnid

234 1363 311 1424 inter
324 1385 355 1425 se
376 1365 510 1426 differant
523 1366 621 1426 nescio
633 1366 661 1425 :”
676 1365 716 1424 Et
728 1365 833 1424 horum
846 1364 1076 1442 disquisitionem
1096 1363 1237 1423 damnans
1250 1365 1299 1439 ait,
1316 1365 1443 1442 “magia

235 1443 265 1502 in
276 1443 341 1504 istis
353 1447 535 1506 temerariam
544 1445 805 1524 presumptionem,
818 1465 905 1522 quam
913 1453 1027 1503 cautam
1040 1443 1250 1521 ignorationem
1264 1444 1444 1522 culpandam

235 1523 357 1586 videri.''
390 1527 430 1586 Et
443 1526 522 1601 alibi,
538 1525 654 1586 Euchir.
669 1545 723 1602 cap
736 1525 809 1584 lviii.
820 1523 968 1602 loquendo
982 1523 1018 1583 de
1032 1523 1121 1584 variis
1134 1523 1299 1583 nominibus
1312 1543 1331 1582 a
1345 1524 1446 1584 Paulo

236 1604 296 1663 illis
310 1605 403 1683 datis;
426 1605 534 1680 “Quid
557 1605 633 1665 inter
653 1625 684 1664 so
705 1604 815 1698 distent
833 1605 897 1664 haec
915 1603 1066 1697 vocabula,
1081 1603 1180 1663 dicant
1193 1604 1244 1682 qui
1264 1616 1398 1711 posppnt,
1415 1605 1444 1664 si

235 1684 1163 1839 “tttttttltttttiltttttttttrttttt
1177 1684 1321 1842 initii
1333 1762 1382 1841 qu
1405 1773 1444 1824 n

234 1842 349 1903 facilius
364 1845 542 1904 Hierarchiae
558 1843 769 1904 Ecclesiastico
783 1864 843 1903 suae
856 1844 1026 1922 figmentum
1040 1843 1205 1919 obtrudant,
1217 1844 1303 1902 aliam
1311 1845 1341 1902 in
1354 1843 1443 1904 osefis

235 1921 418 2016 Angelorum
433 1925 634 1985 Hieraroluiam
648 1932 716 1984 sunt
729 1923 891 1998 commenti,
907 1925 990 2003 cujus
1011 1923 1135 2018 ordines,
1150 1933 1180 2018 et
1200 1923 1302 2000 officia,
1316 1945 1351 1983 ac
1370 1943 1443 2002 pro-

234 2005 811 2162 effitlttltttltutttttt
830 2004 938 2162 tit:
949 2023 1101 2143 ttttt
1115 2004 1444 2162 tittttttffi

234 2164 404 2242 Dionysiam
416 2167 628 2242 Areopagitum,
640 2164 713 2224 falso
724 2164 765 2223 ita
775 2164 892 2240 dictum,
904 2163 954 2240 qui
966 2163 1098 2240 Angelos
1108 2183 1209 2224 omnes
1222 2165 1252 2223 ia
1262 2173 1318 2223 tra
1327 2167 1443 2242 σῶμα,

235 2242 298 2302 sive
308 2245 491 2319 Moenum,
503 2265 576 2323 quas
589 2245 716 2322 appellat
725 2249 786 2324 spis
795 2241 924 2325 τςιιδιιὶς
933 2241 1111 2319 ducemne,
1125 2263 1294 2320 asprenate,
1306 2245 1442 2322 modim

235 2355 325 2406 Qud„
345 2359 395 2404 g„
416 2359 475 2406 Hie·
496 2325 632 2398 ultimam
647 2343 712 2400 quae
733 2345 832 2384 rursus
846 2335 944 2384 ternos
957 2325 1073 2382 ordines
1087 2324 1141 2383 sub
1155 2343 1187 2382 se
1200 2323 1442 2402 complectuntur,

238 2449 243 2456 .
263 2416 366 2486 egroti·
383 2415 475 2476 Diony-
495 2404 573 2462 utin
587 2403 753 2462 universum
768 2405 827 2463 sint
839 2424 945 2463 novem
959 2405 1087 2482 ipsorum
1100 2403 1226 2480 ordines,
1241 2413 1271 2463 et
1290 2405 1322 2462 in
1337 2404 1443 2481 singn-

494 2481 531 2540 lis
546 2482 663 2543 sedibus
683 2501 782 2542 rursus
802 2483 894 2543 multa
908 2483 1091 2562 Angelorum
1110 2483 1211 2543 millia.
1253 2484 1290 2542 In
1303 2503 1446 2562 suprema

234 2557 357 2619 collocat
382 2559 562 2638 tumuitus,
591 2562 772 2638 Seroptinos,
797 2573 827 2622 et
854 2565 981 2624 Thronos
990 2588 1002 2638 ,·
1030 2562 1067 2622 In
1094 2563 1190 2623 media
1213 2565 1441 2641 mamona,

232 2638 424 2716 Principalem,
439 2642 594 2700 Potoetotea
602 2665 614 2714 ;
636 2641 673 2699 In
689 2641 789 2700 infima
804 2643 934 2720 Virtutes,
949 2646 1149 2721 Arolsunpcloa
1164 2645 1296 2720 Angelos.
1338 2643 1442 2704 Deno·

232 2717 404 2778 minutiones
415 2729 512 2780 autem
525 2721 597 2780 istas
610 2721 669 2780 illis
682 2720 833 2799 impositas
843 2723 908 2783 vult
919 2723 1077 2783 secuudum
1087 2723 1277 2802 proprietates
1289 2723 1443 2801 inquibus

232 2797 368 2874 eminent,
383 2799 432 2858 vel
453 2799 611 2861 secundum
633 2800 727 2860 officia
739 2821 804 2880 quas
824 2803 884 2862 illis
901 2804 1136 2880 committuntur,
1160 2804 1331 2864 Oimubinoa
1343 2804 1443 2865 dictos

233 2896 305 2952 esse,
317 2877 368 2956 qui
378 2878 487 2939 lumine
498 2881 626 2940 mendas
637 2881 793 2959 excellunt,
809 2890 839 2941 et
848 2882 898 2960 qui
909 2883 982 2942 alios
992 2884 1157 2943 illuminant
1167 2884 1328 2960 sapientia3
1349 2885 1441 2944 Sem-

228 2958 340 3036 phim,
356 2959 407 3038 qui
428 2980 526 3020 amore
541 2961 641 3021 divino
663 2961 790 3022 maximo
811 2962 944 3041 flagrant,
960 2971 990 3023 et
1005 2963 1079 3022 alios
1099 2964 1273 3040 incendunt;
1298 2965 1439 3040 dlronoa,

233 3037 282 3116 qui
298 3039 420 3117 gloriam
435 3050 465 3101 et
478 3042 645 3119 aequitatem
654 3040 838 3120 judiciariam
852 3043 1091 3121 contemplantur,
1106 3051 1136 3103 et
1149 3043 1222 3102 alios
1235 3053 1343 3121 regunt
1358 3043 1440 3122 judi·

234 3117 288 3180 oio.
331 3120 367 3178 In
382 3122 509 3181 secunda
530 3122 623 3181 classe
637 3122 849 3182 Dorsinotionce
869 3132 974 3200 regunt
994 3123 1088 3182 officia
1102 3123 1302 3201 Angelorum3
1324 3125 1441 3184 Froe-

227 3207 316 3272 patua
329 3211 458 3278 praesunt
470 3201 586 3280 populis
599 3209 630 3261 et
648 3202 822 3280 provinciis;
843 3204 996 3262 Potestatar
1008 3210 1143 3262 codroent
1155 3203 1314 3281 potentiam
1329 3205 1441 3264 Diabo-

232 3276 336 3338 lorum.
359 3279 396 3337 In
409 3281 495 3340 tertia
509 3283 629 3340 Virtutm
642 3281 751 3341 habent
765 3282 820 3340 sibi
833 3281 995 3359 delegatam
1006 3283 1202 3360 operationem
1215 3284 1439 3362 miraculorum

232 3355 407 3434 Archangeli
417 3361 629 3419 nunciationem
644 3361 675 3418 in
689 3362 848 3438 majoribus
861 3362 1004 3440 negotiis3
1026 3365 1130 3439 Angcli
1140 3363 1171 3421 iu
1184 3363 1353 3424 minoribus
1389 3365 1439 3424 Ita

232 3441 328 3492 autem
343 3435 483 3513 distingui
497 3446 581 3515 putat
594 3440 728 3517 Angelos
747 3441 924 3518 pretatione
938 3442 1120 3520 cognitionis,
1135 3441 1214 3520 quod
1228 3444 1312 3522 primi
1326 3443 1437 3504 ordinis

233 3513 343 3589 Angeli
366 3515 460 3574 Deum
482 3517 655 3594 intueantur,
678 3527 708 3579 et
728 3540 765 3578 ox
788 3521 843 3579 Dei
865 3522 1106 3600 contemplatione
1128 3523 1289 3601 percipiant
1310 3525 1439 3585 rationes

232 3611 345 3669 rerum;
378 3593 503 3653 Secundi
528 3615 598 3655 vero
621 3597 731 3657 ordinis
755 3610 932 3676 cognoscant
954 3621 1056 3661 causas
1077 3603 1257 3662 universales
1278 3604 1440 3664 secundum

233 3673 346 3750 Deum;
369 3673 460 3734 'l'ertii
474 3695 544 3734 vero
559 3675 668 3736 ordinis
686 3677 825 3755 colligant
845 3699 948 3740 causas
968 3701 1072 3758 rerum,
1094 3681 1240 3760 quomodo
1260 3683 1441 3760 colliguntur

232 3771 270 3812 ex
293 3753 522 3814 consideratione
546 3775 696 3816 csumrum
721 3759 925 3836 proximarum,
951 3780 1017 3838 quse
1037 3761 1225 3840 particulares
1245 3758 1323 3822 sunt.
1366 3757 1439 3838 Qui·

233 3833 330 3892 omnia
349 3833 505 3912 praedictum
519 3836 672 3912 Dionysius
691 3837 780 3896 habet
794 3839 839 3898 ot.
854 3841 890 3900 de
902 3841 1025 3901 Hicror.
1040 3843 1147 3916 ooeloed,
1169 3863 1190 3900 a
1207 3861 1265 3920 quo
1279 3845 1438 3903 Dumnaco-

231 3933 292 3986 πω,
311 3915 451 3992 Magnter
469 3917 684 4004 &mmmm
707 3919 836 3995 Thomas,
858 3927 888 3978 et
907 3921 1073 3980 Scholaaoci
1091 3940 1191 4006 omues
1211 3921 1313 3980 eadem
1334 3923 1438 4004 hause-

234 4001 310 4052 runt.
482 4001 486 4006 '

273 4071 329 4132 IV.
352 4073 443 4134 Hisce
457 4095 527 4135 vero
544 4077 607 4155 jam
626 4077 816 4155 praeluserant
835 4078 943 4155 Judaei,
966 4081 1017 4158 qni
1037 4080 1137 4140 itidem
1158 4081 1188 4140 in
1201 4081 1300 4140 varios
1321 4081 1438 4142 ordines

232 4149 365 4229 Angelos
385 4154 525 4230 tribuunt,
545 4155 645 4215 docem
658 4177 758 4217 eorum
773 4159 959 4218 Hierarchias
974 4161 1190 4236 constituentes,
1213 4161 1264 4238 qui
1285 4163 1437 4239 sapientia,

230 4229 381 4323 digpitate,
405 4241 435 4292 et
458 4243 600 4311 potestate
623 4236 660 4295 ab
684 4236 809 4296 invicem
830 4237 890 4298 sint
911 4239 1039 4312 discreti,
1065 4259 1186 4318 quorum
1212 4237 1339 4319 supremi
1364 4241 1439 4301 inira

231 4309 344 4373 Sohum
365 4313 525 4373 ma‘estatis
546 4315 612 4390 sint,
635 4315 726 4374 infimi
740 4337 809 4376 vero
828 4337 894 4377 oum
915 4318 1081 4379 hominibus
1094 4329 1310 4396 conversentur,
1327 4329 1358 4380 at
1370 4339 1436 4380 cum

229 4332 445 4486 iiauliquaudo
463 4392 627 4486 loquantur.
670 4395 709 4454 Et
732 4395 807 4456 inter
827 4399 995 4474 superiores,
1018 4417 1092 4476 qnos
1105 4400 1210 4494 nolunt
1231 4399 1364 4496 denotati
1385 4415 1437 4479 per

223 4473 848 4631 reintraturum
860 4479 1088 4618 gagg
1096 4481 1437 4638 esurirunt

224 4621 341 4678 αᾱείανι
354 4643 452 4684 coram
465 4647 505 4705 eo,
521 4638 551 4691 at
563 4631 771 4708 uideresooim
784 4637 854 4712 ejus,
867 4637 1042 4714 pertendunt
1060 4638 1124 4704 dari
1143 4648 1254 4718 sepiem
1272 4640 1434 4718 ΡΜῙΡῚΝ
