3158 5190
239 363 294 422 108
707 375 798 420 uoous
813 375 972 420 escuuous.
1247 357 1367 438 [auser.
1382 377 1428 419 m.

236 541 333 582 ranam
346 527 375 582 et
388 526 559 598 punctorum
573 517 631 577 imo
645 527 675 577 et
688 538 793 578 vocum
815 519 1000 596 integrarum,
1016 516 1131 594 quando
1152 536 1255 576 seusus
1275 517 1359 576 nobis
1379 538 1431 577 uon

236 601 352 660 videtur
374 598 541 658 commodus
565 617 602 658 ex
627 597 751 658 lectione
772 597 924 675 hodierna3
956 597 1036 675 quod
1058 596 1097 657 V.
1122 596 1160 655 D.
1182 596 1342 676 pertendit;
1377 597 1432 657 llos

237 700 273 740 ne
313 699 386 738 mus.

275 701 350 818 Vll.
380 755 520 816 Rationes
540 765 615 834 suut,
640 759 666 816 1.
688 755 763 832 Quia
783 775 821 816 ex
842 756 896 816 hac
915 756 1070 834 hypothesi
1092 755 1222 833 sequitur
1242 755 1355 814 nullum
1376 755 1433 815 dari

237 839 362 898 'lentum
383 837 587 913 authenticum,
610 838 640 894 in
660 855 718 914 quo
738 835 811 896 fides
831 836 947 895 omnino
968 837 1149 912 acquiescere
1169 836 1280 912 possit;
1303 836 1379 893 Nam
1392 836 1435 894 vel

237 927 313 978 esset
328 917 428 977 Codex
436 916 592 975 hodiernus
602 916 784 976 Hebraicus:
799 915 850 974 sed
861 915 964 974 exista
975 915 1117 975 sententia
1129 915 1225 974 locum
1239 923 1434 974 tenettantum

237 999 323 1057 unius
338 995 529 1074 Exemplaris,
544 1005 574 1054 et
593 996 644 1054 illa
658 994 774 1054 demum
787 995 872 1054 lectio
886 995 986 1053 haberi
1005 1001 1102 1072 potest
1114 1014 1167 1072 pro
1181 994 1348 1054 authentico
1362 993 1435 1054 fonte

238 1077 373 1151 Hebrae0,
395 1075 446 1134 ubi
466 1075 563 1134 nullus
581 1083 626 1134 est
645 1076 720 1134 inter
735 1076 910 1152 Interpretes
924 1074 1072 1133 dissensus
1086 1094 1103 1132 a
1118 1074 1223 1134 Codice
1243 1072 1393 1150 hodierno,
1406 1083 1438 1134 ut

238 1156 279 1216 ait
293 1157 331 1216 V.
347 1156 384 1214 D.
407 1155 513 1232 Apolo.
535 1163 611 1214 cont.
633 1154 778 1230 Bootium‚
800 1173 866 1231 pag.
884 1157 930 1212 17.
972 1154 1030 1213 Vel
1051 1152 1173 1212 Codices
1194 1153 1245 1211 alii
1266 1154 1374 1232 quibus
1395 1154 1437 1212 usi

238 1243 427 1296 suntveteres
441 1235 634 1312 Interpretes;
658 1234 716 1294 Sed
730 1233 1007 1311 praeterquamquod
1021 1233 1112 1309 gratis
1119 1233 1238 1310 fingitur
1248 1253 1299 1292 eos
1310 1232 1439 1292 diversos

237 1315 326 1374 fuisse
340 1335 358 1373 a
369 1313 474 1374 Codice
488 1312 635 1390 hodierno,
651 1313 729 1390 quod
743 1321 787 1372 est
800 1313 864 1390 ejus
878 1317 973 1393 πςὸτοι
982 1309 1081 1386 aa«,
1093 1321 1126 1372 ut
1138 1321 1240 1389 postea
1253 1312 1437 1390 probabitur;

237 1395 307 1454 licet
319 1395 375 1454 hoc
388 1393 432 1451 illi
446 1392 569 1468 daretur,
591 1412 650 1451 non
669 1400 788 1470 possent
805 1401 903 1451 mmen
923 1413 1000 1452 nunc
1019 1393 1107 1451 fidem
1127 1392 1229 1468 lacere,
1244 1392 1314 1468 quia
1328 1390 1437 1451 deside·

237 1484 345 1550 rantur,
369 1493 422 1532 nec
444 1473 568 1550 amplius
589 1480 690 1532 extant
711 1473 823 1549 uspiam
845 1473 901 1531 nisi
923 1473 953 1531 in
974 1473 1031 1532 ista
1050 1472 1201 1546 Versione,
1224 1491 1290 1548 quae
1314 1490 1381 1530 eum
1403 1473 1442 1532 sit

237 1555 363 1612 humens
376 1562 406 1613 et
426 1551 564 1628 lallibilis,
585 1571 643 1610 non
665 1559 761 1630 potest
782 1551 918 1611 Codicem
938 1552 1135 1612 authenticum
1155 1551 1284 1610 reddere.
1329 1551 1440 1610 Deinde

238 1635 303 1711 quis
326 1632 413 1691 fidem
434 1631 528 1692 fecere
550 1632 665 1709 poterit,
682 1631 786 1690 LXX.
800 1630 966 1690 fidelissime
980 1640 1094 1691 secutos
1113 1630 1201 1690 husee
1216 1649 1300 1690 suurn
1315 1631 1440 1690 Textum

239 1713 405 1788 Hebraeum,
420 1721 450 1771 et
462 1711 588 1771 Textum
603 1711 738 1772 Graecum
758 1710 809 1790 qui
826 1710 912 1770 hodie
932 1711 1040 1790 legitur
1058 1711 1234 1791 ipsissimum
1247 1730 1313 1770 cese
1327 1729 1394 1770 cum
1407 1730 1441 1770 co

237 1812 324 1872 quem
338 1792 442 1850 LXX.
457 1793 635 1850 exararunt?

278 1871 369 1932 VIII.
392 1875 419 1932 2.
443 1870 476 1931 Si
495 1870 695 1949 discrepantiae
709 1889 808 1930 omnes
821 1869 997 1930 Versionum
1009 1877 1140 1930 vetemm
1154 1890 1172 1928 a
1185 1869 1281 1928 Texta
1301 1869 1442 1930 hodierno

238 1959 335 2012 essent
354 1951 475 2011 totidem
489 1951 577 2010 variae
597 1951 735 2011 lectiones
750 1951 888 2010 Codicum
903 1950 1093 2009 Hebraeorum
1114 1949 1294 2008 diversorum
1309 1970 1327 2008 a
1344 1959 1443 2008 nostro

238 2031 344 2109 quibus
357 2032 402 2091 usi
418 2037 485 2092 sunt
506 2031 699 2109 Interpretes3
721 2031 780 2090 Cur
792 2031 893 2090 talium
908 2029 1046 2090 Codicum
1059 2029 1140 2088 uarlla
1153 2029 1291 2088 remansit
1305 2029 1444 2088 memoria

238 2111 316 2190 apud
336 2112 467 2186 Veteres,
490 2119 521 2170 et
543 2111 624 2170 nulla
644 2119 712 2170 sunt
731 2111 856 2188 vestigia
876 2109 953 2188 apud
974 2109 1124 2185 Hebraeos,
1147 2108 1197 2187 qui
1220 2127 1237 2167 a
1259 2109 1361 2168 multis
1381 2109 1444 2187 jam

230 2192 345 2250 seculis
361 2199 421 2250 tam
442 2190 596 2266 diligentes
615 2189 732 2248 fiaenmt
752 2189 781 2247 in
802 2190 928 2248 minimis
949 2189 1036 2248 etiam
1049 2187 1237 2248 varictatibus
1251 2189 1445 2248 observandis

239 2281 269 2330 et
282 2269 462 2346 colligendis,
477 2269 520 2327 uti
534 2269 638 2327 docent
652 2269 847 2345 discrepantes
861 2269 1000 2329 lectiones
1014 2269 1078 2327 Ben
1093 2268 1207 2327 Ascher
1220 2275 1250 2327 et
1264 2268 1329 2326 Ben
1344 2269 1443 2346 Neph-

238 2349 298 2423 talr',
315 2349 503 2408 Orientalium
517 2356 546 2406 et
561 2346 812 2407 occidentalium?
852 2349 923 2422 Quis
940 2347 1016 2407 euim
1030 2347 1128 2407 eredat
1141 2349 1194 2407 has
1208 2348 1365 2406 varietates
1379 2367 1444 2425 quae

237 2427 358 2485 minoris
372 2435 439 2485 sunt
451 2426 589 2485 momenti
608 2426 787 2502 remansisse,
803 2435 833 2486 et
853 2427 918 2486 illas
932 2447 997 2504 quse
1011 2448 1049 2487 ex
1069 2428 1108 2487 V.
1131 2427 1343 2505 Interprctibus
1357 2426 1444 2486 hodie

239 2505 437 2581 observantur,
460 2505 500 2563 ita
520 2505 605 2582 plene
625 2505 805 2566 intercidisse
825 2515 859 2566 ut
878 2507 959 2566 nulla
973 2527 1071 2567 eorum
1086 2507 1210 2586 supersit
1229 2507 1392 2566 memoria?
1411 2515 1447 2566 ut

239 2585 315 2644 enim
336 2585 419 2662 plura
438 2583 554 2643 bierunt
567 2585 751 2662 exemplaria,
766 2586 870 2645 mirum
884 2595 929 2646 est
942 2587 1023 2646 nulla
1036 2586 1073 2645 ad
1087 2605 1245 2664 nasusque
1265 2586 1444 2664 pervenisse.

239 2670 267 2725 2.
292 2663 469 2742 Suppouitur
488 2662 579 2742 gretie
600 2663 695 2724 nullas
716 2685 779 2724 esse
800 2664 1055 2744 discrepantiamm
1075 2665 1195 2726 istarum
1216 2685 1319 2726 musas
1339 2675 1446 2744 praeter

239 2745 436 2803 diversitatem
449 2743 604 2819 Codicum3
619 2764 685 2803 cum
693 2744 758 2804 aliea
771 2745 869 2824 plures
877 2747 964 2824 longe
975 2747 1111 2806 certiores
1121 2755 1288 2822 occurrant,
1303 2747 1445 2823 quemad-

239 2823 356 2884 modum
378 2823 409 2881 iu
430 2823 577 2882 hodiernis
599 2823 791 2884 Versionibus
813 2826 888 2886 male
912 2827 978 2903 quis
999 2825 1149 2904 colligeret
1173 2826 1352 2903 Interpretes
1376 2845 1447 2886 usos

239 2903 328 2964 fuisso
341 2903 464 2964 diversis
479 2903 641 2980 Codicibus,
657 2905 725 2982 quia
739 2905 921 2965 diversitates
940 2906 1096 2965 innumerae
1103 2906 1329 2978 translationum
1344 2925 1447 2965 occur-

239 2993 315 3060 runt,
341 3004 406 3044 cum
430 2983 527 3044 nullus
549 2993 653 3062 praeter
675 2985 810 3045 Codicem
831 2985 1001 3044 hodiernum
1022 2993 1103 3045 extet
1123 3005 1161 3044 ex
1181 3005 1239 3063 quo
1260 2985 1345 3045 facte
1366 2995 1446 3046 suut.

240 3065 315 3124 Nam
329 3065 395 3143 quis
414 3065 509 3124 nescit
527 3084 578 3124 eos
598 3065 703 3144 saepius
724 3065 761 3125 ad
782 3085 898 3125 sensum
918 3065 1119 3144 potiusquam
1140 3065 1177 3123 ad
1191 3066 1281 3124 verba
1294 3065 1448 3126 attendere

238 3145 376 3223 potuisse,
401 3152 434 3204 ut
459 3145 580 3205 Hieron.
604 3164 663 3204 non
687 3147 776 3206 semel
800 3145 841 3204 ait
864 3145 900 3205 de
926 3145 1029 3204 LXX.
1055 3145 1287 3223 Interpretibus?
1330 3145 1447 3205 Deinde

238 3225 394 3301 aliquando
408 3225 600 3302 discrepantia
613 3227 707 3302 potuit
717 3225 785 3284 oriri
799 3225 836 3284 ab
846 3245 945 3284 eorum
959 3225 1101 3303 imperitia
1111 3225 1159 3284 vel
1173 3225 1360 3302 negligentia,
1376 3225 1449 3302 quia

238 3321 297 3362 nou
311 3304 381 3363 satis
395 3304 578 3363 attenderunt
592 3305 630 3362 ad
644 3306 741 3380 verba,
757 3305 833 3364 uude
847 3305 952 3382 saepius
973 3305 1104 3363 aberrare
1124 3313 1280 3382 potuerunt
1300 3305 1330 3362 in
1350 3305 1447 3364 literis

238 3389 269 3440 et
282 3381 403 3440 vocibus
417 3381 567 3458 similibus,
590 3385 677 3442 etiem
691 3385 753 3442 sine
767 3383 847 3442 vario
861 3384 977 3460 codiee;
1000 3393 1032 3444 ut
1045 3385 1145 3444 Hiero.
1160 3384 1216 3443 hoc
1228 3403 1288 3444 non
1302 3385 1392 3444 semel
1413 3384 1446 3444 iu

239 3459 297 3517 illis
311 3461 411 3538 carpit.
454 3463 483 3520 3.
505 3461 631 3520 Nimiam
651 3463 797 3521 licentiam
818 3471 972 3539 potuerunt
986 3464 1072 3522 etiam
1087 3483 1208 3539 sumere,
1223 3473 1256 3524 ut
1276 3463 1346 3524 licet
1359 3464 1447 3524 aliter

237 3539 368 3616 legerent
387 3539 418 3596 in
439 3558 491 3598 suo
512 3540 619 3616 codice,
640 3541 724 3600 aliter
743 3549 840 3600 tamen
860 3542 945 3600 nimis
959 3543 1096 3602 audacter
1108 3541 1269 3620 redderent,
1285 3543 1364 3621 quod
1385 3563 1447 3602 non

239 3619 309 3678 satis
325 3637 440 3678 sensum
455 3628 484 3678 et
497 3619 700 3678 cohaerentiam
713 3620 826 3680 Textus
847 3620 988 3682 Hebraici
1008 3631 1237 3701 assequerentur,
1253 3631 1361 3683 etcum
1382 3623 1447 3682 levi

238 3699 396 3758 mutatione
420 3717 536 3758 sensum
560 3717 646 3776 quem
668 3699 873 3759 existimabant
896 3703 1075 3762 commodius
1096 3701 1185 3762 fluere
1209 3703 1292 3780 sequi
1313 3703 1446 3762 mallent.

238 3782 267 3839 4.
280 3779 400 3839 Constat
413 3777 571 3839 Versioues
584 3779 680 3838 varias
694 3787 807 3840 veteres
820 3800 879 3840 non
893 3781 1016 3858 amplius
1029 3783 1103 3842 tales
1117 3801 1180 3842 esse
1194 3783 1295 3859 quales
1309 3782 1447 3860 primitus

238 3858 384 3919 adornate
397 3858 518 3935 fuerant,
534 3858 585 3918 sed
599 3859 703 3920 mirum
717 3859 748 3918 in
760 3860 878 3920 modum
892 3871 1040 3939 corruptas
1054 3869 1083 3921 et
1097 3862 1270 3936 immutatas,
1286 3872 1320 3923 ut
1333 3871 1448 3924 certum

238 3949 283 4000 est
303 3940 463 4018 praesertim
477 3939 514 3998 de
528 3939 631 3999 LXX.
647 3949 677 4000 et
690 3940 829 4018 Vulgata.
871 3943 898 4001 5.
922 3941 1141 4019 Exscriptorum
1155 3942 1308 4001 oscitantia
1324 3943 1373 4001 vel
1389 3942 1445 4001 im-

237 4020 341 4097 peritia
360 4020 423 4080 fieri
442 4020 544 4099 potuit,
560 4027 593 4080 ut
606 4020 705 4080 mirltae
718 4022 888 4100 corruptelae
908 4021 939 4080 in
952 4022 1110 4082 Versioues
1123 4020 1289 4100 irreperent,
1304 4043 1370 4101 quae
1383 4041 1446 4082 uon

238 4099 304 4159 ideo
318 4121 335 4159 a
349 4101 488 4161 varietate
503 4100 641 4160 Codicum
655 4109 725 4160 ortae
739 4110 815 4160 sunt.

280 4179 340 4239 IX.
362 4184 390 4240 3.
414 4181 462 4241 Sic
476 4181 633 4240 Versioues
647 4180 769 4240 Veteres
791 4180 1003 4258 aequiparantur
1023 4180 1130 4240 Textui
1150 4181 1302 4258 originali3
1325 4181 1447 4241 Namsi

238 4257 270 4315 iu
293 4261 427 4320 omuibus
450 4260 658 4339 discrepantiis,
681 4261 772 4321 nihilo
796 4261 890 4338 magis
908 4260 947 4320 V.
973 4261 1149 4339 Interpretes
1169 4261 1207 4320 ad
1227 4262 1354 4320 Textum
1375 4269 1446 4320 sunt

239 4339 432 4414 examinandi,
447 4360 534 4417 quam
554 4340 602 4400 hic
616 4340 654 4399 ecl
673 4341 748 4419 illos,
764 4340 816 4401 sed
829 4341 942 4418 utrique
956 4339 994 4398 ad
1007 4359 1188 4399 communem
1203 4341 1349 4400 Cenonem
1364 4361 1444 4399 com·

239 4415 376 4475 modioris
397 4437 498 4478 sensus
519 4421 577 4480 sint
597 4421 742 4498 exigendi,
765 4431 797 4481 ut
818 4421 868 4479 ille
888 4419 974 4479 lectio
988 4420 1094 4495 vincat,
1117 4439 1204 4497 quam
1225 4421 1320 4498 major
1340 4439 1445 4480 sensus

239 4495 440 4554 convenientia
449 4500 699 4574 commendaverit,
712 4501 774 4559 sive
788 4499 839 4558 illa
853 4500 987 4560 iu'l'cxtu
1002 4500 1137 4576 Hebraeo,
1154 4499 1257 4560 sivein
1268 4520 1445 4577 quocunque

239 4573 358 4632 istorum
374 4575 565 4668 Interpretum
587 4580 767 4656 inveniatur3
790 4580 877 4638 Nulla
891 4579 997 4638 Textui
1020 4579 1167 4640 Hebraico
1188 4599 1275 4657 supra
1296 4581 1334 4638 V.
1353 4580 1443 4640 inter·

238 4659 333 4730 pretes
354 4655 511 4716 authoritas
530 4657 708 4736 relinquitur,
729 4660 786 4720 nisi
804 4679 868 4738 quae
887 4679 904 4717 a
923 4659 1031 4736 majore
1051 4679 1152 4721 sensus
1171 4659 1375 4722 commoditate
1393 4679 1443 4738 pc-
