3044 5180
109 387 220 438 onnsr.
237 369 296 451 nn]
523 387 561 428 ns
575 388 872 430 rennns'rrrrsrronn.
1257 377 1314 435 309

108 531 161 589 iste
174 548 235 588 non
249 527 424 606 opponendu
435 535 510 606 sunt,
522 529 574 590 sed
587 528 798 608 componende;
822 529 897 588 Nem
911 549 948 590 ex
962 549 1021 607 que
1034 551 1129 590 messe
1142 531 1172 590 in
1187 540 1315 611 tempore

108 611 188 670 Deus
201 607 352 668 hominem
362 617 455 685 vocet,
471 629 508 668 ex
522 609 623 669 eedem
637 611 674 668 eb
685 618 792 669 eterno
806 629 872 669 eum
886 609 984 687 elegit,
996 618 1025 670 et
1035 611 1130 688 qunlis
1144 613 1315 673 obversetur

107 689 136 747 in
150 688 324 748 executione
333 687 450 764 decreti,
463 689 529 748 telis
543 688 644 749 debuit
654 690 718 749 Deo
727 689 814 767 objici
828 691 858 748 in
869 689 932 767 ipso
943 690 1076 750 decreto:
1092 691 1153 750 Nec
1163 701 1315 770 propterea

107 787 224 828 neeesse
246 775 292 827 est
313 768 437 827 eundem
451 787 515 827 esse
534 769 701 829 intentionis
721 778 751 829 et
771 769 950 828 executionis
971 769 1109 846 ordinem,
1132 771 1185 830 sed
1201 779 1314 832 tentum

107 848 183 907 idem
200 867 266 908 esse
278 847 434 926 utrobique
447 847 594 925 objectum
605 849 764 908 vocationis
778 857 807 908 et
821 848 984 926 electionis3
1000 856 1032 909 ιιι
1045 871 1083 910 ex
1097 870 1132 908 eo
1146 851 1219 911 bene
1233 853 1314 911 oolli-

107 937 193 1005 getur
207 927 277 1004 eligi
292 927 438 986 hominem
452 936 640 1004 peccatorem,
656 929 724 1006 quie
737 937 771 988 ut
783 928 851 989 telis
864 936 994 989 vocetur.

148 1007 242 1066 XVI.
266 1005 380 1066 Deinde
395 1007 509 1066 Electio
521 1007 669 1067 hominum
683 1008 717 1068 fit
737 1008 767 1066 in
782 1008 905 1084 Christo,
922 1009 1030 1087 Ephes.
1045 1009 1064 1068 i.
1079 1013 1107 1086 4,
1128 1011 1209 1088 Ergo
1221 1011 1315 1072 homi-

105 1086 543 1244 3221ιὲ22282
553 1087 921 1246 Ἓᾷῗῗέορὲἓέὶιῖἰῗὲἷ
926 1089 1137 1229 dirimit
1144 1089 1304 1232 ‘liminii
1305 1137 1314 1167 '

106 1247 164 1321 bet,
180 1247 250 1323 eb'pi
261 1247 292 1305 in
307 1246 428 1322 Christo,
441 1247 516 1305 nihil
533 1213 613 1307 iliud
626 1267 690 1307 esse
704 1267 790 1324 quem
807 1269 864 1324 per
879 1248 1029 1322 Christum,
1045 1268 1103 1308 non
1117 1259 1150 1309 ut
1169 1190 1313 1330 lieidlemp·

104 1335 208 1402 torem,
225 1325 278 1386 sod
292 1335 325 1385 ut
340 1327 443 1402 Deum,
459 1335 491 1386 ut
508 1335 631 1402 notetur,
646 1347 705 1386 non
718 1326 853 1402 medium,
874 1328 928 1387 sed
943 1347 1030 1388 ceusu
1048 1329 1215 1407 principalis
1230 1331 1314 1390 Elec·

105 1405 204 1465 tionis.
250 1405 325 1464 Nem
346 1405 414 1465 licet
434 1425 492 1464 non
506 1405 672 1484 negandum
693 1407 731 1467 sit
745 1406 900 1484 Christum,
915 1415 948 1467 ut
962 1408 1066 1484 Deum,
1082 1429 1146 1468 esse
1164 1411 1313 1469 authorem

107 1485 271 1546 Electionis
285 1493 400 1560 nostrae,
415 1505 474 1544 non
487 1505 572 1563 posse
587 1493 684 1545 temen
704 1487 759 1544 hoc
780 1486 844 1546 loco
859 1487 900 1546 sic
913 1487 1039 1565 intelligi
1058 1497 1147 1566 petet.
1192 1493 1218 1549 1.
1241 1490 1315 1565 Quis

105 1585 141 1624 eo
154 1565 245 1624 modo
259 1565 344 1624 electi
358 1565 481 1625 dicimur
499 1565 529 1624 in
544 1566 668 1642 Christo,
684 1566 828 1644 quomodo
842 1567 966 1627 dicimur
986 1567 1016 1625 in
1037 1567 1101 1645 ipso
1114 1568 1269 1644 benedicti,
1285 1579 1314 1630 et

104 1644 260 1722 redempti,
282 1665 311 1704 v.
327 1647 387 1704 3ot
401 1649 428 1704 7.
475 1645 517 1704 At
536 1646 593 1704 hoc
607 1644 644 1704 de
658 1646 781 1721 Christo,
797 1666 856 1705 non
876 1655 909 1706 ut
924 1647 988 1706 Deo
1009 1647 1186 1726 simpliciter,
1209 1649 1262 1708 sed
1281 1659 1315 1710 ut

106 1724 305 1802 Redemptore
318 1724 444 1802 intelligi
457 1724 552 1785 debet.
583 1729 611 1785 2.
627 1725 819 1786 Confirmstur
832 1745 870 1784 ex
884 1726 948 1785 loco
963 1727 1110 1803 parallelo,
1126 1731 1144 1786 2
1160 1727 1235 1787 Tim.
1249 1727 1269 1788 i.
1284 1731 1312 1804 9,

104 1805 158 1863 uhi
178 1804 274 1882 gretie
295 1803 379 1863 nobis
392 1804 498 1864 dicitur
511 1805 580 1865 dete
599 1813 666 1865 ente
686 1813 816 1882 tempore
836 1805 977 1865 secularis
997 1806 1027 1862 in
1041 1806 1165 1882 ChrIsto,
1186 1827 1244 1866 non
1258 1809 1313 1868 uti-

105 1883 165 1961 qn'e
178 1893 213 1944 nt
229 1884 293 1943 Deo
307 1883 483 1960 simpliciter,
499 1884 551 1944 sed
564 1891 597 1944 ιιι
611 1884 782 1944 Μιάἰιιοιο.
824 1887 852 1944 3.
868 1885 942 1944 Tota
962 1884 1051 1944 series
1072 1886 1183 1963 cepitis,
1198 1907 1256 1964 quo
1271 1908 1313 1947 re-

107 1973 266 2023 censentur
279 1963 420 2023 beneficis
433 1965 570 2024 emutatis
578 1964 634 2023 Dei
648 1965 678 2022 in
689 1983 743 2022 nos
757 1963 863 2024 collate
875 1983 927 2040 per
936 1963 1092 2038 Christum,
1105 1965 1215 2026 evincit
1228 1965 1265 2025 de
1279 1987 1314 2026 eo

105 2044 156 2121 egi
170 2042 228 2103 suh
241 2043 293 2102 ills
306 2043 397 2120 σῄηι,
412 2063 506 2121 neque
520 2043 658 2104 diffitetur
671 2045 733 2122 ipse
747 2045 834 2118 Bere,
844 2042 912 2102 licet
932 2043 1031 2120 primre
1046 2044 1196 2103 sententie
1216 2045 1314 2105 eddic-

106 2133 165 2198 tus,
181 2124 232 2200 qui
246 2129 275 2182 ri
289 2123 319 2182 in
332 2125 392 2200 pso
406 2123 483 2182 idern
496 2124 561 2183 vult
574 2144 637 2182 esse
651 2123 738 2201 quod,
754 2123 784 2181 in
797 2123 858 2199 ipso
871 2125 1058 2198 odopmndos.
1094 2123 1166 2182 Cum
1181 2143 1251 2201 ergo
1264 2144 1314 2184 ne-

103 2223 155 2262 mo
169 2203 264 2281 possit
284 2202 355 2280 eligi
368 2203 406 2262 ed
419 2203 540 2264 sulutem
554 2223 606 2281 per
615 2204 761 2262 Christum
770 2201 1010 2280 consequendum,
1021 2200 1079 2260 nisi
1091 2203 1143 2279 qui
1156 2203 1316 2281 concipitur

105 2291 140 2342 ut
154 2281 288 2360 perditus
301 2291 331 2342 et
344 2283 447 2360 miser;
473 2303 589 2342 necesse
604 2291 648 2343 est
667 2283 812 2360 objectum
826 2281 905 2341 illius
920 2281 1078 2342 illectionis
1092 2301 1156 2341 esse
1169 2283 1314 2343 hominem

139 2382 260 2502 Ἧι
274 2443 383 2520 Tertio,
396 2443 495 2504 Messe
509 2443 544 2503 de
556 2463 615 2521 que
627 2442 735 2503 Paulus
748 2442 885 2522 loquitur.
899 2443 983 2503 Rom.
994 2442 1035 2502 ix.
1051 2445 1099 2518 21,
1112 2451 1157 2503 est
1167 2443 1313 2522 objectum

107 2522 388 2582 Prredestinetionis.
418 2522 461 2583 At
474 2543 532 2582 non
546 2523 603 2582 elie
613 2532 658 2582 est
671 2543 758 2600 quem
771 2544 866 2583 marsa
879 2532 1024 2600 corrupta,
1042 2527 1068 2582 1.
1084 2523 1158 2599 Quia
1171 2543 1207 2583 ee
1219 2544 1315 2584 meses

104 2603 292 2680 intelligitur,
304 2620 342 2661 ex
356 2622 413 2680 que
426 2602 499 2662 fiunt
512 2623 583 2662 vese
597 2603 809 2680 misericordius,
829 2612 859 2662 et
872 2623 943 2662 vase
956 2603 1015 2680 ire,
1030 2601 1082 2662 illc
1095 2603 1133 2662 ed
1146 2602 1243 2679 decus,
1259 2605 1316 2663 ists

105 2682 147 2741 ed
161 2681 298 2758 dedecus,
313 2702 343 2741 v.
358 2686 406 2758 21,
421 2687 470 2759 22,
485 2685 524 2742 23
537 2704 544 2758 ;
566 2683 610 2741 irc
623 2683 699 2742 enim
713 2691 743 2742 et
756 2683 961 2742 misericordis¹
973 2684 1136 2742 necessario
1149 2693 1315 2761 supponunt

282 2770 312 2821 et
330 2761 485 2822 miserium.
516 2767 545 2822 2.
568 2762 625 2821 Ille
637 2781 734 2822 messe
751 2762 931 2840 intelligitur,
951 2783 989 2822 ex
1006 2782 1064 2839 que
1082 2763 1227 2840 desumpti
1247 2773 1316 2822 sunt

105 2843 231 2900 Isnecus
251 2851 281 2902 et
295 2841 408 2916 Isme'el,
423 2841 554 2902 Jacobus
574 2851 604 2902 et
618 2843 741 2918 Essvus,
757 2842 807 2919 qui
826 2850 1025 2920 proponuntur
1038 2842 1068 2900 in
1082 2841 1248 2920 exemplum
1266 2844 1314 2902 vel

106 2921 271 2981 Electionis
284 2922 427 3000 gretnitse,
442 2922 491 2980 vel
504 2921 668 2999 rejectionis
679 2923 767 3000 juste
781 2931 811 2982 et
823 2922 931 2981 liberae.
947 2920 990 2979 At
1003 2921 1070 2980 telis
1083 2929 1129 2980 est
1142 2939 1238 2980 messe
1251 2941 1314 2981 cor·

104 3009 203 3079 rupte
215 3001 285 3078 quie
297 3001 426 3079 loquitur
435 3001 472 3061 de
486 3001 618 3079 gemellis
630 3001 661 3059 in
672 3010 754 3061 utero
768 3001 923 3078 conceptis,
934 3019 962 3057 v.
971 3003 1017 3074 ll,
1029 3008 1059 3058 et
1071 3019 1124 3076 per
1136 3019 1316 3077 consequens
1396 3005 1400 3014 '

106 3082 319 3159 peccatoribus.
354 3084 383 3140 3.
399 3081 443 3139 Ee
462 3101 558 3140 messe
578 3081 750 3158 intelligitur
771 3079 801 3138 in
821 3099 880 3156 que
900 3078 1031 3136 homines
1048 3077 1179 3155 jacentes
1193 3088 1315 3154 possunt

106 3160 179 3220 odio
191 3161 324 3220 haberis
338 3161 410 3235 Deo,
431 3169 465 3220 ut
479 3161 603 3220 Esovus.
639 3160 683 3219 At
702 3160 770 3218 telis
783 3158 870 3218 debet
890 3177 954 3216 esse
972 3175 1068 3216 messe
1088 3165 1230 3234 corrupta,
1246 3159 1316 3235 quie

106 3260 169 3300 non
182 3241 325 3318 potuisset
339 3241 420 3299 Deus
433 3249 593 3300 creaturum
606 3259 707 3318 purem
722 3246 751 3298 ct
765 3240 907 3316 integrum
921 3236 1027 3296 odisse.
1048 3239 1077 3296 4.
1093 3235 1150 3294 Ille
1163 3255 1259 3296 messe
1271 3238 1314 3296 in·

105 3320 261 3397 telligitur,
277 3339 315 3378 ex
329 3339 387 3398 qus
401 3319 514 3380 Pherae
528 3321 683 3380 suscitatus
704 3328 749 3378 est
768 3338 786 3377 s
803 3319 866 3377 Deo
885 3317 924 3376 cd
937 3314 1144 3376 ostendendum
1157 3317 1315 3394 potentium

104 3399 612 3540 gfflusssgtssgffitsspr
626 3396 1216 3538 iiliihimiiiitiui‘iiriigh
1227 3396 1316 3539 idi

105 3579 175 3620 cern
195 3498 730 3697 mocrdmperditiorrii,etb9gidt105,
751 3523 859 3633 ιιἰᾏιιίι
872 3557 1008 3617 universe
1020 3522 1085 3616 ists
1104 3497 1200 3616 meede
1213 3559 1316 3618 merito

106 3639 248 3698 dnmnets
261 3646 314 3713 est,
330 3638 533 3698 contumelium
547 3637 583 3698 de
605 3638 675 3698 item
688 3637 783 3698 reddit
800 3637 924 3716 justitie,
944 3638 1084 3697 honorem
1098 3637 1188 3697 donst
1204 3636 1314 3696 indebi-

106 3729 172 3778 tum
180 3719 305 3796 gratis?
317 3726 347 3777 et
355 3727 464 3794 postes,
477 3721 680 3777 “exeumesse
688 3717 757 3777 fecti
767 3725 842 3793 sunt,
850 3737 936 3795 quem
945 3725 1062 3794 propter
1071 3717 1157 3775 unius
1165 3725 1315 3793 peccatum

107 3799 214 3858 merito
229 3799 311 3858 Deus
320 3799 457 3876 justeque
471 3797 649 3857 domnevit’'
692 3796 775 3856 Idem
788 3797 891 3857 usserit
903 3795 934 3855 li.
949 3801 977 3872 2,
990 3805 1066 3856 cont.
1081 3794 1154 3854 dues
1169 3795 1316 3872 Epistolcs

109 3877 224 3954 Pelegi
240 3883 270 3936 et
283 3877 315 3936 li.
329 3897 359 3936 v.
374 3877 406 3935 in
419 3877 510 3937 Julie.
526 3897 551 3936 c.
562 3877 613 3937 vii.

151 3957 278 4016 XVIII.
301 3957 502 4035 Nequicqunm
515 3956 689 4017 obtenditur.
713 3959 739 4016 1.
762 3956 891 4015 Moesum
910 3953 959 4013 hic
979 3953 1103 4030 intelligi
1123 3971 1233 4029 purum,
1248 3951 1317 4030 quie

130 4037 193 4098 ueri
215 4036 373 4096 nihildum
386 4036 455 4096 boni
469 4038 518 4096 vel
531 4037 598 4096 meli
617 4036 751 4112 fecerent,
768 4056 796 4094 v.
813 4038 859 4093 ll.
876 4035 912 4092 R.
927 4033 996 4110 quie
1011 4052 1070 4090 non
1087 4031 1222 4090 dicuntur
1243 4031 1316 4090 nihil

109 4058 180 4176 loni
190 4117 239 4176 vel
254 4116 324 4176 meli
337 4115 440 4176 fecisse
454 4116 595 4192 absolute,
612 4115 768 4196 (siquidem
782 4114 879 4191 agitur
892 4113 928 4171 de
943 4111 1001 4170 illis
1011 4120 1044 4170 ut
1052 4110 1199 4186 conceptis
1213 4110 1243 4167 in
1253 4119 1315 4170 ute·

112 4217 145 4256 ro
157 4219 164 4272 ;
188 4197 269 4275 Ergo
280 4197 343 4274 jem
357 4195 556 4275 peccatoribus
568 4195 590 4277 r)
614 4195 673 4256 Sed
687 4201 850 4272 comperete
863 4192 939 4251 inter
952 4210 992 4265 se,
1007 4188 1080 4248 nihil
1093 4189 1162 4248 boni
1176 4189 1224 4247 vel
1237 4189 1315 4267 moli,

107 4297 167 4354 quo
181 4277 259 4336 inter
279 4297 311 4336 se
325 4275 589 4354 distinguerentur,
611 4275 684 4334 nihil
697 4273 767 4333 boni
780 4273 887 4332 feceret
899 4270 1030 4331 Jecohus
1046 4289 1105 4346 pre
1119 4269 1217 4328 Eesvo
1231 4289 1315 4347 prop·

109 4366 155 4416 ter
174 4355 253 4434 qnod
275 4356 439 4434 eligeretur,
455 4357 528 4414 nihil
548 4355 618 4415 muli
631 4355 739 4414 feceret
755 4353 870 4412 Esevus
890 4369 950 4428 prm
963 4349 1087 4424 Jseobo,
1101 4355 1218 4425 propter
1238 4349 1316 4426 quod

110 4436 322 4514 reproberetur,
333 4455 418 4512 peres
431 4436 508 4496 enim
522 4445 605 4496 erent
617 4433 713 4512 quoed
727 4432 832 4492 omnis.
875 4431 922 4490 Ite
932 4428 1078 4488 distinctio
1092 4427 1178 4488 unius
1192 4429 1229 4487 sb
1249 4428 1315 4503 elio,

111 4536 169 4575 non
183 4517 279 4594 potuit
300 4515 417 4575 eliunde
437 4515 505 4575 oriri
519 4535 606 4594 quem
620 4535 638 4574 e
658 4515 722 4574 sols
735 4513 791 4572 Dei
805 4509 911 4589 eiluein,
932 4518 961 4568 ut
977 4510 1154 4586 propositam
1167 4511 1316 4568 scendum

112 4597 285 4656 Elechbncm
291 4597 412 4675 firmum
423 4605 557 4671 moeret,
570 4617 626 4655 non
640 4615 676 4655 er
690 4595 827 4670 operibus,
839 4595 890 4652 sed
902 4611 938 4650 ee
951 4598 1074 4663 curante,
1087 4609 1115 4647 v.
1129 4591 1175 4646 ll.
1197 4592 1225 4647 2.
1237 4589 1314 4648 Mes·

111 4695 171 4735 sem
185 4676 283 4736 noteri
298 4695 336 4734 ex
350 4695 406 4752 que
421 4675 494 4736 fiunt
507 4696 578 4736 vnse
599 4675 636 4734 nd
650 4673 775 4733 dedecus
787 4697 794 4750 ;
824 4692 892 4750 ergo
914 4690 972 4730 uon
986 4678 1157 4748 corruptum,
1178 4667 1229 4728 sed
1243 4669 1316 4728 inte·
