3250 5176
156 380 271 431 semar.
286 357 332 442 m]
653 379 693 421 nii
707 381 814 422 nisano
829 381 978 422 iuairmo.
1302 365 1360 422 619

155 531 221 582 tur:
242 523 284 581 ita
297 542 355 581 non
369 520 537 599 simpliciter
551 522 621 582 dicit
635 511 759 598 ιῦσιιὲεῖπ,
776 523 827 582 sed
847 523 985 595 ἀγνοοῦντες
1005 524 1130 600 sinesin,
1153 531 1187 582 ut
1202 523 1359 582 vertitatem

157 603 253 664 cultus
266 603 393 680 ipsorum
407 610 518 678 arguat,
534 622 570 662 ne
584 603 650 680 quis
664 625 729 663 eum
744 603 918 662 adulationis
932 613 1089 662 accusarat.

198 683 254 741 VI.
277 682 319 742 Ut
329 681 470 741 Actiones
483 683 607 742 morales
622 683 782 743 Gentilium
795 703 854 742 non
868 691 937 742 sunt
944 693 1066 759 peecata
1084 703 1141 760 per
1154 703 1191 758 ae,
1213 691 1243 742 at
1263 682 1361 759 quoad

156 761 348 824 substantiam
362 763 465 839 operis,
481 762 533 822 sed
541 783 598 838 per
611 765 748 838 madens,
763 771 793 822 et
806 763 903 840 quoad
923 765 1036 822 modum
1050 765 1196 839 operandi,
1212 763 1243 821 ιιι
1262 763 1361 822 condi·

157 843 285 902 tionibus
299 843 510 916 essentialibus,
524 852 642 921 propter
655 844 752 903 varios
773 843 990 914 defectusenta
1011 851 1145 920 notatos;
1167 863 1226 902 non
1246 852 1362 921 propte·

157 943 208 982 rea
221 931 339 1001 prestat
353 942 401 982 eas
415 922 555 998 omittere,
571 943 658 1000 quam
672 933 817 1002 praestara,
833 944 869 982 ne
883 943 1054 1000 peccemns;
1077 923 1129 982 sed
1149 923 1246 1000 potius
1266 923 1361 982 defee-

158 1011 207 1064 tus
221 1001 327 1079 corrigi
341 1009 370 1060 et
384 1002 511 1079 suppleri
524 1003 640 1063 debent.
683 1003 754 1078 Quae
767 1023 819 1081 per
833 1023 864 1063 sa
878 1011 946 1062 sunt
959 1011 1109 1080 paccatas
1130 1003 1193 1062 Deo
1207 1003 1362 1081 prohibita,

157 1081 318 1141 omittenda
332 1090 413 1157 sunt;
429 1082 480 1140 sed
515 1103 559 1142 uae
572 1103 624 1160 par
637 1084 772 1144 accidens
785 1091 898 1143 tantum
912 1103 950 1142 ex
970 1083 1068 1160 aliquo
1082 1083 1362 1144 circumstantiarum

156 1162 282 1236 defectu,
297 1181 356 1219 non
370 1102 536 1237 omittenda
552 1163 604 1222 sed
618 1163 789 1241 corrigenda
803 1173 878 1223 suut

199 1240 274 1300 VII.
296 1241 410 1299 Merces
430 1249 543 1300 terrena
561 1243 697 1304 virtutem
719 1263 818 1303 veram
839 1251 869 1303 et
888 1262 961 1321 opus
980 1244 1089 1303 bonum
1102 1263 1161 1302 non
1175 1244 1280 1321 arguit,
1296 1243 1366 1320 quia

158 1342 218 1380 non
233 1321 290 1380 nisi
303 1340 398 1379 rarum
412 1321 584 1382 caducarum
603 1333 656 1400 est,
671 1344 744 1400 quas
759 1325 840 1383 Deus
853 1333 914 1382 tam
927 1324 1066 1400 reprobis,
1082 1343 1169 1400 quarn
1183 1325 1284 1382 electis
1297 1344 1363 1400 pro·

158 1402 269 1461 miscus
282 1400 424 1477 indulget.
465 1403 576 1479 Estque
596 1405 652 1462 hoc
673 1404 810 1463 eximium
830 1402 960 1462 iustitia
974 1402 1081 1460 diviriae
1103 1402 1315 1478 documentum,
1331 1411 1364 1461 nt

161 1483 264 1541 doceat
274 1490 413 1558 quantum
428 1480 483 1558 ipsi
497 1503 567 1542 vera
579 1484 672 1560 pietas
685 1482 807 1560 placeat,
823 1481 939 1558 quando
949 1501 1007 1540 non
1021 1490 1134 1541 tautum
1145 1501 1230 1539 veras
1240 1483 1364 1541 virtutos

162 1561 277 1622 aeternis
291 1561 424 1639 praemiis,
441 1561 593 1620 sedetiam
608 1562 747 1621 virtutum
762 1562 904 1637 imagines
925 1561 1132 1638 temporalibus
1152 1561 1301 1620 benefieiis
1321 1582 1365 1620 re-

160 1651 334 1716 muneratur,
350 1661 408 1699 nou
433 1641 543 1699 ratione
567 1641 735 1702 vitiositatis
757 1641 939 1716 adbaerentis,
956 1640 1007 1700 sed
1029 1641 1139 1700 ratione
1162 1641 1231 1701 boni
1254 1641 1367 1701 externi

162 1721 334 1800 apparentis,
349 1741 386 1780 ns
401 1720 488 1779 etiam
501 1720 633 1780 infideles
646 1722 772 1781 habeant
786 1721 864 1799 quod
878 1721 914 1780 de
930 1721 986 1780 Dei
996 1721 1110 1799 justitia
1124 1731 1345 1799 conquerantur.

203 1802 293 1861 VIII.
316 1803 389 1860 Cum
403 1800 520 1859 Aehabi
533 1802 703 1878 humiliatio,
713 1801 749 1862 de
760 1822 818 1878 qua
831 1804 845 1858 l
859 1802 934 1880 Rag.
945 1802 1006 1861 xxi.
1019 1805 1067 1877 ai,
1078 1803 1125 1877 28,
1135 1802 1221 1861 suerit
1232 1803 1368 1863 simulata

164 1891 194 1941 et
206 1882 394 1959 hypocritica,
410 1901 449 1940 ex
462 1880 614 1940 formidine
628 1903 721 1960 peenas
735 1883 840 1961 potius,
856 1901 942 1959 quam
957 1900 994 1940 eii
1015 1901 1112 1940 amore
1129 1883 1253 1958 virtutis,
1269 1903 1321 1960 per
1335 1903 1367 1942 se

163 1963 227 2021 Deo
240 1970 324 2039 grata
337 1981 401 2020 esse
415 1981 473 2020 non
486 1962 597 2039 potnit;
614 1963 675 2022 Nec
690 1964 771 2022 Deus
785 1963 828 2020 illi
840 1962 982 2020 concessit
995 1982 1088 2040 poenae
1097 1963 1177 2038 prius
1187 1962 1368 2022 denunciatus

164 2042 325 2101 absolutam
339 2041 546 2117 remissionem,
562 2042 614 2102 sed
627 2052 740 2103 tantum
751 2043 877 2119 aliquam
891 2041 1076 2117 dilationem
1092 2061 1150 2100 non
1164 2061 1222 2118 quo
1231 2051 1369 2102 testatum

163 2122 277 2198 faceret,
293 2130 438 2199 acceptam
454 2122 510 2182 sibi
524 2122 612 2182 fuisse
626 2123 739 2200 profani
754 2123 844 2200 Regis
866 2131 1015 2181 externam
1029 2121 1109 2180 illam
1128 2122 1366 2198 humiliationem,

162 2202 214 2260 aed
227 2210 259 2260 ut
273 2202 338 2260 aliis
352 2201 524 2278 ostenderet,
537 2202 608 2279 quid
627 2204 664 2262 sit
685 2203 897 2281 expectandum
918 2203 993 2261 serio
1017 2210 1047 2261 et
1070 2221 1109 2260 ex
1133 2200 1229 2260 animo
1251 2201 1367 2279 resipis-

161 2281 246 2340 eeuti.
263 2282 456 2340 Ninivitarum
471 2283 668 2360 resipiscentia
681 2303 740 2343 riori
753 2291 850 2360 potest
863 2282 998 2360 operibus
1008 2281 1198 2340 Ethnicorum
1207 2282 1366 2358 accenseri;

165 2381 232 2420 cum
246 2359 377 2422 dieantur
391 2361 429 2421 ad
443 2362 500 2420 Dei
518 2362 639 2421 verbum
660 2364 823 2442 resipuisse,
840 2371 869 2422 et
889 2383 926 2422 ex
947 2362 1016 2421 fidei
1035 2363 1066 2420 iu
1081 2361 1176 2421 Deum
1193 2361 1367 2440 operatione,

167 2460 232 2518 quae
246 2441 317 2519 ipsis
331 2462 468 2520 expresse
482 2442 625 2520 tribuitur,
641 2442 663 2502 J
665 2464 711 2503 on.
726 2444 767 2502 ιιι.
783 2446 811 2518 5,
826 2451 856 2502 et
870 2443 955 2502 Mati.
970 2443 1022 2501 xii.
1037 2445 1086 2500 41.

205 2521 264 2580 ΙΧ.
286 2521 431 2600 Quicquid
444 2543 528 2600 porro
543 2543 561 2582 a
575 2523 741 2584 Gentilibus
754 2523 916 2602 praestitum
936 2531 981 2582 est
1000 2523 1055 2582 hac
1076 2521 1106 2580 in
1126 2529 1216 2599 parte,
1231 2541 1290 2581 non
1311 2543 1368 2600 quo

162 2601 233 2660 aliis'
243 2603 385 2678 meliores,
401 2603 453 2662 sed
467 2603 569 2664 saltam
583 2603 679 2664 miuus
692 2603 762 2663 mali
775 2604 885 2680 fiarent,
900 2623 959 2662 non
977 2603 1074 2682 arguit
1093 2603 1220 2680 reliquas
1241 2603 1271 2661 in
1292 2601 1368 2680 ipso-

161 2701 226 2740 rum
240 2680 332 2739 libero
346 2683 463 2742 arbitrio
477 2684 555 2742 vires
568 2683 606 2743 ad
619 2685 735 2760 bonum,
751 2683 820 2761 quia
832 2704 869 2744 ne
883 2686 938 2743 hoe
958 2685 1076 2760 quidem
1097 2684 1159 2743 sine
1180 2683 1299 2760 speciali
1313 2683 1370 2742 Dei

162 2760 274 2818 auxilio
288 2759 350 2817 lieri
361 2762 463 2836 potuit.
499 2764 611 2841 Quippe
625 2766 650 2822 si
664 2765 714 2823 alii
727 2765 793 2822 aliis
802 2764 918 2824 fuerunt
929 2763 1366 2842 aequiboniqneretinentiores5

163 2840 189 2898 si
203 2839 294 2914 aliqui
315 2838 453 2914 doctrina,
468 2841 593 2918 ingenio,
609 2843 787 2918 fortitudine,
799 2844 914 2920 justitia
935 2854 964 2903 et
985 2844 1183 2920 temperantia,
1199 2844 1368 2920 caeterisque

163 2918 322 2979 virtutibus
335 2918 570 2994 antecelluerunt,
586 2931 619 2980 ut
632 2923 707 2980 inter
720 2923 800 2998 ipsos
815 2920 960 2980 Aristides
974 2922 1135 2981 celebratur
1154 2931 1271 2998 propter
1281 2923 1367 2998 justi·

164 3000 243 3074 tiam,
261 2998 358 3076 Scipio
373 3007 488 3075 propter
502 2999 716 3076 continentiam,
735 3001 868 3060 Socrates
881 3009 999 3077 propter
1009 3001 1188 3077 sapientiam,
1199 3001 1369 3059 Alexander

163 3089 280 3158 propter
303 3078 510 3154 fortitudinem,
526 3079 576 3137 alii
600 3090 717 3156 propter
737 3081 810 3138 alias
831 3079 962 3154 virtutes,
977 3099 1037 3138 non
1057 3079 1170 3137 meliori
1190 3089 1299 3138 naturae
1314 3081 1370 3139 iste

164 3159 317 3219 tribuenda
331 3166 406 3234 sunt,
423 3159 475 3217 sed
488 3167 626 3236 tanquam
638 3159 694 3218 Dei
704 3160 781 3219 dona
795 3159 980 3237 agnoscenda
994 3167 1069 3234 sunt,
1082 3159 1133 3236 qui
1142 3159 1215 3218 alios
1229 3161 1370 3236 permittit

165 3319 305 3379 Ethnieos
325 3320 381 3377 hoo
402 3319 494 3394 latuit,
510 3320 560 3396 qui
581 3329 772 3396 agnoverunt,
793 3322 915 3378 Virtutes
934 3341 991 3378 aori
1012 3320 1114 3395 ubsque
1135 3320 1228 3378 divino
1242 3320 1370 3378 instinctu

163 3400 269 3474 efflari,
285 3408 315 3457 ct
327 3402 434 3457 nullum
454 3419 578 3475 unquam
597 3400 690 3457 virum
709 3420 842 3477 maffeium
863 3400 984 3458 eetitim
1003 3399 1061 3457 aine
1081 3400 1181 3474 afflatu
1201 3401 1294 3458 diuino
1304 3425 1317 3474 ;
1338 3409 1371 3459 ut

164 3498 223 3536 non
238 3479 327 3536 semel
342 3479 435 3554 Plato,
447 3488 477 3538 et
490 3498 529 3537 ex
542 3499 577 3537 eo
587 3479 686 3539 Cicero
701 3480 798 3539 tradit.
821 3480 861 3538 Et
875 3481 948 3540 ratio
959 3480 1022 3556 ipsa
1035 3479 1198 3558 persuadet.
1225 3480 1283 3539 Cur
1293 3480 1369 3540 enim

166 3557 297 3616 Heroum
311 3557 364 3615 lilii
378 3567 437 3616 tam
451 3559 633 3636 degeneres?
655 3560 713 3619 Cur
727 3560 828 3619 eodem
842 3569 926 3638 partu
941 3560 1011 3618 editi
1025 3567 1085 3618 tam
1099 3559 1254 3619 dissimiles
1269 3581 1367 3619 ooour·

165 3639 283 3696 rerem?
318 3637 376 3695 Cur
396 3636 565 3698 educatione
580 3641 687 3716 optima
708 3640 820 3716 imbuti,
836 3640 977 3698 immanes
990 3639 1096 3698 belluae
1109 3639 1233 3698 fierent?
1274 3639 1370 3699 Causa

165 3737 235 3794 ergo
249 3717 423 3776 discriminis
437 3726 521 3776 istius
535 3739 594 3776 non
608 3719 725 3779 aliunde
738 3720 872 3796 petenda,
888 3739 975 3796 quam
995 3739 1014 3776 a
1028 3717 1084 3776 Dei
1098 3718 1288 3794 providentia,
1305 3739 1369 3796 quaa

165 3796 234 3855 dum
253 3797 325 3856 alios
350 3797 420 3856 sinit
443 3797 559 3874 impune
583 3799 709 3874 grassari
731 3799 761 3855 iri
784 3798 896 3873 quaevis
921 3797 1037 3869 scelera,
1054 3797 1126 3854 alios
1150 3797 1257 3874 injecto
1278 3797 1370 3856 veluti

166 3875 255 3935 fraeno
269 3880 380 3936 coercet
394 3885 423 3936 et
437 3877 575 3953 reprimit,
590 3897 627 3934 ne
641 3896 706 3935 euni
722 3877 833 3934 caeteris
843 3875 920 3933 laxis
933 3875 1054 3933 habenis
1065 3874 1195 3934 effraenes
1209 3876 1239 3933 iu
1253 3887 1371 3954 peccata

166 3967 268 4032 ruant;
293 3956 377 4017 Unde
392 3977 451 4016 nen
465 3964 533 4014 sunt
546 3975 713 4013 communes
727 3963 837 4013 naturae
852 3955 944 4028 dotes,
960 3954 1012 4013 sed
1027 3955 1167 4032 speciales
1182 3956 1237 4014 Dei
1260 3958 1369 4032 gratiae,

164 4057 237 4114 quas
251 4037 331 4095 varie
344 4036 510 4095 bominibus
524 4035 681 4113 dispensat,
694 4043 838 4112 quatenus
852 4034 989 4112 expedire
1003 4034 1085 4092 novit
1096 4034 1134 4092 ad
1144 4036 1372 4094 conservandam

164 4135 261 4174 rerum
275 4117 502 4176 universitatem.

208 4195 250 4253 X.
276 4195 491 4272 Qualiseunque
512 4196 543 4254 in
564 4195 697 4254 Ethnicis
718 4193 942 4272 deprehenditur
960 4194 1087 4272 cognitio
1110 4193 1175 4270 Dei,
1196 4215 1255 4254 non
1279 4203 1375 4274 potest

166 4273 274 4332 bonnm
288 4295 361 4351 opus
380 4276 499 4350 censeri,
520 4275 589 4352 quia
610 4275 634 4333 si
655 4274 866 4333 confitebantur
886 4293 943 4350 ore,
966 4275 1112 4352 negabant
1125 4295 1220 4352 opere.
1263 4274 1375 4335 Norant

167 4353 272 4427 Deum,
294 4351 346 4412 sad
366 4354 517 4413 veritatem
541 4355 572 4412 in
593 4354 736 4432 injustitia
757 4352 933 4425 detinebant,
956 4374 1010 4413 nec
1032 4375 1098 4414 eum
1120 4354 1320 4432 glorificabant
1342 4364 1374 4415 ut

168 4431 272 4506 Deum,
288 4432 377 4490 idest
391 4451 449 4490 non
463 4453 530 4492 vera
545 4443 656 4509 norant,
672 4443 701 4493 et
715 4433 777 4491 haee
792 4453 903 4492 summa
917 4433 1017 4493 delicti
1030 4443 1100 4510 erat,
1115 4435 1192 4493 nolle
1208 4455 1372 4512 agnoscere,

167 4529 254 4588 quem
268 4511 400 4586 ignorare
415 4530 472 4569 non
486 4521 627 4587 poterant,
643 4521 672 4571 et
686 4513 750 4571 loco
764 4513 850 4571 unius
865 4513 930 4588 Dei,
943 4533 1028 4589 quem
1040 4535 1077 4572 ex
1092 4515 1227 4593 operibus
1238 4515 1374 4591 colligere

166 4598 308 4670 poteraut,
334 4589 498 4647 innumeros
519 4590 575 4648 sibi
595 4591 714 4668 fingere.
757 4592 838 4650 Beue
859 4612 928 4668 ergo
951 4591 1042 4652 Athei
1063 4593 1208 4671 Apostolo
1230 4594 1374 4669 dicuntur,

167 4670 244 4748 Eph.
264 4669 294 4728 ιι.
312 4672 358 4747 12,
374 4689 439 4728 cum
460 4688 513 4728 sue
533 4668 584 4728 illa
605 4669 734 4730 Deorum
755 4670 857 4748 tnrba;
879 4671 948 4749 quia
968 4673 1035 4750 quis
1048 4692 1136 4732 verus
1150 4681 1227 4733 esset
1241 4674 1330 4749 Dens,
1347 4681 1377 4733 et
