3174 5174
495 669 648 748 LOCUS
689 671 926 750 OCTAVUS.

176 937 246 1026 llll
290 935 472 1030 sul-Tu
508 939 767 1036 HOMINIS
805 941 962 1033 ANTE
1000 942 1250 1060 LAPSUM,

687 1150 725 1193 ΕΤ

415 1289 696 1384 FOEDERE
736 1291 1003 1384 NATURAE.

526 1643 720 1720 Quneuro
741 1642 887 1704 rmus.

286 1803 1136 1882 ommamnaaaananauaanaffiaaa

151 1961 176 2020 Ι.
198 1961 271 2021 (lum
286 1962 384 2024 Homo
398 1962 428 2021 in
441 1962 623 2042 quadruplici
638 1963 722 2023 Statu
736 1963 860 2041 spectari
872 1963 973 2041 possit,
988 1963 1110 2023 inutitnto
1119 1971 1237 2041 natura,
1248 1968 1308 2026 dee·

109 2041 188 2100 tincta
211 2043 331 2118 peceati,
354 2045 479 2102 restituta
502 2044 612 2121 gretia,
637 2051 666 2102 et
689 2043 847 2119 praetitato
871 2043 981 2120 gloriae,
1006 2041 1199 2104 diversimode
1216 2045 1308 2105 'etiam

110 2121 313 2214 Libertaaejus
336 2123 513 2182 considerari
534 2122 621 2182 debet
644 2121 720 2182 eirea
743 2121 819 2182 illos.
868 2123 930 2182 Noa
953 2123 1001 2182 hia
1024 2122 1061 2182 de
1082 2123 1176 2201 primo
1195 2131 1309 2184 tantum

110 2220 272 2341 ⁸giiu⁵ier
284 2281 396 2341 antam
412 2282 577 2359 inoffensa
597 2281 787 2359 ueniamus
806 2281 928 2360 primam
948 2282 1073 2342 hominis
1093 2281 1132 2341 aa
1151 2281 1308 2360 magram

110 2360 174 2436 Dei,
189 2361 221 2419 in
233 2361 347 2421 interna
360 2362 488 2421 bonitate
503 2370 532 2421 et
546 2369 666 2420 externa
679 2361 825 2438 felicitate,
841 2362 930 2420 menti
953 2361 1165 2422 conditionem:
1185 2362 1217 2420 in
1240 2383 1307 2440 qun,

108 2447 141 2498 ut
154 2439 239 2500 bonis
253 2441 396 2516 omnibus,
411 2449 470 2501 tam
485 2441 612 2518 eorporis
625 2460 713 2518 quam
727 2441 823 2518 animi,
839 2440 877 2500 ad
890 2461 989 2500 veram
1003 2441 1212 2501 beatitudinem
1233 2441 1307 2502 obti-

108 2519 272 2579 nendamin
285 2519 337 2580 illo
351 2529 428 2581 statu
441 2521 619 2597 necessariis,
640 2519 822 2598 abundabat;
845 2521 892 2580 Ita
912 2521 1125 2581 sanctissimum
1146 2530 1175 2581 et
1196 2521 1308 2582 suevia·

107 2599 212 2659 simum
227 2600 284 2660 Dei
297 2601 426 2678 regimen
440 2599 650 2678 experiebatur.
693 2600 779 2660 Unda
792 2600 905 2661 duabus
918 2601 1100 2678 potissimum
1113 2601 1244 2680 partibus
1257 2601 1307 2661 ab·

107 2679 282 2754 solvebatur,
298 2681 389 2740 Felici
400 2681 517 2740 taminia
531 2680 694 2756 conditione,
709 2687 737 2739 et
740 2682 879 2755 faederati
890 2681 967 2740 circa
981 2682 1070 2757 ἰριιιιιι
1091 2681 1152 2740 Dei
1166 2682 1307 2758 paderna-

107 2759 189 2818 tiane.
232 2758 369 2820 Felicitas
383 2761 446 2837 ejus
459 2761 605 2820 oriebatur
620 2779 659 2818 ex
680 2761 809 2837 Impone
831 2760 888 2820 Dei
910 2760 1056 2837 adquam
1079 2759 1214 2820 conditus
1236 2769 1307 2837 erat,

107 2859 171 2915 qun
185 2839 336 2916 injustitia
351 2839 639 2917 artoinalt'praeeipue
653 2839 792 2915 sitaerat,
808 2839 880 2899 etin
901 2840 1110 2899 inmortalitate
1130 2859 1165 2899 aa
1185 2842 1308 2900 minio

107 2937 170 2976 eam
183 2929 386 2997 consequente,
402 2919 438 2979 de
452 2920 557 2997 quibua
571 2927 657 2979 antea
670 2919 779 2978 dietum
801 2919 879 2978 Loco
900 2918 937 2978 de
958 2918 1128 2979 lineatione:
1150 2917 1201 2977 Ad
1220 2939 1309 2996 quem

107 2999 193 3056 etiam
207 2999 370 3076 pertinebat
383 3001 513 3060 Libertas
527 3000 599 3078 ejus,
616 2998 651 3057 de
665 3018 723 3076 qua
736 2997 858 3075 quaetio
872 2997 1041 3057 instituituu.

148 3079 210 3138 Ill.
234 3079 276 3139 Ut
289 3099 359 3138 vero
374 3080 409 3140 de
424 3079 532 3138 Adami
554 3078 661 3155 integri
681 3077 814 3136 libertate
838 3077 945 3136 rectius
966 3076 1110 3153 possimus
1132 3075 1305 3152 ratiocinari,

106 3157 195 3216 varin
210 3157 366 3218 Libertatis
380 3159 490 3236 speeies
503 3166 570 3218 aute
584 3157 681 3216 omnia
694 3156 800 3216 debent
814 3155 963 3234 distingui,
977 3165 1011 3216 ut
1031 3163 1151 3231 constet,
1173 3175 1306 3233 quanam

105 3236 149 3294 illi
163 3246 324 3315 competere
337 3238 472 3315 potuerit,
487 3257 619 3316 quaenam
633 3255 702 3295 vero
716 3255 784 3295 non.

107 3340 265 3400 Quadruplex
277 3343 350 3389 mm.
411 3317 466 3378 IV.
482 3317 669 3393 Quadruplex
683 3314 768 3375 datur
781 3314 908 3374 libertas.
939 3317 965 3374 1.
976 3315 1107 3374 Leboriae
1120 3314 1307 3392 independen-

207 3405 254 3445 tea.
313 3458 318 3470 ,
373 3397 427 3473 tice,
448 3416 513 3474 quae
534 3395 672 3474 competit
686 3395 741 3455 soli
756 3395 829 3471 Deo,
844 3403 877 3454 ut
890 3393 983 3472 primo
998 3394 1085 3470 Enti;
1107 3413 1173 3471 quae
1186 3395 1307 3473 opponi-

106 3455 128 3503 ¹·
144 3456 348 3560 Indeponuenuo.
369 3485 416 3536 tur
433 3477 589 3536 necmaitati
607 3477 806 3552 dependentia,
827 3494 892 3552 qua
914 3474 1049 3534 convenit
1071 3473 1214 3535 omnibus¹
1227 3493 1306 3534 erea-

106 3546 129 3590 2.
144 3549 167 3592 Α
178 3551 310 3594 camerone.
367 3557 449 3615 turia.
478 3561 506 3615 2.
521 3555 838 3631 Libertaaaeoaetione,
852 3573 904 3632 per
917 3573 1004 3632 quam
1018 3554 1104 3614 homo
1118 3555 1180 3632 agit
1193 3563 1305 3631 sponte,

105 3641 136 3692 et
149 3653 216 3692 eum
229 3633 367 3712 lubentia,
383 3656 447 3713 qua
462 3635 616 3713 opponitur
628 3635 784 3694 necessitati
803 3635 959 3710 eoacdonn,
985 3653 1050 3712 quae
1071 3633 1188 3693 videtur
1210 3635 1245 3692 in'
1259 3634 1305 3708 iis,

368 3716 418 3792 qui
440 3715 572 3792 pervim
596 3722 696 3791 agumt.
737 3717 765 3773 3.
787 3715 917 3773 Ltbertaa
937 3711 1087 3772 rationalis
1109 3732 1128 3771 a
1148 3713 1307 3772 anancaeo

369 3797 452 3854 anta
465 3804 492 3853 et
499 3795 626 3870 physica,
641 3813 693 3872 per
706 3812 793 3870 quam
806 3793 893 3850 homo
907 3793 969 3869 agit
983 3793 1008 3850 ia
1021 3789 1187 3871 nemeina,
1201 3797 1232 3849 et
1245 3810 1305 3849 non

369 3874 454 3933 bruto
476 3874 615 3933 instinctu
628 3882 659 3932 et
671 3891 748 3932 eaeo
761 3871 879 3948 impetu,
894 3889 959 3946 quae
980 3869 1134 3947 opponitur
1153 3869 1309 3929 mcaeaitati

363 3954 487 4031 physica
505 3953 735 4026 inanimatorum,
753 3958 783 4009 et
795 3949 954 4008 brutorum.
989 3951 1018 4006 4.
1032 3948 1161 4006 Laerta
1181 3968 1201 4007 a
1220 3949 1307 4008 seot-

368 4041 431 4108 tute,
443 4051 495 4110 per
508 4051 595 4110 quam
608 4032 695 4090 homo
709 4029 818 4088 nulline
832 4026 988 4102 servitutis,
1004 4027 1052 4085 vel
1065 4027 1177 4104 peooui
1189 4027 1238 4086 vel
1251 4027 1305 4086 mi·

105 4109 196 4186 seria,
209 4111 283 4188 jugo
297 4111 441 4172 obnoxius
459 4120 514 4188 est,
535 4132 600 4190 quae
621 4109 774 4190 opponitur
794 4106 949 4167 emanant
966 4106 1112 4180 amiati,
1124 4125 1188 4183 quae
1209 4113 1254 4166 eat
1273 4107 1305 4164 in

104 4190 314 4266 peecatoribus.

104 3775 127 3821 a
138 3777 161 3821 A
172 3777 316 3824 necessitate

159 3835 265 3893 physica.

105 3997 128 4042 4.
139 3997 163 4042 Α
173 3999 301 4044 servitute.

104 4319 222 4369 Qum
246 4323 347 4368 mm,-
416 4272 455 4332 V.
477 4272 544 4331 Non
571 4270 664 4330 omnis
685 4267 842 4362 nenessitas
865 4274 977 4345 pugnat
998 4283 1067 4358 eum
1085 4262 1226 4340 libertate,
1250 4283 1304 4357 nee

134 4382 172 4424 tu
220 4393 265 4424 eon
314 4371 463 4427 Ιιοιιιιιιε
476 4371 542 4411 oum
561 4371 595 4410 ea
608 4357 753 4410 eonvemt.
795 4345 935 4422 Quadam
957 4352 1115 4404 necessitas
1137 4343 1174 4402 ab
1194 4351 1304 4403 extum-

135 4451 190 4481 emn
220 4395 348 4498 ubanrtiib
370 4451 436 4492 seeo
468 4430 590 4490 destruit
623 4428 794 4503 libertatem,
823 4425 961 4500 Quaedam
995 4443 1061 4483 oum
1095 4441 1130 4481 ea
1163 4423 1304 4482 consistit.

134 4493 349 4572 unquentum„
370 4511 509 4588 Quaedam
536 4510 573 4569 ab
600 4509 755 4568 intrinseco
782 4505 898 4584 perimit
920 4525 994 4580 eam,
1021 4512 1051 4563 et
1081 4501 1213 4579 quaedam
1240 4521 1304 4561 eam

136 4563 315 4608 neuumm.
367 4590 488 4669 perlicit
539 4588 697 4648 Necessitas
723 4586 881 4660 sanctonae,
910 4604 975 4661 quae
1002 4591 1048 4643 est
1075 4584 1110 4642 ab
1139 4582 1302 4656 extrinseco,

106 4679 152 4731 est
171 4671 312 4738 cicinum
334 4693 399 4732 eum
426 4669 576 4746 libertate,
609 4667 668 4729 Sed
686 4667 832 4727 mceaaitaa
858 4665 1031 4743 hypothetica
1051 4683 1116 4741 qum
1129 4663 1235 4802 2oritur,
1256 4661 1305 4720 vel

1162 4761 1184 4801 x
