<?xml version="1.0" encoding="UTF-8"?>
<!DOCTYPE html PUBLIC "-//W3C//DTD XHTML 1.0 Transitional//EN"
    "http://www.w3.org/TR/xhtml1/DTD/xhtml1-transitional.dtd">
<html xmlns="http://www.w3.org/1999/xhtml" xml:lang="en" lang="en">
 <head>
  <title>
</title>
<meta http-equiv="Content-Type" content="text/html;charset=utf-8" />
  <meta name='ocr-system' content='tesseract 3.04.00' />
  <meta name='ocr-capabilities' content='ocr_page ocr_carea ocr_par ocr_line ocrx_word'/>
</head>
<body>
  <div class='ocr_page' id='page_1' title='image "./francisciturret01pictgoog_0435.png"; bbox 0 0 3158 5180; ppageno 0'>
   <div class='ocr_carea' id='block_1_1' title="bbox 220 367 1437 460">
    <p class='ocr_par' dir='ltr' id='par_1_1' title="bbox 220 367 1437 460">
     <span class='ocr_line' id='line_1_1' title="bbox 220 367 1437 460; baseline -0.002 -17"><span class='ocrx_word' id='word_1_1' title='bbox 220 385 280 444; x_wconf 80' lang='grc'><strong>380</strong></span> <span class='ocrx_word' id='word_1_2' title='bbox 687 399 780 441; x_wconf 80' lang='lat' dir='ltr'><strong>nocue</strong></span> <span class='ocrx_word' id='word_1_3' title='bbox 793 397 939 449; x_wconf 78' lang='lat' dir='ltr'><strong>cuxanus.</strong></span> <span class='ocrx_word' id='word_1_4' title='bbox 1158 367 1163 373; x_wconf 46' lang='lat'>¹</span> <span class='ocrx_word' id='word_1_5' title='bbox 1198 373 1333 460; x_wconf 72' lang='lat' dir='ltr'><strong>[oense.</strong></span> <span class='ocrx_word' id='word_1_6' title='bbox 1348 397 1437 440; x_wconf 73' lang='lat' dir='ltr'><strong>xvim</strong></span> 
     </span>
    </p>
   </div>
   <div class='ocr_carea' id='block_1_2' title="bbox 147 538 1439 4763">
    <p class='ocr_par' dir='ltr' id='par_1_2' title="bbox 147 538 1439 2932">
     <span class='ocr_line' id='line_1_2' title="bbox 220 538 1438 621; baseline -0.002 -19"><span class='ocrx_word' id='word_1_7' title='bbox 220 551 252 602; x_wconf 91' lang='lat' dir='ltr'><strong>et</strong></span> <span class='ocrx_word' id='word_1_8' title='bbox 265 561 351 621; x_wconf 88' lang='lat' dir='ltr'><strong>posse</strong></span> <span class='ocrx_word' id='word_1_9' title='bbox 365 541 506 620; x_wconf 86' lang='lat' dir='ltr'><strong>abrogari,</strong></span> <span class='ocrx_word' id='word_1_10' title='bbox 517 543 596 620; x_wconf 89' lang='lat' dir='ltr'><strong>quod</strong></span> <span class='ocrx_word' id='word_1_11' title='bbox 610 543 770 620; x_wconf 79' lang='lat' dir='ltr'>Apostolus</span> <span class='ocrx_word' id='word_1_12' title='bbox 785 547 949 600; x_wconf 74' lang='lat' dir='ltr'><strong>constanter</strong></span> <span class='ocrx_word' id='word_1_13' title='bbox 962 548 1058 617; x_wconf 82' lang='lat' dir='ltr'><strong>neget,</strong></span> <span class='ocrx_word' id='word_1_14' title='bbox 1075 538 1151 598; x_wconf 86' lang='lat' dir='ltr'><strong>Heb.</strong></span> <span class='ocrx_word' id='word_1_15' title='bbox 1168 539 1243 616; x_wconf 79' lang='lat' dir='ltr'><strong>viii.;</strong></span> <span class='ocrx_word' id='word_1_16' title='bbox 1258 539 1310 598; x_wconf 90' lang='lat' dir='ltr'><strong>vel</strong></span> <span class='ocrx_word' id='word_1_17' title='bbox 1323 539 1438 618; x_wconf 81' lang='lat' dir='ltr'><strong>duplex</strong></span> 
     </span>
     <span class='ocr_line' id='line_1_3' title="bbox 221 619 1438 699; baseline -0.002 -17"><span class='ocrx_word' id='word_1_18' title='bbox 221 643 294 699; x_wconf 88' lang='lat' dir='ltr'><strong>esse,</strong></span> <span class='ocrx_word' id='word_1_19' title='bbox 304 623 385 683; x_wconf 92' lang='lat' dir='ltr'><strong>aliud</strong></span> <span class='ocrx_word' id='word_1_20' title='bbox 397 625 553 682; x_wconf 69' lang='lat' dir='ltr'><strong>unumne</strong></span> <span class='ocrx_word' id='word_1_21' title='bbox 567 644 633 683; x_wconf 90' lang='lat' dir='ltr'><strong>eum</strong></span> <span class='ocrx_word' id='word_1_22' title='bbox 647 622 789 697; x_wconf 88' lang='lat' dir='ltr'><strong>omnibus,</strong></span> <span class='ocrx_word' id='word_1_23' title='bbox 802 622 832 680; x_wconf 92' lang='lat' dir='ltr'><strong>in</strong></span> <span class='ocrx_word' id='word_1_24' title='bbox 842 641 900 699; x_wconf 94' lang='lat' dir='ltr'><strong>quo</strong></span> <span class='ocrx_word' id='word_1_25' title='bbox 914 620 1097 698; x_wconf 71' lang='lat' dir='ltr'><strong>promittatur</strong></span> <span class='ocrx_word' id='word_1_26' title='bbox 1110 619 1189 678; x_wconf 89' lang='lat' dir='ltr'><strong>salus</strong></span> <span class='ocrx_word' id='word_1_27' title='bbox 1200 619 1254 678; x_wconf 88' lang='lat' dir='ltr'><strong>sub</strong></span> <span class='ocrx_word' id='word_1_28' title='bbox 1265 621 1438 680; x_wconf 85' lang='lat' dir='ltr'><strong>conditione</strong></span> 
     </span>
     <span class='ocr_line' id='line_1_4' title="bbox 220 699 1439 781; baseline 0 -21"><span class='ocrx_word' id='word_1_29' title='bbox 220 702 298 777; x_wconf 86' lang='lat' dir='ltr'><strong>fidei,</strong></span> <span class='ocrx_word' id='word_1_30' title='bbox 313 722 379 781; x_wconf 87' lang='lat' dir='ltr'><strong>ques</strong></span> <span class='ocrx_word' id='word_1_31' title='bbox 398 703 608 781; x_wconf 68' lang='lat' dir='ltr'><strong>praescribatur,</strong></span> <span class='ocrx_word' id='word_1_32' title='bbox 624 702 676 764; x_wconf 90' lang='lat' dir='ltr'><strong>sed</strong></span> <span class='ocrx_word' id='word_1_33' title='bbox 695 721 753 761; x_wconf 90' lang='lat' dir='ltr'><strong>non</strong></span> <span class='ocrx_word' id='word_1_34' title='bbox 775 702 866 775; x_wconf 90' lang='lat' dir='ltr'><strong>detur,</strong></span> <span class='ocrx_word' id='word_1_35' title='bbox 882 700 1017 778; x_wconf 89' lang='lat' dir='ltr'><strong>quodque</strong></span> <span class='ocrx_word' id='word_1_36' title='bbox 1037 699 1109 760; x_wconf 90' lang='lat' dir='ltr'><strong>adeo</strong></span> <span class='ocrx_word' id='word_1_37' title='bbox 1131 709 1247 758; x_wconf 86' lang='lat' dir='ltr'><strong>maneat</strong></span> <span class='ocrx_word' id='word_1_38' title='bbox 1267 700 1386 760; x_wconf 88' lang='lat' dir='ltr'><strong>irritum</strong></span> <span class='ocrx_word' id='word_1_39' title='bbox 1408 710 1439 760; x_wconf 91' lang='lat' dir='ltr'><strong>et</strong></span> 
     </span>
     <span class='ocr_line' id='line_1_5' title="bbox 220 780 1439 860; baseline -0.002 -19"><span class='ocrx_word' id='word_1_40' title='bbox 220 781 354 841; x_wconf 89' lang='lat' dir='ltr'><strong>inefficax</strong></span> <span class='ocrx_word' id='word_1_41' title='bbox 366 805 374 859; x_wconf 86' lang='lat'><strong>;</strong></span> <span class='ocrx_word' id='word_1_42' title='bbox 395 783 475 842; x_wconf 92' lang='lat' dir='ltr'><strong>aliud</strong></span> <span class='ocrx_word' id='word_1_43' title='bbox 488 803 557 842; x_wconf 91' lang='lat' dir='ltr'><strong>vero</strong></span> <span class='ocrx_word' id='word_1_44' title='bbox 566 785 745 860; x_wconf 74' lang='lat' dir='ltr'><strong>particulare</strong></span> <span class='ocrx_word' id='word_1_45' title='bbox 759 801 826 841; x_wconf 86' lang='lat' dir='ltr'><strong>curn</strong></span> <span class='ocrx_word' id='word_1_46' title='bbox 838 781 908 838; x_wconf 89' lang='lat' dir='ltr'><strong>eolis</strong></span> <span class='ocrx_word' id='word_1_47' title='bbox 929 780 1036 856; x_wconf 84' lang='lat' dir='ltr'><strong>electis,</strong></span> <span class='ocrx_word' id='word_1_48' title='bbox 1051 780 1081 838; x_wconf 90' lang='lat' dir='ltr'><strong>in</strong></span> <span class='ocrx_word' id='word_1_49' title='bbox 1095 799 1153 857; x_wconf 88' lang='lat' dir='ltr'><strong>quo</strong></span> <span class='ocrx_word' id='word_1_50' title='bbox 1174 780 1363 857; x_wconf 78' lang='lat' dir='ltr'><strong>promittatur</strong></span> <span class='ocrx_word' id='word_1_51' title='bbox 1376 801 1439 840; x_wconf 88' lang='lat' dir='ltr'><strong>non</strong></span> 
     </span>
     <span class='ocr_line' id='line_1_6' title="bbox 220 859 1438 942; baseline -0.002 -22"><span class='ocrx_word' id='word_1_52' title='bbox 220 863 308 922; x_wconf 86' lang='lat' dir='ltr'><strong>modo</strong></span> <span class='ocrx_word' id='word_1_53' title='bbox 321 863 400 922; x_wconf 85' lang='lat' dir='ltr'><strong>salus</strong></span> <span class='ocrx_word' id='word_1_54' title='bbox 414 863 468 922; x_wconf 91' lang='lat' dir='ltr'><strong>sub</strong></span> <span class='ocrx_word' id='word_1_55' title='bbox 482 863 646 922; x_wconf 90' lang='lat' dir='ltr'><strong>conditione</strong></span> <span class='ocrx_word' id='word_1_56' title='bbox 659 862 736 938; x_wconf 89' lang='lat' dir='ltr'><strong>fidei,</strong></span> <span class='ocrx_word' id='word_1_57' title='bbox 751 861 803 920; x_wconf 87' lang='lat' dir='ltr'><strong>sed</strong></span> <span class='ocrx_word' id='word_1_58' title='bbox 816 868 846 919; x_wconf 89' lang='lat' dir='ltr'><strong>ct</strong></span> <span class='ocrx_word' id='word_1_59' title='bbox 858 860 921 938; x_wconf 84' lang='lat' dir='ltr'><strong>ipsa</strong></span> <span class='ocrx_word' id='word_1_60' title='bbox 934 859 1016 935; x_wconf 88' lang='lat' dir='ltr'><strong>fides,</strong></span> <span class='ocrx_word' id='word_1_61' title='bbox 1030 859 1165 937; x_wconf 89' lang='lat' dir='ltr'><strong>quodque</strong></span> <span class='ocrx_word' id='word_1_62' title='bbox 1179 859 1275 936; x_wconf 87' lang='lat' dir='ltr'><strong>reipsa</strong></span> <span class='ocrx_word' id='word_1_63' title='bbox 1290 860 1329 918; x_wconf 90' lang='lat' dir='ltr'><strong>sit</strong></span> <span class='ocrx_word' id='word_1_64' title='bbox 1344 862 1438 942; x_wconf 61' lang='lat' dir='ltr'><strong>tum</strong></span> 
     </span>
     <span class='ocr_line' id='line_1_7' title="bbox 219 939 1438 1018; baseline -0.001 -17"><span class='ocrx_word' id='word_1_65' title='bbox 219 947 294 1018; x_wconf 69' lang='grc' dir='ltr'>τιιιι,</span> <span class='ocrx_word' id='word_1_66' title='bbox 310 952 340 1002; x_wconf 91' lang='lat' dir='ltr'><strong>et</strong></span> <span class='ocrx_word' id='word_1_67' title='bbox 353 942 486 1002; x_wconf 85' lang='lat' dir='ltr'><strong>effectum</strong></span> <span class='ocrx_word' id='word_1_68' title='bbox 501 962 585 1002; x_wconf 89' lang='lat' dir='ltr'><strong>suum</strong></span> <span class='ocrx_word' id='word_1_69' title='bbox 605 941 794 1002; x_wconf 80' lang='lat' dir='ltr'><strong>infallibiliter</strong></span> <span class='ocrx_word' id='word_1_70' title='bbox 814 941 845 998; x_wconf 90' lang='lat' dir='ltr'><strong>in</strong></span> <span class='ocrx_word' id='word_1_71' title='bbox 866 939 999 998; x_wconf 90' lang='lat' dir='ltr'><strong>omnibus</strong></span> <span class='ocrx_word' id='word_1_72' title='bbox 1019 939 1165 998; x_wconf 80' lang='lat' dir='ltr'><strong>foederatis</strong></span> <span class='ocrx_word' id='word_1_73' title='bbox 1179 939 1332 1016; x_wconf 69' lang='lat' dir='ltr'><strong>sortietur,</strong></span> <span class='ocrx_word' id='word_1_74' title='bbox 1356 943 1438 1018; x_wconf 86' lang='lat' dir='ltr'><strong>quod</strong></span> 
     </span>
     <span class='ocr_line' id='line_1_8' title="bbox 221 1019 1438 1101; baseline 0.001 -21"><span class='ocrx_word' id='word_1_75' title='bbox 221 1023 383 1082; x_wconf 88' lang='lat' dir='ltr'><strong>inauditum</strong></span> <span class='ocrx_word' id='word_1_76' title='bbox 405 1031 450 1082; x_wconf 88' lang='lat' dir='ltr'><strong>est</strong></span> <span class='ocrx_word' id='word_1_77' title='bbox 469 1023 501 1079; x_wconf 90' lang='lat' dir='ltr'><strong>in</strong></span> <span class='ocrx_word' id='word_1_78' title='bbox 523 1023 678 1101; x_wconf 71' lang='lat' dir='ltr'><strong>Scriptura,</strong></span> <span class='ocrx_word' id='word_1_79' title='bbox 695 1030 724 1080; x_wconf 91' lang='lat' dir='ltr'><strong>et</strong></span> <span class='ocrx_word' id='word_1_80' title='bbox 744 1021 775 1078; x_wconf 89' lang='lat' dir='ltr'><strong>in</strong></span> <span class='ocrx_word' id='word_1_81' title='bbox 795 1039 866 1078; x_wconf 87' lang='lat' dir='ltr'><strong>sana</strong></span> <span class='ocrx_word' id='word_1_82' title='bbox 879 1019 1047 1096; x_wconf 83' lang='lat' dir='ltr'><strong>Theologie.</strong></span> <span class='ocrx_word' id='word_1_83' title='bbox 1078 1020 1200 1094; x_wconf 87' lang='lat' dir='ltr'><strong>Rursus,</strong></span> <span class='ocrx_word' id='word_1_84' title='bbox 1216 1039 1283 1078; x_wconf 88' lang='lat' dir='ltr'><strong>cum</strong></span> <span class='ocrx_word' id='word_1_85' title='bbox 1298 1021 1328 1078; x_wconf 91' lang='lat' dir='ltr'><strong>in</strong></span> <span class='ocrx_word' id='word_1_86' title='bbox 1344 1021 1438 1081; x_wconf 85' lang='lat' dir='ltr'><strong>desti·</strong></span> 
     </span>
     <span class='ocr_line' id='line_1_9' title="bbox 147 1099 1436 1178; baseline 0 -18"><span class='ocrx_word' id='word_1_87' title='bbox 147 1147 150 1152; x_wconf 88' lang='lat'>.</span> <span class='ocrx_word' id='word_1_88' title='bbox 223 1103 339 1162; x_wconf 75' lang='lat' dir='ltr'><strong>nehone</strong></span> <span class='ocrx_word' id='word_1_89' title='bbox 354 1111 383 1160; x_wconf 93' lang='lat' dir='ltr'><strong>et</strong></span> <span class='ocrx_word' id='word_1_90' title='bbox 396 1103 532 1161; x_wconf 80' lang='lat' dir='ltr'><strong>missione</strong></span> <span class='ocrx_word' id='word_1_91' title='bbox 547 1103 662 1177; x_wconf 86' lang='lat' dir='ltr'><strong>Christi,</strong></span> <span class='ocrx_word' id='word_1_92' title='bbox 680 1102 761 1160; x_wconf 89' lang='lat' dir='ltr'><strong>Deus</strong></span> <span class='ocrx_word' id='word_1_93' title='bbox 774 1119 924 1175; x_wconf 87' lang='lat' dir='ltr'><strong>summam,</strong></span> <span class='ocrx_word' id='word_1_94' title='bbox 940 1107 970 1158; x_wconf 90' lang='lat' dir='ltr'><strong>et</strong></span> <span class='ocrx_word' id='word_1_95' title='bbox 983 1119 1040 1176; x_wconf 86' lang='lat' dir='ltr'><strong>qua</strong></span> <span class='ocrx_word' id='word_1_96' title='bbox 1053 1099 1146 1176; x_wconf 85' lang='lat' dir='ltr'><strong>major</strong></span> <span class='ocrx_word' id='word_1_97' title='bbox 1159 1099 1223 1157; x_wconf 87' lang='lat' dir='ltr'><strong>dari</strong></span> <span class='ocrx_word' id='word_1_98' title='bbox 1236 1101 1349 1178; x_wconf 90' lang='lat' dir='ltr'><strong>nequit,</strong></span> <span class='ocrx_word' id='word_1_99' title='bbox 1365 1102 1436 1160; x_wconf 85' lang='lat' dir='ltr'><strong>cha-</strong></span> 
     </span>
     <span class='ocr_line' id='line_1_10' title="bbox 222 1179 1435 1258; baseline 0.001 -18"><span class='ocrx_word' id='word_1_100' title='bbox 222 1180 337 1241; x_wconf 86' lang='lat' dir='ltr'><strong>ritatem</strong></span> <span class='ocrx_word' id='word_1_101' title='bbox 352 1181 436 1240; x_wconf 88' lang='lat' dir='ltr'><strong>nobis</strong></span> <span class='ocrx_word' id='word_1_102' title='bbox 456 1182 628 1257; x_wconf 81' lang='lat' dir='ltr'><strong>exhibuerit,</strong></span> <span class='ocrx_word' id='word_1_103' title='bbox 644 1190 677 1241; x_wconf 90' lang='lat' dir='ltr'><strong>ut</strong></span> <span class='ocrx_word' id='word_1_104' title='bbox 696 1179 804 1258; x_wconf 87' lang='lat' dir='ltr'><strong>passim</strong></span> <span class='ocrx_word' id='word_1_105' title='bbox 818 1187 941 1239; x_wconf 87' lang='lat' dir='ltr'><strong>testatur</strong></span> <span class='ocrx_word' id='word_1_106' title='bbox 962 1180 1117 1257; x_wconf 82' lang='lat' dir='ltr'><strong>Scriptura,</strong></span> <span class='ocrx_word' id='word_1_107' title='bbox 1132 1179 1155 1240; x_wconf 89' lang='lat' dir='ltr'>J</span> <span class='ocrx_word' id='word_1_108' title='bbox 1156 1180 1204 1238; x_wconf 90' lang='lat' dir='ltr'><strong>oh.</strong></span> <span class='ocrx_word' id='word_1_109' title='bbox 1219 1179 1260 1238; x_wconf 90' lang='lat' dir='ltr'><strong>iii.</strong></span> <span class='ocrx_word' id='word_1_110' title='bbox 1278 1183 1325 1256; x_wconf 83' lang='lat'><strong>16,</strong></span> <span class='ocrx_word' id='word_1_111' title='bbox 1337 1189 1368 1240; x_wconf 91' lang='lat' dir='ltr'><strong>et</strong></span> <span class='ocrx_word' id='word_1_112' title='bbox 1380 1201 1435 1241; x_wconf 88' lang='lat' dir='ltr'><strong>xv.</strong></span> 
     </span>
     <span class='ocr_line' id='line_1_11' title="bbox 225 1258 1435 1338; baseline -0.001 -19"><span class='ocrx_word' id='word_1_113' title='bbox 225 1265 282 1338; x_wconf 77' lang='lat'><strong>133</strong></span> <span class='ocrx_word' id='word_1_114' title='bbox 306 1261 390 1320; x_wconf 91' lang='lat' dir='ltr'><strong>Rom.</strong></span> <span class='ocrx_word' id='word_1_115' title='bbox 405 1263 488 1337; x_wconf 89' lang='lat' dir='ltr'><strong>v.8;</strong></span> <span class='ocrx_word' id='word_1_116' title='bbox 523 1262 734 1337; x_wconf 83' lang='lat' dir='ltr'><strong>1J0h.iv.9;</strong></span> <span class='ocrx_word' id='word_1_117' title='bbox 763 1268 793 1319; x_wconf 90' lang='lat' dir='ltr'><strong>et</strong></span> <span class='ocrx_word' id='word_1_118' title='bbox 812 1278 950 1336; x_wconf 88' lang='lat' dir='ltr'><strong>magnum</strong></span> <span class='ocrx_word' id='word_1_119' title='bbox 971 1267 1000 1318; x_wconf 91' lang='lat' dir='ltr'><strong>et</strong></span> <span class='ocrx_word' id='word_1_120' title='bbox 1020 1258 1290 1336; x_wconf 86' lang='lat' dir='ltr'><strong>praestantissimum</strong></span> <span class='ocrx_word' id='word_1_121' title='bbox 1311 1261 1435 1338; x_wconf 88' lang='lat' dir='ltr'><strong>donum,</strong></span> 
     </span>
     <span class='ocr_line' id='line_1_12' title="bbox 222 1339 1437 1418; baseline 0.001 -18"><span class='ocrx_word' id='word_1_122' title='bbox 222 1360 280 1418; x_wconf 90' lang='lat' dir='ltr'><strong>quo</strong></span> <span class='ocrx_word' id='word_1_123' title='bbox 294 1341 406 1400; x_wconf 89' lang='lat' dir='ltr'><strong>nullum</strong></span> <span class='ocrx_word' id='word_1_124' title='bbox 417 1341 529 1418; x_wconf 87' lang='lat' dir='ltr'><strong>concipi</strong></span> <span class='ocrx_word' id='word_1_125' title='bbox 542 1350 639 1418; x_wconf 88' lang='lat' dir='ltr'><strong>potest</strong></span> <span class='ocrx_word' id='word_1_126' title='bbox 647 1341 751 1418; x_wconf 83' lang='lat' dir='ltr'><strong>majus,</strong></span> <span class='ocrx_word' id='word_1_127' title='bbox 761 1339 845 1398; x_wconf 89' lang='lat' dir='ltr'><strong>nobis</strong></span> <span class='ocrx_word' id='word_1_128' title='bbox 858 1339 981 1416; x_wconf 83' lang='lat' dir='ltr'><strong>largitus</strong></span> <span class='ocrx_word' id='word_1_129' title='bbox 995 1339 1126 1417; x_wconf 67' lang='lat' dir='ltr'><strong>sitquod</strong></span> <span class='ocrx_word' id='word_1_130' title='bbox 1139 1347 1244 1398; x_wconf 78' lang='lat' dir='ltr'><strong>catera</strong></span> <span class='ocrx_word' id='word_1_131' title='bbox 1254 1340 1353 1399; x_wconf 88' lang='lat' dir='ltr'><strong>omnia</strong></span> <span class='ocrx_word' id='word_1_132' title='bbox 1366 1351 1437 1418; x_wconf 83' lang='lat' dir='ltr'><strong>post</strong></span> 
     </span>
     <span class='ocr_line' id='line_1_13' title="bbox 222 1418 1438 1498; baseline 0 -18"><span class='ocrx_word' id='word_1_133' title='bbox 222 1439 253 1480; x_wconf 88' lang='lat' dir='ltr'><strong>se</strong></span> <span class='ocrx_word' id='word_1_134' title='bbox 267 1420 363 1495; x_wconf 89' lang='lat' dir='ltr'><strong>trahit,</strong></span> <span class='ocrx_word' id='word_1_135' title='bbox 381 1421 465 1480; x_wconf 85' lang='lat' dir='ltr'><strong>Rom.</strong></span> <span class='ocrx_word' id='word_1_136' title='bbox 480 1420 544 1479; x_wconf 84' lang='lat' dir='ltr'><strong>viii.</strong></span> <span class='ocrx_word' id='word_1_137' title='bbox 557 1423 614 1496; x_wconf 78' lang='lat'><strong>323</strong></span> <span class='ocrx_word' id='word_1_138' title='bbox 634 1421 699 1498; x_wconf 88' lang='lat' dir='ltr'><strong>quis</strong></span> <span class='ocrx_word' id='word_1_139' title='bbox 721 1419 829 1478; x_wconf 85' lang='lat' dir='ltr'><strong>dixerit</strong></span> <span class='ocrx_word' id='word_1_140' title='bbox 847 1419 903 1477; x_wconf 90' lang='lat' dir='ltr'><strong>hoc</strong></span> <span class='ocrx_word' id='word_1_141' title='bbox 923 1418 1066 1496; x_wconf 89' lang='lat' dir='ltr'><strong>proficisci</strong></span> <span class='ocrx_word' id='word_1_142' title='bbox 1085 1439 1103 1476; x_wconf 95' lang='lat' dir='ltr'><strong>a</strong></span> <span class='ocrx_word' id='word_1_143' title='bbox 1117 1419 1181 1478; x_wconf 91' lang='lat' dir='ltr'><strong>Deo</strong></span> <span class='ocrx_word' id='word_1_144' title='bbox 1195 1419 1388 1496; x_wconf 67' lang='lat' dir='ltr'><strong>legislatore,</strong></span> <span class='ocrx_word' id='word_1_145' title='bbox 1405 1429 1438 1480; x_wconf 83' lang='lat' dir='ltr'><strong>et</strong></span> 
     </span>
     <span class='ocr_line' id='line_1_14' title="bbox 221 1497 1436 1578; baseline 0.002 -20"><span class='ocrx_word' id='word_1_146' title='bbox 221 1519 280 1558; x_wconf 90' lang='lat' dir='ltr'><strong>non</strong></span> <span class='ocrx_word' id='word_1_147' title='bbox 300 1499 397 1558; x_wconf 91' lang='lat' dir='ltr'><strong>aDeo</strong></span> <span class='ocrx_word' id='word_1_148' title='bbox 413 1501 523 1559; x_wconf 85' lang='lat' dir='ltr'><strong>Patre?</strong></span> <span class='ocrx_word' id='word_1_149' title='bbox 565 1499 753 1578; x_wconf 87' lang='lat' dir='ltr'><strong>Legislatoris</strong></span> <span class='ocrx_word' id='word_1_150' title='bbox 773 1507 819 1557; x_wconf 90' lang='lat' dir='ltr'><strong>est</strong></span> <span class='ocrx_word' id='word_1_151' title='bbox 838 1497 962 1557; x_wconf 88' lang='lat' dir='ltr'><strong>officium</strong></span> <span class='ocrx_word' id='word_1_152' title='bbox 983 1507 1120 1557; x_wconf 81' lang='lat' dir='ltr'><strong>creaturae</strong></span> <span class='ocrx_word' id='word_1_153' title='bbox 1140 1499 1349 1576; x_wconf 76' lang='lat' dir='ltr'><strong>prescribere3</strong></span> <span class='ocrx_word' id='word_1_154' title='bbox 1373 1501 1436 1560; x_wconf 87' lang='lat' dir='ltr'><strong>Sed</strong></span> 
     </span>
     <span class='ocr_line' id='line_1_15' title="bbox 221 1577 1435 1656; baseline 0.001 -18"><span class='ocrx_word' id='word_1_155' title='bbox 221 1579 289 1638; x_wconf 85' lang='lat' dir='ltr'><strong>dare</strong></span> <span class='ocrx_word' id='word_1_156' title='bbox 321 1580 512 1654; x_wconf 87' lang='lat' dir='ltr'><strong>Servatorem,</strong></span> <span class='ocrx_word' id='word_1_157' title='bbox 542 1580 593 1656; x_wconf 91' lang='lat' dir='ltr'><strong>qui</strong></span> <span class='ocrx_word' id='word_1_158' title='bbox 613 1599 686 1656; x_wconf 91' lang='lat' dir='ltr'><strong>opus</strong></span> <span class='ocrx_word' id='word_1_159' title='bbox 701 1577 919 1655; x_wconf 86' lang='lat' dir='ltr'><strong>Redemptionis</strong></span> <span class='ocrx_word' id='word_1_160' title='bbox 948 1587 1115 1656; x_wconf 81' lang='lat' dir='ltr'><strong>exequatur,</strong></span> <span class='ocrx_word' id='word_1_161' title='bbox 1138 1586 1168 1636; x_wconf 92' lang='lat' dir='ltr'><strong>et</strong></span> <span class='ocrx_word' id='word_1_162' title='bbox 1192 1597 1223 1637; x_wconf 87' lang='lat' dir='ltr'><strong>ee</strong></span> <span class='ocrx_word' id='word_1_163' title='bbox 1244 1579 1311 1638; x_wconf 93' lang='lat' dir='ltr'><strong>loco</strong></span> <span class='ocrx_word' id='word_1_164' title='bbox 1332 1591 1435 1639; x_wconf 85' lang='lat' dir='ltr'><strong>nostro</strong></span> 
     </span>
     <span class='ocr_line' id='line_1_16' title="bbox 220 1657 1437 1736; baseline 0.002 -18"><span class='ocrx_word' id='word_1_165' title='bbox 220 1658 378 1718; x_wconf 87' lang='lat' dir='ltr'><strong>substituat</strong></span> <span class='ocrx_word' id='word_1_166' title='bbox 398 1658 436 1716; x_wconf 90' lang='lat' dir='ltr'><strong>ad</strong></span> <span class='ocrx_word' id='word_1_167' title='bbox 458 1659 602 1735; x_wconf 87' lang='lat' dir='ltr'><strong>expianda</strong></span> <span class='ocrx_word' id='word_1_168' title='bbox 622 1665 740 1736; x_wconf 87' lang='lat' dir='ltr'><strong>peccata</strong></span> <span class='ocrx_word' id='word_1_169' title='bbox 760 1667 868 1734; x_wconf 76' lang='lat' dir='ltr'><strong>nosue,</strong></span> <span class='ocrx_word' id='word_1_170' title='bbox 883 1665 913 1716; x_wconf 90' lang='lat' dir='ltr'><strong>et</strong></span> <span class='ocrx_word' id='word_1_171' title='bbox 934 1657 1138 1735; x_wconf 86' lang='lat' dir='ltr'><strong>acquirendam</strong></span> <span class='ocrx_word' id='word_1_172' title='bbox 1158 1658 1291 1733; x_wconf 76' lang='lat' dir='ltr'><strong>salmam,</strong></span> <span class='ocrx_word' id='word_1_173' title='bbox 1307 1679 1368 1718; x_wconf 90' lang='lat' dir='ltr'><strong>non</strong></span> <span class='ocrx_word' id='word_1_174' title='bbox 1388 1671 1437 1720; x_wconf 79' lang='lat' dir='ltr'><strong>cst</strong></span> 
     </span>
     <span class='ocr_line' id='line_1_17' title="bbox 221 1737 1436 1816; baseline 0.002 -18"><span class='ocrx_word' id='word_1_175' title='bbox 221 1738 419 1815; x_wconf 74' lang='lat' dir='ltr'><strong>legislatoris,</strong></span> <span class='ocrx_word' id='word_1_176' title='bbox 444 1738 495 1797; x_wconf 90' lang='lat' dir='ltr'><strong>sed</strong></span> <span class='ocrx_word' id='word_1_177' title='bbox 510 1737 623 1798; x_wconf 86' lang='lat' dir='ltr'><strong>Petris:</strong></span> <span class='ocrx_word' id='word_1_178' title='bbox 646 1739 685 1798; x_wconf 85' lang='lat' dir='ltr'><strong>Et</strong></span> <span class='ocrx_word' id='word_1_179' title='bbox 708 1737 857 1816; x_wconf 80' lang='lat' dir='ltr'><strong>Scriptura</strong></span> <span class='ocrx_word' id='word_1_180' title='bbox 877 1756 931 1795; x_wconf 91' lang='lat' dir='ltr'><strong>nos</strong></span> <span class='ocrx_word' id='word_1_181' title='bbox 951 1757 985 1795; x_wconf 92' lang='lat' dir='ltr'><strong>eo</strong></span> <span class='ocrx_word' id='word_1_182' title='bbox 1006 1737 1094 1812; x_wconf 90' lang='lat' dir='ltr'><strong>ducit,</strong></span> <span class='ocrx_word' id='word_1_183' title='bbox 1116 1757 1206 1814; x_wconf 91' lang='lat' dir='ltr'><strong>quum</strong></span> <span class='ocrx_word' id='word_1_184' title='bbox 1228 1738 1379 1798; x_wconf 82' lang='lat' dir='ltr'><strong>Christum</strong></span> <span class='ocrx_word' id='word_1_185' title='bbox 1398 1749 1436 1800; x_wconf 92' lang='lat' dir='ltr'><strong>ut</strong></span> 
     </span>
     <span class='ocr_line' id='line_1_18' title="bbox 220 1816 1436 1896; baseline 0.002 -20"><span class='ocrx_word' id='word_1_186' title='bbox 220 1819 291 1878; x_wconf 91' lang='lat' dir='ltr'><strong>novi</strong></span> <span class='ocrx_word' id='word_1_187' title='bbox 312 1817 443 1877; x_wconf 85' lang='lat' dir='ltr'><strong>Foederis</strong></span> <span class='ocrx_word' id='word_1_188' title='bbox 467 1818 640 1896; x_wconf 86' lang='lat' dir='ltr'><strong>Sponsorem</strong></span> <span class='ocrx_word' id='word_1_189' title='bbox 662 1827 692 1877; x_wconf 91' lang='lat' dir='ltr'><strong>et</strong></span> <span class='ocrx_word' id='word_1_190' title='bbox 712 1817 902 1878; x_wconf 88' lang='lat' dir='ltr'><strong>Mediatorem</strong></span> <span class='ocrx_word' id='word_1_191' title='bbox 922 1838 940 1876; x_wconf 97' lang='lat' dir='ltr'><strong>a</strong></span> <span class='ocrx_word' id='word_1_192' title='bbox 961 1817 1025 1876; x_wconf 88' lang='lat' dir='ltr'><strong>Dee</strong></span> <span class='ocrx_word' id='word_1_193' title='bbox 1044 1816 1128 1876; x_wconf 87' lang='lat' dir='ltr'><strong>nobis</strong></span> <span class='ocrx_word' id='word_1_194' title='bbox 1149 1817 1249 1876; x_wconf 88' lang='lat' dir='ltr'><strong>datum</strong></span> <span class='ocrx_word' id='word_1_195' title='bbox 1270 1820 1384 1894; x_wconf 85' lang='lat' dir='ltr'><strong>asserit,</strong></span> <span class='ocrx_word' id='word_1_196' title='bbox 1399 1827 1436 1878; x_wconf 90' lang='lat' dir='ltr'><strong>nt</strong></span> 
     </span>
     <span class='ocr_line' id='line_1_19' title="bbox 220 1896 1434 1978; baseline 0.002 -22"><span class='ocrx_word' id='word_1_197' title='bbox 220 1917 291 1978; x_wconf 86' lang='lat' dir='ltr'><strong>pace</strong></span> <span class='ocrx_word' id='word_1_198' title='bbox 304 1917 356 1976; x_wconf 92' lang='lat' dir='ltr'><strong>per</strong></span> <span class='ocrx_word' id='word_1_199' title='bbox 370 1896 540 1976; x_wconf 85' lang='lat' dir='ltr'><strong>sanguinem</strong></span> <span class='ocrx_word' id='word_1_200' title='bbox 553 1898 630 1958; x_wconf 80' lang='lat' dir='ltr'><strong>iacta</strong></span> <span class='ocrx_word' id='word_1_201' title='bbox 644 1899 740 1957; x_wconf 88' lang='lat' dir='ltr'><strong>Deum</strong></span> <span class='ocrx_word' id='word_1_202' title='bbox 752 1897 925 1973; x_wconf 88' lang='lat' dir='ltr'><strong>hominihus,</strong></span> <span class='ocrx_word' id='word_1_203' title='bbox 941 1906 971 1956; x_wconf 87' lang='lat' dir='ltr'><strong>et</strong></span> <span class='ocrx_word' id='word_1_204' title='bbox 989 1897 1121 1956; x_wconf 88' lang='lat' dir='ltr'><strong>homines</strong></span> <span class='ocrx_word' id='word_1_205' title='bbox 1135 1897 1199 1955; x_wconf 92' lang='lat' dir='ltr'><strong>Deo</strong></span> <span class='ocrx_word' id='word_1_206' title='bbox 1220 1898 1434 1974; x_wconf 82' lang='lat' dir='ltr'><strong>reconciliaret,</strong></span> 
     </span>
     <span class='ocr_line' id='line_1_20' title="bbox 218 1977 1435 2057; baseline 0.002 -21"><span class='ocrx_word' id='word_1_207' title='bbox 218 1987 308 2056; x_wconf 86' lang='lat' dir='ltr'><strong>etque</strong></span> <span class='ocrx_word' id='word_1_208' title='bbox 322 1979 364 2038; x_wconf 88' lang='lat' dir='ltr'><strong>ita</strong></span> <span class='ocrx_word' id='word_1_209' title='bbox 377 1978 596 2038; x_wconf 80' lang='lat' dir='ltr'><strong>fundamentum</strong></span> <span class='ocrx_word' id='word_1_210' title='bbox 611 1987 687 2038; x_wconf 89' lang='lat' dir='ltr'><strong>esset</strong></span> <span class='ocrx_word' id='word_1_211' title='bbox 708 1987 738 2038; x_wconf 90' lang='lat' dir='ltr'><strong>et</strong></span> <span class='ocrx_word' id='word_1_212' title='bbox 759 1997 846 2036; x_wconf 69' lang='lat' dir='ltr'><strong>musa</strong></span> <span class='ocrx_word' id='word_1_213' title='bbox 867 1978 1083 2054; x_wconf 85' lang='lat' dir='ltr'><strong>omnigenarum</strong></span> <span class='ocrx_word' id='word_1_214' title='bbox 1105 1977 1350 2053; x_wconf 87' lang='lat' dir='ltr'><strong>benedictionum,</strong></span> <span class='ocrx_word' id='word_1_215' title='bbox 1367 2000 1435 2057; x_wconf 72' lang='lat' dir='ltr'><strong>quae</strong></span> 
     </span>
     <span class='ocr_line' id='line_1_21' title="bbox 220 2057 1432 2136; baseline 0.002 -20"><span class='ocrx_word' id='word_1_216' title='bbox 220 2059 270 2117; x_wconf 91' lang='lat' dir='ltr'><strong>vel</strong></span> <span class='ocrx_word' id='word_1_217' title='bbox 283 2059 314 2116; x_wconf 91' lang='lat' dir='ltr'><strong>in</strong></span> <span class='ocrx_word' id='word_1_218' title='bbox 328 2059 430 2136; x_wconf 85' lang='lat' dir='ltr'><strong>gretia,</strong></span> <span class='ocrx_word' id='word_1_219' title='bbox 442 2059 489 2118; x_wconf 90' lang='lat' dir='ltr'><strong>vel</strong></span> <span class='ocrx_word' id='word_1_220' title='bbox 508 2059 538 2116; x_wconf 91' lang='lat' dir='ltr'><strong>in</strong></span> <span class='ocrx_word' id='word_1_221' title='bbox 561 2059 655 2136; x_wconf 87' lang='lat' dir='ltr'><strong>gloria</strong></span> <span class='ocrx_word' id='word_1_222' title='bbox 668 2057 847 2120; x_wconf 76' lang='lat' dir='ltr'><strong>conferenda</strong></span> <span class='ocrx_word' id='word_1_223' title='bbox 860 2057 945 2116; x_wconf 86' lang='lat' dir='ltr'><strong>nohis</strong></span> <span class='ocrx_word' id='word_1_224' title='bbox 959 2065 1034 2131; x_wconf 89' lang='lat' dir='ltr'><strong>sunt,</strong></span> <span class='ocrx_word' id='word_1_225' title='bbox 1050 2057 1125 2135; x_wconf 85' lang='lat' dir='ltr'><strong>Eph.</strong></span> <span class='ocrx_word' id='word_1_226' title='bbox 1140 2057 1159 2115; x_wconf 92' lang='lat' dir='ltr'><strong>i.</strong></span> <span class='ocrx_word' id='word_1_227' title='bbox 1172 2059 1200 2131; x_wconf 87' lang='lat'><strong>3,</strong></span> <span class='ocrx_word' id='word_1_228' title='bbox 1210 2061 1238 2132; x_wconf 81' lang='lat'><strong>4,</strong></span> <span class='ocrx_word' id='word_1_229' title='bbox 1262 2057 1326 2118; x_wconf 91' lang='lat' dir='ltr'><strong>Col.</strong></span> <span class='ocrx_word' id='word_1_230' title='bbox 1341 2060 1362 2118; x_wconf 85' lang='lat' dir='ltr'><strong>i.</strong></span> <span class='ocrx_word' id='word_1_231' title='bbox 1382 2062 1432 2136; x_wconf 80' lang='lat'><strong>20,</strong></span> 
     </span>
     <span class='ocr_line' id='line_1_22' title="bbox 222 2136 1434 2217; baseline 0.002 -21"><span class='ocrx_word' id='word_1_232' title='bbox 222 2138 299 2198; x_wconf 89' lang='lat' dir='ltr'><strong>Heb.</strong></span> <span class='ocrx_word' id='word_1_233' title='bbox 315 2140 356 2198; x_wconf 88' lang='lat' dir='ltr'><strong>ix.</strong></span> <span class='ocrx_word' id='word_1_234' title='bbox 374 2142 428 2214; x_wconf 81' lang='lat'><strong>15;</strong></span> <span class='ocrx_word' id='word_1_235' title='bbox 451 2159 516 2217; x_wconf 80' lang='lat' dir='ltr'><strong>qnae</strong></span> <span class='ocrx_word' id='word_1_236' title='bbox 537 2159 606 2198; x_wconf 88' lang='lat' dir='ltr'><strong>sane</strong></span> <span class='ocrx_word' id='word_1_237' title='bbox 629 2139 687 2197; x_wconf 88' lang='lat' dir='ltr'><strong>dici</strong></span> <span class='ocrx_word' id='word_1_238' title='bbox 700 2157 759 2196; x_wconf 90' lang='lat' dir='ltr'><strong>non</strong></span> <span class='ocrx_word' id='word_1_239' title='bbox 772 2145 898 2216; x_wconf 84' lang='lat' dir='ltr'><strong>possent,</strong></span> <span class='ocrx_word' id='word_1_240' title='bbox 915 2137 939 2195; x_wconf 90' lang='lat' dir='ltr'><strong>ei</strong></span> <span class='ocrx_word' id='word_1_241' title='bbox 953 2136 1060 2196; x_wconf 78' lang='lat' dir='ltr'><strong>Christi</strong></span> <span class='ocrx_word' id='word_1_242' title='bbox 1079 2137 1179 2196; x_wconf 87' lang='lat' dir='ltr'><strong>missio</strong></span> <span class='ocrx_word' id='word_1_243' title='bbox 1199 2157 1258 2196; x_wconf 90' lang='lat' dir='ltr'><strong>non</strong></span> <span class='ocrx_word' id='word_1_244' title='bbox 1272 2147 1352 2198; x_wconf 90' lang='lat' dir='ltr'><strong>esset</strong></span> <span class='ocrx_word' id='word_1_245' title='bbox 1365 2160 1434 2217; x_wconf 89' lang='lat' dir='ltr'><strong>pro-</strong></span> 
     </span>
     <span class='ocr_line' id='line_1_23' title="bbox 219 2217 1434 2296; baseline 0.002 -20"><span class='ocrx_word' id='word_1_246' title='bbox 219 2219 315 2296; x_wconf 88' lang='lat' dir='ltr'><strong>prium</strong></span> <span class='ocrx_word' id='word_1_247' title='bbox 327 2218 499 2278; x_wconf 87' lang='lat' dir='ltr'><strong>heneficium</strong></span> <span class='ocrx_word' id='word_1_248' title='bbox 515 2219 618 2293; x_wconf 82' lang='lat' dir='ltr'><strong>Petris,</strong></span> <span class='ocrx_word' id='word_1_249' title='bbox 634 2218 672 2276; x_wconf 90' lang='lat' dir='ltr'><strong>ad</strong></span> <span class='ocrx_word' id='word_1_250' title='bbox 692 2217 815 2278; x_wconf 87' lang='lat' dir='ltr'><strong>salutem</strong></span> <span class='ocrx_word' id='word_1_251' title='bbox 836 2237 952 2276; x_wconf 89' lang='lat' dir='ltr'><strong>suorum</strong></span> <span class='ocrx_word' id='word_1_252' title='bbox 965 2217 1128 2276; x_wconf 90' lang='lat' dir='ltr'><strong>omnimode</strong></span> <span class='ocrx_word' id='word_1_253' title='bbox 1141 2217 1363 2294; x_wconf 82' lang='lat' dir='ltr'><strong>procurandum,</strong></span> <span class='ocrx_word' id='word_1_254' title='bbox 1380 2220 1434 2278; x_wconf 87' lang='lat' dir='ltr'><strong>sed</strong></span> 
     </span>
     <span class='ocr_line' id='line_1_24' title="bbox 220 2297 1433 2376; baseline 0.002 -20"><span class='ocrx_word' id='word_1_255' title='bbox 220 2317 293 2375; x_wconf 89' lang='lat' dir='ltr'><strong>opus</strong></span> <span class='ocrx_word' id='word_1_256' title='bbox 306 2306 419 2357; x_wconf 88' lang='lat' dir='ltr'><strong>tantum</strong></span> <span class='ocrx_word' id='word_1_257' title='bbox 434 2298 630 2374; x_wconf 78' lang='lat' dir='ltr'><strong>legislatoris,</strong></span> <span class='ocrx_word' id='word_1_258' title='bbox 642 2298 694 2375; x_wconf 90' lang='lat' dir='ltr'><strong>qui</strong></span> <span class='ocrx_word' id='word_1_259' title='bbox 707 2297 887 2356; x_wconf 84' lang='lat' dir='ltr'><strong>obstaculum</strong></span> <span class='ocrx_word' id='word_1_260' title='bbox 901 2297 956 2354; x_wconf 92' lang='lat' dir='ltr'><strong>hoe</strong></span> <span class='ocrx_word' id='word_1_261' title='bbox 969 2305 1054 2374; x_wconf 87' lang='lat' dir='ltr'><strong>pecto</strong></span> <span class='ocrx_word' id='word_1_262' title='bbox 1067 2297 1192 2356; x_wconf 88' lang='lat' dir='ltr'><strong>voluerit</strong></span> <span class='ocrx_word' id='word_1_263' title='bbox 1205 2317 1356 2358; x_wconf 89' lang='lat' dir='ltr'><strong>removere</strong></span> <span class='ocrx_word' id='word_1_264' title='bbox 1366 2301 1433 2376; x_wconf 88' lang='lat' dir='ltr'><strong>jus·</strong></span> 
     </span>
     <span class='ocr_line' id='line_1_25' title="bbox 218 2375 1434 2454; baseline 0.002 -18"><span class='ocrx_word' id='word_1_265' title='bbox 218 2377 291 2436; x_wconf 80' lang='lat' dir='ltr'><strong>titiae</strong></span> <span class='ocrx_word' id='word_1_266' title='bbox 306 2396 374 2450; x_wconf 78' lang='lat' dir='ltr'><strong>sua,</strong></span> <span class='ocrx_word' id='word_1_267' title='bbox 389 2385 422 2436; x_wconf 91' lang='lat' dir='ltr'><strong>ut</strong></span> <span class='ocrx_word' id='word_1_268' title='bbox 435 2377 568 2436; x_wconf 85' lang='lat' dir='ltr'><strong>fundaret</strong></span> <span class='ocrx_word' id='word_1_269' title='bbox 583 2377 692 2454; x_wconf 83' lang='lat' dir='ltr'><strong>Legem</strong></span> <span class='ocrx_word' id='word_1_270' title='bbox 707 2377 914 2453; x_wconf 83' lang='lat' dir='ltr'><strong>Evangelicem</strong></span> <span class='ocrx_word' id='word_1_271' title='bbox 935 2375 1003 2436; x_wconf 86' lang='lat' dir='ltr'><strong>fidei</strong></span> <span class='ocrx_word' id='word_1_272' title='bbox 1022 2377 1052 2434; x_wconf 91' lang='lat' dir='ltr'><strong>in</strong></span> <span class='ocrx_word' id='word_1_273' title='bbox 1066 2377 1220 2452; x_wconf 88' lang='lat' dir='ltr'><strong>Christum,</strong></span> <span class='ocrx_word' id='word_1_274' title='bbox 1236 2385 1266 2436; x_wconf 91' lang='lat' dir='ltr'><strong>et</strong></span> <span class='ocrx_word' id='word_1_275' title='bbox 1280 2377 1361 2436; x_wconf 87' lang='lat' dir='ltr'><strong>viam</strong></span> <span class='ocrx_word' id='word_1_276' title='bbox 1376 2379 1434 2438; x_wconf 85' lang='lat' dir='ltr'><strong>eibi</strong></span> 
     </span>
     <span class='ocr_line' id='line_1_26' title="bbox 218 2455 1434 2534; baseline 0.005 -21"><span class='ocrx_word' id='word_1_277' title='bbox 218 2455 343 2532; x_wconf 81' lang='lat' dir='ltr'><strong>aperiret</strong></span> <span class='ocrx_word' id='word_1_278' title='bbox 355 2455 392 2513; x_wconf 90' lang='lat' dir='ltr'><strong>ad</strong></span> <span class='ocrx_word' id='word_1_279' title='bbox 406 2455 594 2514; x_wconf 85' lang='lat' dir='ltr'><strong>hocoffieium</strong></span> <span class='ocrx_word' id='word_1_280' title='bbox 605 2465 743 2516; x_wconf 76' lang='lat' dir='ltr'><strong>menturae</strong></span> <span class='ocrx_word' id='word_1_281' title='bbox 755 2456 1008 2532; x_wconf 68' lang='lat' dir='ltr'><strong>praescribendum.</strong></span> <span class='ocrx_word' id='word_1_282' title='bbox 1049 2457 1117 2532; x_wconf 88' lang='lat' dir='ltr'><strong>Nec,</strong></span> <span class='ocrx_word' id='word_1_283' title='bbox 1130 2457 1155 2515; x_wconf 87' lang='lat' dir='ltr'><strong>si</strong></span> <span class='ocrx_word' id='word_1_284' title='bbox 1168 2457 1199 2514; x_wconf 92' lang='lat' dir='ltr'><strong>in</strong></span> <span class='ocrx_word' id='word_1_285' title='bbox 1213 2455 1434 2534; x_wconf 75' lang='lat' dir='ltr'><strong>dispensatione</strong></span> 
     </span>
     <span class='ocr_line' id='line_1_27' title="bbox 220 2535 1432 2616; baseline 0.005 -24"><span class='ocrx_word' id='word_1_286' title='bbox 220 2535 375 2611; x_wconf 84' lang='lat' dir='ltr'><strong>Evangelii</strong></span> <span class='ocrx_word' id='word_1_287' title='bbox 389 2535 502 2594; x_wconf 88' lang='lat' dir='ltr'><strong>vocatio</strong></span> <span class='ocrx_word' id='word_1_288' title='bbox 521 2544 642 2594; x_wconf 88' lang='lat' dir='ltr'><strong>externa</strong></span> <span class='ocrx_word' id='word_1_289' title='bbox 665 2535 703 2594; x_wconf 88' lang='lat' dir='ltr'><strong>ad</strong></span> <span class='ocrx_word' id='word_1_290' title='bbox 727 2535 865 2613; x_wconf 87' lang='lat' dir='ltr'><strong>reprobos</strong></span> <span class='ocrx_word' id='word_1_291' title='bbox 886 2536 996 2594; x_wconf 89' lang='lat' dir='ltr'><strong>directa</strong></span> <span class='ocrx_word' id='word_1_292' title='bbox 1016 2537 1155 2596; x_wconf 87' lang='lat' dir='ltr'><strong>rationem</strong></span> <span class='ocrx_word' id='word_1_293' title='bbox 1178 2537 1267 2596; x_wconf 84' lang='lat' dir='ltr'><strong>hahet</strong></span> <span class='ocrx_word' id='word_1_294' title='bbox 1286 2538 1432 2616; x_wconf 85' lang='lat' dir='ltr'><strong>jussionis</strong></span> 
     </span>
     <span class='ocr_line' id='line_1_28' title="bbox 218 2613 1429 2694; baseline 0.003 -20"><span class='ocrx_word' id='word_1_295' title='bbox 218 2622 331 2674; x_wconf 90' lang='lat' dir='ltr'><strong>tantum</strong></span> <span class='ocrx_word' id='word_1_296' title='bbox 344 2613 456 2690; x_wconf 86' lang='lat' dir='ltr'><strong>legalis,</strong></span> <span class='ocrx_word' id='word_1_297' title='bbox 466 2615 535 2692; x_wconf 84' lang='lat' dir='ltr'><strong>quia</strong></span> <span class='ocrx_word' id='word_1_298' title='bbox 548 2634 607 2673; x_wconf 90' lang='lat' dir='ltr'><strong>non</strong></span> <span class='ocrx_word' id='word_1_299' title='bbox 621 2615 742 2675; x_wconf 89' lang='lat' dir='ltr'><strong>ulterius</strong></span> <span class='ocrx_word' id='word_1_300' title='bbox 755 2614 931 2690; x_wconf 83' lang='lat' dir='ltr'><strong>extenditur,</strong></span> <span class='ocrx_word' id='word_1_301' title='bbox 941 2634 1028 2693; x_wconf 87' lang='lat' dir='ltr'><strong>quam</strong></span> <span class='ocrx_word' id='word_1_302' title='bbox 1042 2616 1079 2674; x_wconf 90' lang='lat' dir='ltr'><strong>ad</strong></span> <span class='ocrx_word' id='word_1_303' title='bbox 1092 2617 1315 2694; x_wconf 70' lang='lat' dir='ltr'><strong>preceptionem</strong></span> <span class='ocrx_word' id='word_1_304' title='bbox 1327 2619 1429 2694; x_wconf 88' lang='lat' dir='ltr'><strong>officii;</strong></span> 
     </span>
     <span class='ocr_line' id='line_1_29' title="bbox 219 2694 1431 2776; baseline 0.003 -24"><span class='ocrx_word' id='word_1_305' title='bbox 219 2694 349 2772; x_wconf 86' lang='lat' dir='ltr'><strong>sequitur</strong></span> <span class='ocrx_word' id='word_1_306' title='bbox 362 2695 470 2752; x_wconf 89' lang='lat' dir='ltr'><strong>donum</strong></span> <span class='ocrx_word' id='word_1_307' title='bbox 484 2695 563 2770; x_wconf 87' lang='lat' dir='ltr'><strong>Filii,</strong></span> <span class='ocrx_word' id='word_1_308' title='bbox 578 2695 640 2754; x_wconf 89' lang='lat' dir='ltr'><strong>sive</strong></span> <span class='ocrx_word' id='word_1_309' title='bbox 662 2694 815 2755; x_wconf 88' lang='lat' dir='ltr'><strong>consilium</strong></span> <span class='ocrx_word' id='word_1_310' title='bbox 836 2695 982 2754; x_wconf 77' lang='lat' dir='ltr'><strong>missionis</strong></span> <span class='ocrx_word' id='word_1_311' title='bbox 997 2697 1067 2773; x_wconf 86' lang='lat' dir='ltr'><strong>ejus,</strong></span> <span class='ocrx_word' id='word_1_312' title='bbox 1089 2715 1152 2755; x_wconf 88' lang='lat' dir='ltr'><strong>esse</strong></span> <span class='ocrx_word' id='word_1_313' title='bbox 1166 2716 1184 2755; x_wconf 89' lang='lat' dir='ltr'><strong>a</strong></span> <span class='ocrx_word' id='word_1_314' title='bbox 1199 2696 1262 2755; x_wconf 88' lang='lat' dir='ltr'><strong>Deo</strong></span> <span class='ocrx_word' id='word_1_315' title='bbox 1277 2705 1311 2756; x_wconf 90' lang='lat' dir='ltr'><strong>ut</strong></span> <span class='ocrx_word' id='word_1_316' title='bbox 1327 2697 1431 2776; x_wconf 86' lang='lat' dir='ltr'><strong>Legis·</strong></span> 
     </span>
     <span class='ocr_line' id='line_1_30' title="bbox 218 2774 1429 2854; baseline 0.004 -22"><span class='ocrx_word' id='word_1_317' title='bbox 218 2774 318 2848; x_wconf 89' lang='lat' dir='ltr'><strong>latore,</strong></span> <span class='ocrx_word' id='word_1_318' title='bbox 334 2793 399 2833; x_wconf 88' lang='lat' dir='ltr'><strong>eum</strong></span> <span class='ocrx_word' id='word_1_319' title='bbox 414 2782 526 2833; x_wconf 87' lang='lat' dir='ltr'><strong>constet</strong></span> <span class='ocrx_word' id='word_1_320' title='bbox 539 2775 686 2853; x_wconf 88' lang='lat' dir='ltr'><strong>proprium</strong></span> <span class='ocrx_word' id='word_1_321' title='bbox 701 2774 757 2833; x_wconf 89' lang='lat' dir='ltr'><strong>Dei</strong></span> <span class='ocrx_word' id='word_1_322' title='bbox 770 2774 856 2834; x_wconf 90' lang='lat' dir='ltr'><strong>finem</strong></span> <span class='ocrx_word' id='word_1_323' title='bbox 878 2775 909 2832; x_wconf 90' lang='lat' dir='ltr'><strong>in</strong></span> <span class='ocrx_word' id='word_1_324' title='bbox 929 2794 963 2834; x_wconf 91' lang='lat' dir='ltr'><strong>eo</strong></span> <span class='ocrx_word' id='word_1_325' title='bbox 977 2795 1035 2834; x_wconf 93' lang='lat' dir='ltr'><strong>non</strong></span> <span class='ocrx_word' id='word_1_326' title='bbox 1049 2775 1136 2834; x_wconf 86' lang='lat' dir='ltr'><strong>alium</strong></span> <span class='ocrx_word' id='word_1_327' title='bbox 1150 2795 1222 2852; x_wconf 88' lang='lat' dir='ltr'><strong>esse,</strong></span> <span class='ocrx_word' id='word_1_328' title='bbox 1238 2796 1328 2854; x_wconf 89' lang='lat' dir='ltr'><strong>quam</strong></span> <span class='ocrx_word' id='word_1_329' title='bbox 1343 2778 1429 2838; x_wconf 88' lang='lat' dir='ltr'><strong>Elec-</strong></span> 
     </span>
     <span class='ocr_line' id='line_1_31' title="bbox 218 2854 1243 2932; baseline 0.003 -20"><span class='ocrx_word' id='word_1_330' title='bbox 218 2861 325 2929; x_wconf 87' lang='lat' dir='ltr'><strong>torum,</strong></span> <span class='ocrx_word' id='word_1_331' title='bbox 340 2854 391 2931; x_wconf 92' lang='lat' dir='ltr'><strong>qui</strong></span> <span class='ocrx_word' id='word_1_332' title='bbox 405 2854 462 2932; x_wconf 89' lang='lat' dir='ltr'><strong>ipsi</strong></span> <span class='ocrx_word' id='word_1_333' title='bbox 475 2854 535 2914; x_wconf 86' lang='lat' dir='ltr'><strong>dati</strong></span> <span class='ocrx_word' id='word_1_334' title='bbox 549 2864 617 2914; x_wconf 87' lang='lat' dir='ltr'><strong>aunt</strong></span> <span class='ocrx_word' id='word_1_335' title='bbox 629 2854 791 2914; x_wconf 83' lang='lat' dir='ltr'><strong>redimendi</strong></span> <span class='ocrx_word' id='word_1_336' title='bbox 804 2875 822 2912; x_wconf 89' lang='lat' dir='ltr'><strong>a</strong></span> <span class='ocrx_word' id='word_1_337' title='bbox 836 2854 931 2931; x_wconf 87' lang='lat' dir='ltr'><strong>Patre,</strong></span> <span class='ocrx_word' id='word_1_338' title='bbox 947 2856 1068 2916; x_wconf 87' lang='lat' dir='ltr'><strong>salutem</strong></span> <span class='ocrx_word' id='word_1_339' title='bbox 1081 2875 1243 2932; x_wconf 90' lang='lat' dir='ltr'><strong>procurare.</strong></span> 
     </span>
    </p>

    <p class='ocr_par' dir='ltr' id='par_1_3' title="bbox 217 2933 1428 4444">
     <span class='ocr_line' id='line_1_32' title="bbox 261 2933 1428 3015; baseline 0.006 -24"><span class='ocrx_word' id='word_1_340' title='bbox 261 2933 340 2992; x_wconf 90' lang='lat' dir='ltr'><strong>XX.</strong></span> <span class='ocrx_word' id='word_1_341' title='bbox 362 2934 436 2994; x_wconf 89' lang='lat' dir='ltr'><strong>Cum</strong></span> <span class='ocrx_word' id='word_1_342' title='bbox 450 2955 520 3013; x_wconf 87' lang='lat' dir='ltr'><strong>ergo</strong></span> <span class='ocrx_word' id='word_1_343' title='bbox 535 2955 573 2994; x_wconf 84' lang='lat' dir='ltr'><strong>ex</strong></span> <span class='ocrx_word' id='word_1_344' title='bbox 586 2935 633 2994; x_wconf 90' lang='lat' dir='ltr'><strong>his</strong></span> <span class='ocrx_word' id='word_1_345' title='bbox 646 2935 756 3013; x_wconf 85' lang='lat' dir='ltr'><strong>liqueat</strong></span> <span class='ocrx_word' id='word_1_346' title='bbox 775 2934 905 2993; x_wconf 85' lang='lat' dir='ltr'><strong>ordinem</strong></span> <span class='ocrx_word' id='word_1_347' title='bbox 925 2935 1012 2994; x_wconf 80' lang='lat' dir='ltr'><strong>iatrm</strong></span> <span class='ocrx_word' id='word_1_348' title='bbox 1035 2936 1221 2994; x_wconf 89' lang='lat' dir='ltr'><strong>Decretorum</strong></span> <span class='ocrx_word' id='word_1_349' title='bbox 1242 2955 1302 2996; x_wconf 90' lang='lat' dir='ltr'><strong>non</strong></span> <span class='ocrx_word' id='word_1_350' title='bbox 1323 2957 1428 3015; x_wconf 89' lang='lat' dir='ltr'><strong>parum</strong></span> 
     </span>
     <span class='ocr_line' id='line_1_33' title="bbox 222 3013 1428 3094; baseline 0.004 -22"><span class='ocrx_word' id='word_1_351' title='bbox 222 3013 357 3074; x_wconf 86' lang='lat' dir='ltr'><strong>recedere</strong></span> <span class='ocrx_word' id='word_1_352' title='bbox 371 3015 408 3072; x_wconf 89' lang='lat' dir='ltr'><strong>ab</strong></span> <span class='ocrx_word' id='word_1_353' title='bbox 421 3015 599 3094; x_wconf 85' lang='lat' dir='ltr'><strong>hypotyposi</strong></span> <span class='ocrx_word' id='word_1_354' title='bbox 613 3035 748 3074; x_wconf 89' lang='lat' dir='ltr'><strong>senorum</strong></span> <span class='ocrx_word' id='word_1_355' title='bbox 762 3033 935 3091; x_wconf 88' lang='lat' dir='ltr'><strong>sermonum,</strong></span> <span class='ocrx_word' id='word_1_356' title='bbox 950 3025 980 3075; x_wconf 91' lang='lat' dir='ltr'><strong>et</strong></span> <span class='ocrx_word' id='word_1_357' title='bbox 992 3015 1073 3073; x_wconf 86' lang='lat' dir='ltr'><strong>varia</strong></span> <span class='ocrx_word' id='word_1_358' title='bbox 1086 3015 1210 3074; x_wconf 85' lang='lat' dir='ltr'><strong>absurda</strong></span> <span class='ocrx_word' id='word_1_359' title='bbox 1223 3026 1291 3092; x_wconf 89' lang='lat' dir='ltr'><strong>post</strong></span> <span class='ocrx_word' id='word_1_360' title='bbox 1312 3037 1345 3076; x_wconf 87' lang='lat' dir='ltr'><strong>ee</strong></span> <span class='ocrx_word' id='word_1_361' title='bbox 1370 3027 1428 3077; x_wconf 84' lang='lat' dir='ltr'><strong>tra·</strong></span> 
     </span>
     <span class='ocr_line' id='line_1_34' title="bbox 220 3093 1425 3173; baseline 0.004 -21"><span class='ocrx_word' id='word_1_362' title='bbox 220 3094 298 3169; x_wconf 90' lang='lat' dir='ltr'><strong>here,</strong></span> <span class='ocrx_word' id='word_1_363' title='bbox 313 3095 418 3154; x_wconf 88' lang='lat' dir='ltr'><strong>mirum</strong></span> <span class='ocrx_word' id='word_1_364' title='bbox 432 3095 526 3154; x_wconf 87' lang='lat' dir='ltr'><strong>videri</strong></span> <span class='ocrx_word' id='word_1_365' title='bbox 539 3115 598 3154; x_wconf 91' lang='lat' dir='ltr'><strong>non</strong></span> <span class='ocrx_word' id='word_1_366' title='bbox 612 3095 707 3172; x_wconf 89' lang='lat' dir='ltr'><strong>debet,</strong></span> <span class='ocrx_word' id='word_1_367' title='bbox 723 3095 799 3154; x_wconf 88' lang='lat' dir='ltr'><strong>siah</strong></span> <span class='ocrx_word' id='word_1_368' title='bbox 814 3094 953 3154; x_wconf 85' lang='lat' dir='ltr'><strong>Ecclesiis</strong></span> <span class='ocrx_word' id='word_1_369' title='bbox 967 3095 1072 3154; x_wconf 89' lang='lat' dir='ltr'><strong>nostris</strong></span> <span class='ocrx_word' id='word_1_370' title='bbox 1092 3093 1181 3171; x_wconf 87' lang='lat' dir='ltr'><strong>recipi</strong></span> <span class='ocrx_word' id='word_1_371' title='bbox 1201 3115 1260 3153; x_wconf 91' lang='lat' dir='ltr'><strong>non</strong></span> <span class='ocrx_word' id='word_1_372' title='bbox 1284 3097 1425 3173; x_wconf 86' lang='lat' dir='ltr'><strong>potuerit.</strong></span> 
     </span>
     <span class='ocr_line' id='line_1_35' title="bbox 221 3173 1428 3252; baseline 0.003 -20"><span class='ocrx_word' id='word_1_373' title='bbox 221 3173 283 3232; x_wconf 87' lang='lat' dir='ltr'><strong>Nec</strong></span> <span class='ocrx_word' id='word_1_374' title='bbox 297 3175 416 3233; x_wconf 87' lang='lat' dir='ltr'><strong>obtendi</strong></span> <span class='ocrx_word' id='word_1_375' title='bbox 426 3175 512 3234; x_wconf 89' lang='lat' dir='ltr'><strong>debet</strong></span> <span class='ocrx_word' id='word_1_376' title='bbox 526 3175 749 3235; x_wconf 89' lang='lat' dir='ltr'><strong>commodiorem</strong></span> <span class='ocrx_word' id='word_1_377' title='bbox 763 3174 864 3252; x_wconf 89' lang='lat' dir='ltr'><strong>videri,</strong></span> <span class='ocrx_word' id='word_1_378' title='bbox 878 3173 960 3234; x_wconf 82' lang='lat' dir='ltr'><strong>LAd</strong></span> <span class='ocrx_word' id='word_1_379' title='bbox 974 3176 1161 3234; x_wconf 73' lang='lat' dir='ltr'><strong>extollendam</strong></span> <span class='ocrx_word' id='word_1_380' title='bbox 1174 3175 1234 3232; x_wconf 85' lang='lat' dir='ltr'><strong>Dei</strong></span> <span class='ocrx_word' id='word_1_381' title='bbox 1254 3177 1408 3236; x_wconf 63' lang='lat' dir='ltr'><strong>commem</strong></span> <span class='ocrx_word' id='word_1_382' title='bbox 1415 3202 1428 3250; x_wconf 80' lang='lat'><strong>,-</strong></span> 
     </span>
     <span class='ocr_line' id='line_1_36' title="bbox 221 3253 1425 3332; baseline 0.003 -22"><span class='ocrx_word' id='word_1_383' title='bbox 221 3253 297 3327; x_wconf 85' lang='lat' dir='ltr'><strong>Quia</strong></span> <span class='ocrx_word' id='word_1_384' title='bbox 311 3273 370 3312; x_wconf 89' lang='lat' dir='ltr'><strong>non</strong></span> <span class='ocrx_word' id='word_1_385' title='bbox 383 3255 541 3330; x_wconf 87' lang='lat' dir='ltr'><strong>extollitur,</strong></span> <span class='ocrx_word' id='word_1_386' title='bbox 558 3253 610 3314; x_wconf 90' lang='lat' dir='ltr'><strong>sed</strong></span> <span class='ocrx_word' id='word_1_387' title='bbox 623 3255 794 3315; x_wconf 86' lang='lat' dir='ltr'><strong>obscuratur</strong></span> <span class='ocrx_word' id='word_1_388' title='bbox 805 3255 902 3332; x_wconf 88' lang='lat' dir='ltr'><strong>petius</strong></span> <span class='ocrx_word' id='word_1_389' title='bbox 916 3263 945 3314; x_wconf 90' lang='lat' dir='ltr'><strong>et</strong></span> <span class='ocrx_word' id='word_1_390' title='bbox 958 3253 1102 3329; x_wconf 88' lang='lat' dir='ltr'><strong>minuitur,</strong></span> <span class='ocrx_word' id='word_1_391' title='bbox 1113 3253 1229 3330; x_wconf 88' lang='lat' dir='ltr'><strong>quando</strong></span> <span class='ocrx_word' id='word_1_392' title='bbox 1243 3275 1323 3314; x_wconf 89' lang='lat' dir='ltr'><strong>vana</strong></span> <span class='ocrx_word' id='word_1_393' title='bbox 1335 3265 1367 3316; x_wconf 91' lang='lat' dir='ltr'><strong>et</strong></span> <span class='ocrx_word' id='word_1_394' title='bbox 1380 3258 1425 3314; x_wconf 92' lang='lat' dir='ltr'><strong>in-</strong></span> 
     </span>
     <span class='ocr_line' id='line_1_37' title="bbox 223 3331 1427 3395; baseline 0.005 -7"><span class='ocrx_word' id='word_1_395' title='bbox 223 3331 325 3390; x_wconf 87' lang='lat' dir='ltr'><strong>efficax</strong></span> <span class='ocrx_word' id='word_1_396' title='bbox 340 3335 485 3393; x_wconf 87' lang='lat' dir='ltr'><strong>statuitur.</strong></span> <span class='ocrx_word' id='word_1_397' title='bbox 528 3340 555 3392; x_wconf 81' lang='lat'><strong>2.</strong></span> <span class='ocrx_word' id='word_1_398' title='bbox 578 3335 629 3392; x_wconf 86' lang='lat' dir='ltr'><strong>Ad</strong></span> <span class='ocrx_word' id='word_1_399' title='bbox 642 3338 808 3395; x_wconf 81' lang='lat' dir='ltr'><strong>salvandam</strong></span> <span class='ocrx_word' id='word_1_400' title='bbox 829 3335 971 3393; x_wconf 69' lang='grc' dir='ltr'>υιήιιιιοιιι</span> <span class='ocrx_word' id='word_1_401' title='bbox 993 3335 1160 3392; x_wconf 77' lang='lat' dir='ltr'><strong>invitationis</strong></span> <span class='ocrx_word' id='word_1_402' title='bbox 1178 3335 1306 3394; x_wconf 87' lang='lat' dir='ltr'><strong>omnium</strong></span> <span class='ocrx_word' id='word_1_403' title='bbox 1331 3337 1427 3394; x_wconf 90' lang='lat' dir='ltr'><strong>homi·</strong></span> 
     </span>
     <span class='ocr_line' id='line_1_38' title="bbox 220 3411 1427 3492; baseline 0.007 -26"><span class='ocrx_word' id='word_1_404' title='bbox 220 3429 291 3468; x_wconf 90' lang='lat' dir='ltr'><strong>num</strong></span> <span class='ocrx_word' id='word_1_405' title='bbox 305 3411 343 3468; x_wconf 90' lang='lat' dir='ltr'><strong>ad</strong></span> <span class='ocrx_word' id='word_1_406' title='bbox 357 3412 498 3488; x_wconf 72' lang='lat' dir='ltr'><strong>salutem,</strong></span> <span class='ocrx_word' id='word_1_407' title='bbox 522 3414 596 3487; x_wconf 85' lang='lat' dir='ltr'><strong>Quia</strong></span> <span class='ocrx_word' id='word_1_408' title='bbox 610 3434 647 3472; x_wconf 88' lang='lat' dir='ltr'><strong>ex</strong></span> <span class='ocrx_word' id='word_1_409' title='bbox 661 3423 727 3474; x_wconf 87' lang='lat' dir='ltr'><strong>ante</strong></span> <span class='ocrx_word' id='word_1_410' title='bbox 742 3414 827 3474; x_wconf 89' lang='lat' dir='ltr'><strong>dictis</strong></span> <span class='ocrx_word' id='word_1_411' title='bbox 841 3422 920 3492; x_wconf 89' lang='lat' dir='ltr'><strong>patet</strong></span> <span class='ocrx_word' id='word_1_412' title='bbox 933 3433 1013 3473; x_wconf 90' lang='lat' dir='ltr'><strong>suam</strong></span> <span class='ocrx_word' id='word_1_413' title='bbox 1027 3413 1069 3471; x_wconf 91' lang='lat' dir='ltr'><strong>illi</strong></span> <span class='ocrx_word' id='word_1_414' title='bbox 1083 3421 1214 3473; x_wconf 86' lang='lat' dir='ltr'><strong>constare</strong></span> <span class='ocrx_word' id='word_1_415' title='bbox 1228 3415 1427 3475; x_wconf 83' lang='lat' dir='ltr'><strong>sinceritatem</strong></span> 
     </span>
     <span class='ocr_line' id='line_1_39' title="bbox 219 3489 1426 3570; baseline 0.007 -24"><span class='ocrx_word' id='word_1_416' title='bbox 219 3489 284 3546; x_wconf 90' lang='lat' dir='ltr'><strong>sine</strong></span> <span class='ocrx_word' id='word_1_417' title='bbox 298 3489 392 3565; x_wconf 87' lang='lat' dir='ltr'><strong>gratia</strong></span> <span class='ocrx_word' id='word_1_418' title='bbox 405 3492 571 3567; x_wconf 85' lang='lat' dir='ltr'><strong>universali,</strong></span> <span class='ocrx_word' id='word_1_419' title='bbox 586 3513 641 3551; x_wconf 90' lang='lat' dir='ltr'><strong>nec</strong></span> <span class='ocrx_word' id='word_1_420' title='bbox 660 3513 724 3552; x_wconf 88' lang='lat' dir='ltr'><strong>eam</strong></span> <span class='ocrx_word' id='word_1_421' title='bbox 748 3493 863 3552; x_wconf 68' lang='lat' dir='ltr'><strong>fiundmi</strong></span> <span class='ocrx_word' id='word_1_422' title='bbox 886 3493 917 3552; x_wconf 90' lang='lat' dir='ltr'><strong>in</strong></span> <span class='ocrx_word' id='word_1_423' title='bbox 939 3492 1154 3552; x_wconf 83' lang='lat' dir='ltr'><strong>universalitate</strong></span> <span class='ocrx_word' id='word_1_424' title='bbox 1179 3493 1289 3570; x_wconf 73' lang='lat' dir='ltr'><strong>gratia,</strong></span> <span class='ocrx_word' id='word_1_425' title='bbox 1317 3495 1371 3554; x_wconf 89' lang='lat' dir='ltr'><strong>sed</strong></span> <span class='ocrx_word' id='word_1_426' title='bbox 1395 3497 1426 3554; x_wconf 91' lang='lat' dir='ltr'><strong>in</strong></span> 
     </span>
     <span class='ocr_line' id='line_1_40' title="bbox 219 3568 1425 3651; baseline 0.006 -26"><span class='ocrx_word' id='word_1_427' title='bbox 219 3568 381 3626; x_wconf 70' lang='lat' dir='ltr'><strong>oeconomia</strong></span> <span class='ocrx_word' id='word_1_428' title='bbox 394 3569 512 3628; x_wconf 86' lang='lat' dir='ltr'><strong>foederis</strong></span> <span class='ocrx_word' id='word_1_429' title='bbox 524 3571 602 3646; x_wconf 86' lang='lat' dir='ltr'><strong>novi,</strong></span> <span class='ocrx_word' id='word_1_430' title='bbox 618 3593 684 3648; x_wconf 88' lang='lat' dir='ltr'><strong>qua,</strong></span> <span class='ocrx_word' id='word_1_431' title='bbox 701 3573 815 3633; x_wconf 85' lang='lat' dir='ltr'><strong>sublate</strong></span> <span class='ocrx_word' id='word_1_432' title='bbox 829 3574 907 3633; x_wconf 89' lang='lat' dir='ltr'><strong>omni</strong></span> <span class='ocrx_word' id='word_1_433' title='bbox 920 3573 1088 3651; x_wconf 85' lang='lat' dir='ltr'><strong>populorum</strong></span> <span class='ocrx_word' id='word_1_434' title='bbox 1099 3572 1425 3651; x_wconf 86' lang='lat' dir='ltr'><strong>externadistinctione,</strong></span> 
     </span>
     <span class='ocr_line' id='line_1_41' title="bbox 221 3647 1426 3730; baseline 0.007 -25"><span class='ocrx_word' id='word_1_435' title='bbox 221 3647 315 3706; x_wconf 84' lang='lat' dir='ltr'><strong>Filius</strong></span> <span class='ocrx_word' id='word_1_436' title='bbox 330 3648 385 3706; x_wconf 89' lang='lat' dir='ltr'><strong>sibi</strong></span> <span class='ocrx_word' id='word_1_437' title='bbox 399 3649 504 3709; x_wconf 88' lang='lat' dir='ltr'><strong>ascivit</strong></span> <span class='ocrx_word' id='word_1_438' title='bbox 517 3659 619 3727; x_wconf 89' lang='lat' dir='ltr'><strong>gentes</strong></span> <span class='ocrx_word' id='word_1_439' title='bbox 634 3673 734 3712; x_wconf 89' lang='lat' dir='ltr'><strong>omnes</strong></span> <span class='ocrx_word' id='word_1_440' title='bbox 748 3654 778 3711; x_wconf 92' lang='lat' dir='ltr'><strong>in</strong></span> <span class='ocrx_word' id='word_1_441' title='bbox 792 3653 996 3726; x_wconf 79' lang='lat' dir='ltr'><strong>hereditatem,</strong></span> <span class='ocrx_word' id='word_1_442' title='bbox 1010 3652 1050 3711; x_wconf 93' lang='lat' dir='ltr'><strong>id.</strong></span> <span class='ocrx_word' id='word_1_443' title='bbox 1065 3671 1134 3728; x_wconf 87' lang='lat' dir='ltr'><strong>erga</strong></span> <span class='ocrx_word' id='word_1_444' title='bbox 1151 3651 1297 3730; x_wconf 88' lang='lat' dir='ltr'><strong>quaslibet</strong></span> <span class='ocrx_word' id='word_1_445' title='bbox 1319 3665 1426 3730; x_wconf 85' lang='lat' dir='ltr'><strong>gentes</strong></span> 
     </span>
     <span class='ocr_line' id='line_1_42' title="bbox 219 3728 1426 3812; baseline 0.006 -26"><span class='ocrx_word' id='word_1_446' title='bbox 219 3736 251 3786; x_wconf 89' lang='lat' dir='ltr'><strong>et</strong></span> <span class='ocrx_word' id='word_1_447' title='bbox 263 3728 386 3806; x_wconf 86' lang='lat' dir='ltr'><strong>populos</strong></span> <span class='ocrx_word' id='word_1_448' title='bbox 400 3730 590 3789; x_wconf 88' lang='lat' dir='ltr'><strong>communiter</strong></span> <span class='ocrx_word' id='word_1_449' title='bbox 603 3752 656 3809; x_wconf 89' lang='lat' dir='ltr'><strong>pro</strong></span> <span class='ocrx_word' id='word_1_450' title='bbox 670 3733 788 3792; x_wconf 87' lang='lat' dir='ltr'><strong>arbitrio</strong></span> <span class='ocrx_word' id='word_1_451' title='bbox 803 3733 924 3810; x_wconf 85' lang='lat' dir='ltr'><strong>gratiam</strong></span> <span class='ocrx_word' id='word_1_452' title='bbox 938 3731 1148 3811; x_wconf 77' lang='lat' dir='ltr'><strong>predicationis</strong></span> <span class='ocrx_word' id='word_1_453' title='bbox 1162 3732 1253 3809; x_wconf 88' lang='lat' dir='ltr'><strong>aperit</strong></span> <span class='ocrx_word' id='word_1_454' title='bbox 1267 3742 1297 3792; x_wconf 90' lang='lat' dir='ltr'><strong>et</strong></span> <span class='ocrx_word' id='word_1_455' title='bbox 1320 3733 1426 3812; x_wconf 75' lang='lat' dir='ltr'><strong>desert,</strong></span> 
     </span>
     <span class='ocr_line' id='line_1_43' title="bbox 219 3808 1426 3889; baseline 0.006 -23"><span class='ocrx_word' id='word_1_456' title='bbox 219 3816 254 3866; x_wconf 92' lang='lat' dir='ltr'><strong>ut</strong></span> <span class='ocrx_word' id='word_1_457' title='bbox 268 3827 306 3866; x_wconf 90' lang='lat' dir='ltr'><strong>ex</strong></span> <span class='ocrx_word' id='word_1_458' title='bbox 320 3808 378 3868; x_wconf 92' lang='lat' dir='ltr'><strong>illis</strong></span> <span class='ocrx_word' id='word_1_459' title='bbox 401 3809 563 3868; x_wconf 86' lang='lat' dir='ltr'><strong>Ecclesiam</strong></span> <span class='ocrx_word' id='word_1_460' title='bbox 587 3812 716 3889; x_wconf 86' lang='lat' dir='ltr'><strong>colliget.</strong></span> <span class='ocrx_word' id='word_1_461' title='bbox 769 3815 797 3872; x_wconf 84' lang='lat'><strong>3.</strong></span> <span class='ocrx_word' id='word_1_462' title='bbox 819 3813 870 3870; x_wconf 88' lang='lat' dir='ltr'><strong>Ad</strong></span> <span class='ocrx_word' id='word_1_463' title='bbox 893 3815 1024 3872; x_wconf 75' lang='lat' dir='ltr'><strong>tamdem</strong></span> <span class='ocrx_word' id='word_1_464' title='bbox 1042 3811 1182 3888; x_wconf 64' lang='lat' dir='ltr'><strong>justitiam</strong></span> <span class='ocrx_word' id='word_1_465' title='bbox 1206 3813 1267 3870; x_wconf 80' lang='lat' dir='ltr'><strong>Dei</strong></span> <span class='ocrx_word' id='word_1_466' title='bbox 1286 3816 1426 3873; x_wconf 68' lang='lat' dir='ltr'><strong>adeerm</strong></span> 
     </span>
     <span class='ocr_line' id='line_1_44' title="bbox 219 3889 1426 3969; baseline 0.007 -25"><span class='ocrx_word' id='word_1_467' title='bbox 219 3889 376 3963; x_wconf 77' lang='lat' dir='ltr'><strong>reprobor;</strong></span> <span class='ocrx_word' id='word_1_468' title='bbox 406 3889 480 3964; x_wconf 86' lang='lat' dir='ltr'><strong>Quia</strong></span> <span class='ocrx_word' id='word_1_469' title='bbox 506 3889 654 3968; x_wconf 84' lang='lat' dir='ltr'><strong>inculpata</strong></span> <span class='ocrx_word' id='word_1_470' title='bbox 681 3912 793 3969; x_wconf 89' lang='lat' dir='ltr'><strong>semper</strong></span> <span class='ocrx_word' id='word_1_471' title='bbox 814 3891 1043 3969; x_wconf 89' lang='lat' dir='ltr'><strong>deprehenditur,</strong></span> <span class='ocrx_word' id='word_1_472' title='bbox 1067 3890 1128 3950; x_wconf 88' lang='lat' dir='ltr'><strong>sive</strong></span> <span class='ocrx_word' id='word_1_473' title='bbox 1150 3891 1282 3950; x_wconf 87' lang='lat' dir='ltr'><strong>homines</strong></span> <span class='ocrx_word' id='word_1_474' title='bbox 1304 3891 1426 3952; x_wconf 54' lang='lat' dir='ltr'><strong>&amp;senet</strong></span> 
     </span>
     <span class='ocr_line' id='line_1_45' title="bbox 220 3969 1426 4048; baseline 0.007 -24"><span class='ocrx_word' id='word_1_475' title='bbox 220 3975 338 4044; x_wconf 90' lang='lat' dir='ltr'><strong>propter</strong></span> <span class='ocrx_word' id='word_1_476' title='bbox 350 3977 469 4044; x_wconf 87' lang='lat' dir='ltr'><strong>peccata</strong></span> <span class='ocrx_word' id='word_1_477' title='bbox 482 3969 513 4027; x_wconf 86' lang='lat' dir='ltr'><strong>iu</strong></span> <span class='ocrx_word' id='word_1_478' title='bbox 528 3970 637 4048; x_wconf 89' lang='lat' dir='ltr'><strong>Legem</strong></span> <span class='ocrx_word' id='word_1_479' title='bbox 651 3971 785 4047; x_wconf 67' lang='lat' dir='ltr'><strong>admissa</strong></span> <span class='ocrx_word' id='word_1_480' title='bbox 807 3972 868 4030; x_wconf 88' lang='lat' dir='ltr'><strong>slve</strong></span> <span class='ocrx_word' id='word_1_481' title='bbox 890 3991 954 4031; x_wconf 88' lang='lat' dir='ltr'><strong>reos</strong></span> <span class='ocrx_word' id='word_1_482' title='bbox 977 3971 1044 4029; x_wconf 88' lang='lat' dir='ltr'><strong>illos</strong></span> <span class='ocrx_word' id='word_1_483' title='bbox 1067 3977 1186 4048; x_wconf 87' lang='lat' dir='ltr'><strong>peragat</strong></span> <span class='ocrx_word' id='word_1_484' title='bbox 1209 3971 1426 4033; x_wconf 81' lang='lat' dir='ltr'><strong>incredulitatis</strong></span> 
     </span>
     <span class='ocr_line' id='line_1_46' title="bbox 219 4045 1426 4128; baseline 0.007 -25"><span class='ocrx_word' id='word_1_485' title='bbox 219 4045 360 4105; x_wconf 84' lang='lat' dir='ltr'><strong>adversus</strong></span> <span class='ocrx_word' id='word_1_486' title='bbox 376 4049 578 4126; x_wconf 84' lang='lat' dir='ltr'><strong>Evangelium,</strong></span> <span class='ocrx_word' id='word_1_487' title='bbox 594 4071 660 4110; x_wconf 90' lang='lat' dir='ltr'><strong>cum</strong></span> <span class='ocrx_word' id='word_1_488' title='bbox 684 4051 837 4128; x_wconf 91' lang='lat' dir='ltr'><strong>utrobique</strong></span> <span class='ocrx_word' id='word_1_489' title='bbox 850 4050 1011 4110; x_wconf 81' lang='lat' dir='ltr'><strong>voluntarie</strong></span> <span class='ocrx_word' id='word_1_490' title='bbox 1034 4049 1188 4127; x_wconf 85' lang='lat' dir='ltr'><strong>peccando,</strong></span> <span class='ocrx_word' id='word_1_491' title='bbox 1204 4069 1257 4108; x_wconf 89' lang='lat' dir='ltr'><strong>sua</strong></span> <span class='ocrx_word' id='word_1_492' title='bbox 1281 4051 1342 4110; x_wconf 88' lang='lat' dir='ltr'><strong>sint</strong></span> <span class='ocrx_word' id='word_1_493' title='bbox 1367 4052 1426 4111; x_wconf 83' lang='lat' dir='ltr'><strong>ribi</strong></span> 
     </span>
     <span class='ocr_line' id='line_1_47' title="bbox 219 4123 1425 4207; baseline 0.009 -26"><span class='ocrx_word' id='word_1_494' title='bbox 219 4123 353 4185; x_wconf 89' lang='lat' dir='ltr'><strong>interitus</strong></span> <span class='ocrx_word' id='word_1_495' title='bbox 364 4147 461 4202; x_wconf 89' lang='lat' dir='ltr'><strong>causa,</strong></span> <span class='ocrx_word' id='word_1_496' title='bbox 475 4148 534 4187; x_wconf 93' lang='lat' dir='ltr'><strong>non</strong></span> <span class='ocrx_word' id='word_1_497' title='bbox 550 4129 638 4188; x_wconf 92' lang='lat' dir='ltr'><strong>Dens.</strong></span> <span class='ocrx_word' id='word_1_498' title='bbox 681 4134 709 4189; x_wconf 84' lang='lat'><strong>4.</strong></span> <span class='ocrx_word' id='word_1_499' title='bbox 732 4129 782 4188; x_wconf 84' lang='lat' dir='ltr'><strong>Ad</strong></span> <span class='ocrx_word' id='word_1_500' title='bbox 795 4132 972 4189; x_wconf 64' lang='lat' dir='ltr'><strong>enuntianda</strong></span> <span class='ocrx_word' id='word_1_501' title='bbox 985 4133 1047 4188; x_wconf 85' lang='lat' dir='ltr'><strong>toea</strong></span> <span class='ocrx_word' id='word_1_502' title='bbox 1059 4130 1221 4206; x_wconf 66' lang='lat' dir='ltr'><strong>Smpbnoe,</strong></span> <span class='ocrx_word' id='word_1_503' title='bbox 1246 4149 1311 4207; x_wconf 89' lang='lat' dir='ltr'><strong>quac</strong></span> <span class='ocrx_word' id='word_1_504' title='bbox 1335 4131 1425 4192; x_wconf 90' lang='lat' dir='ltr'><strong>modo</strong></span> 
     </span>
     <span class='ocr_line' id='line_1_48' title="bbox 219 4202 1425 4287; baseline 0.008 -28"><span class='ocrx_word' id='word_1_505' title='bbox 219 4202 315 4277; x_wconf 87' lang='lat' dir='ltr'><strong>letius,</strong></span> <span class='ocrx_word' id='word_1_506' title='bbox 331 4206 417 4264; x_wconf 92' lang='lat' dir='ltr'><strong>modo</strong></span> <span class='ocrx_word' id='word_1_507' title='bbox 433 4207 559 4266; x_wconf 83' lang='lat' dir='ltr'><strong>strictius</strong></span> <span class='ocrx_word' id='word_1_508' title='bbox 574 4208 610 4268; x_wconf 88' lang='lat' dir='ltr'><strong>de</strong></span> <span class='ocrx_word' id='word_1_509' title='bbox 625 4210 718 4287; x_wconf 85' lang='lat' dir='ltr'><strong>gretie</strong></span> <span class='ocrx_word' id='word_1_510' title='bbox 734 4209 797 4284; x_wconf 91' lang='lat' dir='ltr'><strong>Dei,</strong></span> <span class='ocrx_word' id='word_1_511' title='bbox 813 4217 843 4269; x_wconf 88' lang='lat' dir='ltr'><strong>et</strong></span> <span class='ocrx_word' id='word_1_512' title='bbox 864 4210 1000 4269; x_wconf 86' lang='lat' dir='ltr'><strong>missione</strong></span> <span class='ocrx_word' id='word_1_513' title='bbox 1015 4209 1122 4268; x_wconf 89' lang='lat' dir='ltr'><strong>Christi</strong></span> <span class='ocrx_word' id='word_1_514' title='bbox 1145 4209 1322 4285; x_wconf 85' lang='lat' dir='ltr'><strong>loquuntnr;</strong></span> <span class='ocrx_word' id='word_1_515' title='bbox 1347 4211 1425 4285; x_wconf 86' lang='lat' dir='ltr'><strong>Quia</strong></span> 
     </span>
     <span class='ocr_line' id='line_1_49' title="bbox 217 4283 1423 4368; baseline 0.008 -30"><span class='ocrx_word' id='word_1_516' title='bbox 217 4283 383 4344; x_wconf 87' lang='lat' dir='ltr'><strong>conciliatio</strong></span> <span class='ocrx_word' id='word_1_517' title='bbox 397 4285 448 4344; x_wconf 88' lang='lat' dir='ltr'><strong>illa</strong></span> <span class='ocrx_word' id='word_1_518' title='bbox 461 4286 577 4346; x_wconf 88' lang='lat' dir='ltr'><strong>aliunde</strong></span> <span class='ocrx_word' id='word_1_519' title='bbox 591 4287 676 4348; x_wconf 87' lang='lat' dir='ltr'><strong>facile</strong></span> <span class='ocrx_word' id='word_1_520' title='bbox 689 4289 858 4364; x_wconf 88' lang='lat' dir='ltr'><strong>instituitur,</strong></span> <span class='ocrx_word' id='word_1_521' title='bbox 873 4310 912 4349; x_wconf 93' lang='lat' dir='ltr'><strong>ex</strong></span> <span class='ocrx_word' id='word_1_522' title='bbox 925 4288 1040 4349; x_wconf 87' lang='lat' dir='ltr'><strong>diversa</strong></span> <span class='ocrx_word' id='word_1_523' title='bbox 1060 4288 1175 4348; x_wconf 85' lang='lat' dir='ltr'><strong>foederis</strong></span> <span class='ocrx_word' id='word_1_524' title='bbox 1193 4288 1278 4347; x_wconf 74' lang='lat' dir='ltr'><strong>istium</strong></span> <span class='ocrx_word' id='word_1_525' title='bbox 1303 4289 1423 4368; x_wconf 87' lang='lat' dir='ltr'><strong>dispen-</strong></span> 
     </span>
     <span class='ocr_line' id='line_1_50' title="bbox 218 4359 853 4444; baseline 0.016 -27"><span class='ocrx_word' id='word_1_526' title='bbox 218 4359 339 4437; x_wconf 90' lang='lat' dir='ltr'><strong>satione,</strong></span> <span class='ocrx_word' id='word_1_527' title='bbox 354 4372 384 4422; x_wconf 91' lang='lat' dir='ltr'><strong>et</strong></span> <span class='ocrx_word' id='word_1_528' title='bbox 398 4385 436 4423; x_wconf 90' lang='lat' dir='ltr'><strong>ex</strong></span> <span class='ocrx_word' id='word_1_529' title='bbox 449 4367 530 4424; x_wconf 85' lang='lat' dir='ltr'><strong>veria</strong></span> <span class='ocrx_word' id='word_1_530' title='bbox 544 4365 747 4428; x_wconf 80' lang='lat' dir='ltr'><strong>foederatorum</strong></span> <span class='ocrx_word' id='word_1_531' title='bbox 762 4367 853 4444; x_wconf 71' lang='grc' dir='ltr'>σχίσει.</span> 
     </span>
    </p>

    <p class='ocr_par' dir='ltr' id='par_1_4' title="bbox 217 4445 1424 4763">
     <span class='ocr_line' id='line_1_51' title="bbox 217 4445 1424 4526; baseline 0.004 -25"><span class='ocrx_word' id='word_1_532' title='bbox 217 4471 313 4522; x_wconf 53' lang='lat' dir='ltr'><strong>Qun„</strong></span> <span class='ocrx_word' id='word_1_533' title='bbox 323 4479 435 4526; x_wconf 69' lang='lat' dir='ltr'><strong>S„„„„</strong></span> <span class='ocrx_word' id='word_1_534' title='bbox 521 4445 616 4504; x_wconf 88' lang='lat' dir='ltr'>XXI.</span> <span class='ocrx_word' id='word_1_535' title='bbox 639 4447 731 4506; x_wconf 81' lang='lat' dir='ltr'><strong>Missa</strong></span> <span class='ocrx_word' id='word_1_536' title='bbox 742 4467 811 4525; x_wconf 87' lang='lat' dir='ltr'><strong>ergo</strong></span> <span class='ocrx_word' id='word_1_537' title='bbox 822 4447 907 4507; x_wconf 85' lang='lat' dir='ltr'><strong>tertia</strong></span> <span class='ocrx_word' id='word_1_538' title='bbox 918 4448 973 4507; x_wconf 88' lang='lat' dir='ltr'><strong>ista</strong></span> <span class='ocrx_word' id='word_1_539' title='bbox 981 4447 1129 4523; x_wconf 82' lang='lat' dir='ltr'><strong>sententia,</strong></span> <span class='ocrx_word' id='word_1_540' title='bbox 1146 4446 1282 4520; x_wconf 87' lang='lat' dir='ltr'><strong>Quartam</strong></span> <span class='ocrx_word' id='word_1_541' title='bbox 1293 4447 1424 4524; x_wconf 88' lang='lat' dir='ltr'><strong>amplec-</strong></span> 
     </span>
     <span class='ocr_line' id='line_1_52' title="bbox 246 4497 1421 4641; baseline 0.003 -59"><span class='ocrx_word' id='word_1_542' title='bbox 246 4543 298 4630; x_wconf 59' lang='lat' dir='ltr'><strong>pptae</strong></span> <span class='ocrx_word' id='word_1_543' title='bbox 306 4497 458 4641; x_wconf 44' lang='lat'><strong>&amp;3333</strong></span> <span class='ocrx_word' id='word_1_544' title='bbox 479 4523 573 4598; x_wconf 86' lang='lat' dir='ltr'><strong>timur,</strong></span> <span class='ocrx_word' id='word_1_545' title='bbox 590 4544 655 4600; x_wconf 87' lang='lat' dir='ltr'><strong>quae</strong></span> <span class='ocrx_word' id='word_1_546' title='bbox 670 4527 830 4622; x_wconf 77' lang='lat' dir='ltr'><strong>communie</strong></span> <span class='ocrx_word' id='word_1_547' title='bbox 844 4537 888 4586; x_wconf 92' lang='lat' dir='ltr'><strong>est</strong></span> <span class='ocrx_word' id='word_1_548' title='bbox 910 4527 985 4620; x_wconf 78' lang='lat' dir='ltr'><strong>inter</strong></span> <span class='ocrx_word' id='word_1_549' title='bbox 1010 4527 1197 4620; x_wconf 76' lang='lat' dir='ltr'><strong>Refonnatns,</strong></span> <span class='ocrx_word' id='word_1_550' title='bbox 1218 4545 1343 4617; x_wconf 72' lang='lat' dir='ltr'><strong>quaeque</strong></span> <span class='ocrx_word' id='word_1_551' title='bbox 1364 4527 1421 4586; x_wconf 90' lang='lat' dir='ltr'><strong>du·</strong></span> 
     </span>
     <span class='ocr_line' id='line_1_53' title="bbox 478 4603 1422 4763; baseline 0.007 -26.422"><span class='ocrx_word' id='word_1_552' title='bbox 478 4603 1422 4763; x_wconf 50' lang='lat' dir='ltr'><strong>tuttttttttttttt,tttttttttttt</strong></span> 
     </span>
    </p>
   </div>
   <div class='ocr_carea' id='block_1_3' title="bbox 0 0 1584 5180">
    <p class='ocr_par' dir='ltr' id='par_1_5' title="bbox 0 0 1584 5180">
     <span class='ocr_line' id='line_1_54' title="bbox 0 0 1584 5180; baseline 0 1"><span class='ocrx_word' id='word_1_553' title='bbox 0 0 1584 5180; x_wconf 95' lang='lat' dir='ltr'><strong> </strong></span> 
     </span>
    </p>
   </div>
  </div>
 </body>
</html>
