<?xml version="1.0" encoding="UTF-8"?>
<!DOCTYPE html PUBLIC "-//W3C//DTD XHTML 1.0 Transitional//EN"
    "http://www.w3.org/TR/xhtml1/DTD/xhtml1-transitional.dtd">
<html xmlns="http://www.w3.org/1999/xhtml" xml:lang="en" lang="en">
 <head>
  <title>
</title>
<meta http-equiv="Content-Type" content="text/html;charset=utf-8" />
  <meta name='ocr-system' content='tesseract 3.04.00' />
  <meta name='ocr-capabilities' content='ocr_page ocr_carea ocr_par ocr_line ocrx_word'/>
</head>
<body>
  <div class='ocr_page' id='page_1' title='image "./francisciturret01pictgoog_0039.png"; bbox 0 0 3160 5194; ppageno 0'>
   <div class='ocr_carea' id='block_1_1' title="bbox 244 359 1020 424">
    <p class='ocr_par' dir='ltr' id='par_1_1' title="bbox 244 359 1020 424">
     <span class='ocr_line' id='line_1_1' title="bbox 244 359 1020 424; baseline 0.003 -4"><span class='ocrx_word' id='word_1_1' title='bbox 244 359 333 422; x_wconf 85' lang='lat' dir='ltr'><strong>xxxii</strong></span> <span class='ocrx_word' id='word_1_2' title='bbox 685 375 817 423; x_wconf 80' lang='lat' dir='ltr'><strong>enarro</strong></span> <span class='ocrx_word' id='word_1_3' title='bbox 836 376 1020 424; x_wconf 76' lang='lat' dir='ltr'><strong>suasurus.</strong></span> 
     </span>
    </p>
   </div>
   <div class='ocr_carea' id='block_1_2' title="bbox 151 533 1460 619">
    <p class='ocr_par' dir='ltr' id='par_1_2' title="bbox 151 533 1460 619">
     <span class='ocr_line' id='line_1_2' title="bbox 151 533 1460 619; baseline -0.003 -19"><span class='ocrx_word' id='word_1_4' title='bbox 151 541 159 556; x_wconf 90' lang='lat'>&#39;</span> <span class='ocrx_word' id='word_1_5' title='bbox 244 536 315 601; x_wconf 88' lang='lat' dir='ltr'><strong>dem</strong></span> <span class='ocrx_word' id='word_1_6' title='bbox 332 537 442 612; x_wconf 79' lang='lat' dir='ltr'><strong>Gallia,</strong></span> <span class='ocrx_word' id='word_1_7' title='bbox 467 533 641 612; x_wconf 76' lang='lat' dir='ltr'><strong>Germania,</strong></span> <span class='ocrx_word' id='word_1_8' title='bbox 663 535 836 612; x_wconf 72' lang='lat' dir='ltr'><strong>Britannia,</strong></span> <span class='ocrx_word' id='word_1_9' title='bbox 861 535 1017 619; x_wconf 87' lang='lat' dir='ltr'><strong>Helvetia,</strong></span> <span class='ocrx_word' id='word_1_10' title='bbox 1042 535 1181 610; x_wconf 76' lang='lat' dir='ltr'><strong>Bataria</strong></span> <span class='ocrx_word' id='word_1_11' title='bbox 1209 535 1343 615; x_wconf 85' lang='lat' dir='ltr'><strong>Europa</strong></span> <span class='ocrx_word' id='word_1_12' title='bbox 1372 539 1460 608; x_wconf 84' lang='lat' dir='ltr'><strong>tots,</strong></span> 
     </span>
    </p>
   </div>
   <div class='ocr_carea' id='block_1_3' title="bbox 244 632 1467 1106">
    <p class='ocr_par' dir='ltr' id='par_1_3' title="bbox 244 632 1467 1106">
     <span class='ocr_line' id='line_1_3' title="bbox 245 632 1460 715; baseline -0.003 -17"><span class='ocrx_word' id='word_1_13' title='bbox 245 641 330 698; x_wconf 90' lang='lat' dir='ltr'><strong>totns</strong></span> <span class='ocrx_word' id='word_1_14' title='bbox 345 633 428 698; x_wconf 89' lang='lat' dir='ltr'><strong>orbis</strong></span> <span class='ocrx_word' id='word_1_15' title='bbox 444 633 649 715; x_wconf 82' lang='lat' dir='ltr'><strong>Christianus,</strong></span> <span class='ocrx_word' id='word_1_16' title='bbox 665 635 752 698; x_wconf 86' lang='lat' dir='ltr'><strong>norit</strong></span> <span class='ocrx_word' id='word_1_17' title='bbox 763 642 896 714; x_wconf 87' lang='lat' dir='ltr'><strong>quantus</strong></span> <span class='ocrx_word' id='word_1_18' title='bbox 911 634 1016 700; x_wconf 82' lang='lat' dir='ltr'><strong>fuerit.</strong></span> <span class='ocrx_word' id='word_1_19' title='bbox 1047 635 1086 697; x_wconf 91' lang='lat' dir='ltr'><strong>In</strong></span> <span class='ocrx_word' id='word_1_20' title='bbox 1100 634 1156 696; x_wconf 88' lang='lat' dir='ltr'><strong>hac</strong></span> <span class='ocrx_word' id='word_1_21' title='bbox 1172 633 1296 714; x_wconf 77' lang='lat' dir='ltr'><strong>Synodo</strong></span> <span class='ocrx_word' id='word_1_22' title='bbox 1307 632 1460 696; x_wconf 87' lang='lat' dir='ltr'><strong>omniurn</strong></span> 
     </span>
     <span class='ocr_line' id='line_1_4' title="bbox 245 729 1462 814; baseline -0.002 -20"><span class='ocrx_word' id='word_1_23' title='bbox 245 753 379 796; x_wconf 89' lang='lat' dir='ltr'><strong>amorem</strong></span> <span class='ocrx_word' id='word_1_24' title='bbox 404 737 437 794; x_wconf 90' lang='lat' dir='ltr'><strong>et</strong></span> <span class='ocrx_word' id='word_1_25' title='bbox 461 731 693 796; x_wconf 74' lang='lat' dir='ltr'><strong>admirationem</strong></span> <span class='ocrx_word' id='word_1_26' title='bbox 729 733 843 796; x_wconf 89' lang='lat' dir='ltr'><strong>meruit</strong></span> <span class='ocrx_word' id='word_1_27' title='bbox 861 732 993 814; x_wconf 86' lang='lat' dir='ltr'><strong>Magnus</strong></span> <span class='ocrx_word' id='word_1_28' title='bbox 1022 733 1248 806; x_wconf 59' lang='lat' dir='ltr'><strong>Turranium</strong></span> <span class='ocrx_word' id='word_1_29' title='bbox 1283 730 1338 794; x_wconf 88' lang='lat' dir='ltr'><strong>Ne</strong></span> <span class='ocrx_word' id='word_1_30' title='bbox 1368 729 1462 794; x_wconf 89' lang='lat' dir='ltr'><strong>enim</strong></span> 
     </span>
     <span class='ocr_line' id='line_1_5' title="bbox 245 828 1467 910; baseline -0.002 -18"><span class='ocrx_word' id='word_1_31' title='bbox 245 830 352 893; x_wconf 89' lang='lat' dir='ltr'><strong>credas</strong></span> <span class='ocrx_word' id='word_1_32' title='bbox 372 828 467 892; x_wconf 87' lang='lat' dir='ltr'><strong>solius</strong></span> <span class='ocrx_word' id='word_1_33' title='bbox 485 829 677 910; x_wconf 77' lang='lat' dir='ltr'><strong>Tlreologioae</strong></span> <span class='ocrx_word' id='word_1_34' title='bbox 698 851 811 894; x_wconf 87' lang='lat' dir='ltr'><strong>arcana</strong></span> <span class='ocrx_word' id='word_1_35' title='bbox 834 836 1006 895; x_wconf 89' lang='lat' dir='ltr'><strong>scrutatum</strong></span> <span class='ocrx_word' id='word_1_36' title='bbox 1025 830 1130 903; x_wconf 68' lang='lat' dir='ltr'><strong>haime,</strong></span> <span class='ocrx_word' id='word_1_37' title='bbox 1145 829 1199 892; x_wconf 87' lang='lat' dir='ltr'><strong>rix</strong></span> <span class='ocrx_word' id='word_1_38' title='bbox 1221 829 1282 892; x_wconf 92' lang='lat' dir='ltr'><strong>dici</strong></span> <span class='ocrx_word' id='word_1_39' title='bbox 1307 834 1467 908; x_wconf 76' lang='lat' dir='ltr'><strong>poterat,</strong></span> 
     </span>
     <span class='ocr_line' id='line_1_6' title="bbox 246 925 1461 1012; baseline 0 -23"><span class='ocrx_word' id='word_1_40' title='bbox 246 926 341 1012; x_wconf 88' lang='lat' dir='ltr'><strong>(quod</strong></span> <span class='ocrx_word' id='word_1_41' title='bbox 356 928 395 990; x_wconf 92' lang='lat' dir='ltr'><strong>de</strong></span> <span class='ocrx_word' id='word_1_42' title='bbox 409 927 563 990; x_wconf 87' lang='lat' dir='ltr'><strong>nonnullis</strong></span> <span class='ocrx_word' id='word_1_43' title='bbox 575 928 717 992; x_wconf 82' lang='lat' dir='ltr'><strong>observat</strong></span> <span class='ocrx_word' id='word_1_44' title='bbox 730 925 950 1012; x_wconf 81' lang='lat' dir='ltr'><strong>Hieronymus)</strong></span> <span class='ocrx_word' id='word_1_45' title='bbox 966 928 1040 1008; x_wconf 90' lang='lat' dir='ltr'><strong>qnid</strong></span> <span class='ocrx_word' id='word_1_46' title='bbox 1054 928 1124 1009; x_wconf 88' lang='lat' dir='ltr'><strong>plns</strong></span> <span class='ocrx_word' id='word_1_47' title='bbox 1138 926 1171 989; x_wconf 90' lang='lat' dir='ltr'><strong>in</strong></span> <span class='ocrx_word' id='word_1_48' title='bbox 1185 925 1240 990; x_wconf 94' lang='lat' dir='ltr'><strong>illo</strong></span> <span class='ocrx_word' id='word_1_49' title='bbox 1253 926 1461 990; x_wconf 87' lang='lat' dir='ltr'><strong>admiraren-</strong></span> 
     </span>
     <span class='ocr_line' id='line_1_7' title="bbox 244 1022 1463 1106; baseline 0.002 -20"><span class='ocrx_word' id='word_1_50' title='bbox 244 1031 298 1088; x_wconf 88' lang='lat' dir='ltr'><strong>tur</strong></span> <span class='ocrx_word' id='word_1_51' title='bbox 314 1025 407 1101; x_wconf 87' lang='lat' dir='ltr'><strong>docti,</strong></span> <span class='ocrx_word' id='word_1_52' title='bbox 424 1025 642 1089; x_wconf 86' lang='lat' dir='ltr'><strong>Eruditionem</strong></span> <span class='ocrx_word' id='word_1_53' title='bbox 659 1027 763 1103; x_wconf 89' lang='lat' dir='ltr'><strong>seculi,</strong></span> <span class='ocrx_word' id='word_1_54' title='bbox 779 1047 819 1089; x_wconf 86' lang='lat' dir='ltr'><strong>an</strong></span> <span class='ocrx_word' id='word_1_55' title='bbox 836 1022 995 1090; x_wconf 78' lang='lat' dir='ltr'><strong>scientiam</strong></span> <span class='ocrx_word' id='word_1_56' title='bbox 1009 1025 1256 1106; x_wconf 66' lang='lat' dir='ltr'><strong>scripturarum</strong></span> <span class='ocrx_word' id='word_1_57' title='bbox 1279 1045 1341 1104; x_wconf 85' lang='lat' dir='ltr'><strong>qua</strong></span> <span class='ocrx_word' id='word_1_58' title='bbox 1358 1023 1463 1088; x_wconf 82' lang='lat' dir='ltr'><strong>lande</strong></span> 
     </span>
    </p>
   </div>
   <div class='ocr_carea' id='block_1_4' title="bbox 245 1121 1573 1205">
    <p class='ocr_par' dir='ltr' id='par_1_4' title="bbox 245 1121 1573 1205">
     <span class='ocr_line' id='line_1_8' title="bbox 245 1121 1573 1205; baseline 0.001 -21"><span class='ocrx_word' id='word_1_59' title='bbox 245 1122 457 1187; x_wconf 81' lang='lat' dir='ltr'><strong>inclaruerunt</strong></span> <span class='ocrx_word' id='word_1_60' title='bbox 472 1123 691 1200; x_wconf 86' lang='lat' dir='ltr'><strong>Tertullianus,</strong></span> <span class='ocrx_word' id='word_1_61' title='bbox 706 1124 876 1201; x_wconf 86' lang='lat' dir='ltr'><strong>Arnobiua,</strong></span> <span class='ocrx_word' id='word_1_62' title='bbox 889 1123 1081 1205; x_wconf 82' lang='lat' dir='ltr'><strong>Victorinus,</strong></span> <span class='ocrx_word' id='word_1_63' title='bbox 1095 1122 1289 1199; x_wconf 90' lang='lat' dir='ltr'><strong>Ambrosius,</strong></span> <span class='ocrx_word' id='word_1_64' title='bbox 1305 1121 1461 1195; x_wconf 80' lang='lat' dir='ltr'><strong>Boacias,</strong></span> <span class='ocrx_word' id='word_1_65' title='bbox 1572 1159 1573 1194; x_wconf 62' lang='grc' dir='ltr'>ι</span> 
     </span>
    </p>
   </div>
   <div class='ocr_carea' id='block_1_5' title="bbox 245 1219 1461 4714">
    <p class='ocr_par' dir='ltr' id='par_1_5' title="bbox 245 1219 1461 1890">
     <span class='ocr_line' id='line_1_9' title="bbox 245 1219 1461 1300; baseline -0.002 -16"><span class='ocrx_word' id='word_1_66' title='bbox 245 1220 455 1296; x_wconf 81' lang='lat' dir='ltr'><strong>Cassiodorus,</strong></span> <span class='ocrx_word' id='word_1_67' title='bbox 471 1219 625 1299; x_wconf 75' lang='lat' dir='ltr'><strong>Calvinus,</strong></span> <span class='ocrx_word' id='word_1_68' title='bbox 643 1223 735 1298; x_wconf 79' lang='lat' dir='ltr'><strong>Besa,</strong></span> <span class='ocrx_word' id='word_1_69' title='bbox 752 1222 897 1296; x_wconf 74' lang='lat' dir='ltr'><strong>Danaus,</strong></span> <span class='ocrx_word' id='word_1_70' title='bbox 913 1221 935 1286; x_wconf 88' lang='lat' dir='ltr'><strong>J</strong></span> <span class='ocrx_word' id='word_1_71' title='bbox 938 1221 1036 1285; x_wconf 87' lang='lat' dir='ltr'><strong>unius.</strong></span> <span class='ocrx_word' id='word_1_72' title='bbox 1075 1220 1136 1284; x_wconf 91' lang='lat' dir='ltr'><strong>Vir</strong></span> <span class='ocrx_word' id='word_1_73' title='bbox 1150 1227 1219 1284; x_wconf 87' lang='lat' dir='ltr'><strong>erat</strong></span> <span class='ocrx_word' id='word_1_74' title='bbox 1233 1221 1324 1300; x_wconf 89' lang='lat' dir='ltr'><strong>cujus</strong></span> <span class='ocrx_word' id='word_1_75' title='bbox 1339 1238 1461 1284; x_wconf 85' lang='lat' dir='ltr'><strong>omnes</strong></span> 
     </span>
     <span class='ocr_line' id='line_1_10' title="bbox 245 1317 1461 1401; baseline -0.001 -21"><span class='ocrx_word' id='word_1_76' title='bbox 245 1317 414 1381; x_wconf 85' lang='lat' dir='ltr'><strong>laudabant</strong></span> <span class='ocrx_word' id='word_1_77' title='bbox 436 1319 567 1383; x_wconf 82' lang='lat' dir='ltr'><strong>foelicem</strong></span> <span class='ocrx_word' id='word_1_78' title='bbox 582 1321 813 1401; x_wconf 83' lang='lat' dir='ltr'><strong>authoritatem,</strong></span> <span class='ocrx_word' id='word_1_79' title='bbox 836 1320 988 1384; x_wconf 90' lang='lat' dir='ltr'><strong>eruditam</strong></span> <span class='ocrx_word' id='word_1_80' title='bbox 1011 1319 1169 1400; x_wconf 86' lang='lat' dir='ltr'><strong>pietatem,</strong></span> <span class='ocrx_word' id='word_1_81' title='bbox 1194 1317 1363 1380; x_wconf 68' lang='lat' dir='ltr'><strong>salnmem</strong></span> <span class='ocrx_word' id='word_1_82' title='bbox 1390 1317 1461 1380; x_wconf 92' lang='lat' dir='ltr'><strong>elo-</strong></span> 
     </span>
     <span class='ocr_line' id='line_1_11' title="bbox 246 1415 1460 1498; baseline -0.002 -18"><span class='ocrx_word' id='word_1_83' title='bbox 246 1417 413 1498; x_wconf 85' lang='lat' dir='ltr'><strong>quentiam,</strong></span> <span class='ocrx_word' id='word_1_84' title='bbox 429 1418 563 1480; x_wconf 88' lang='lat' dir='ltr'><strong>animum</strong></span> <span class='ocrx_word' id='word_1_85' title='bbox 579 1419 619 1481; x_wconf 89' lang='lat' dir='ltr'><strong>ad</strong></span> <span class='ocrx_word' id='word_1_86' title='bbox 640 1425 804 1498; x_wconf 84' lang='lat' dir='ltr'><strong>utramque</strong></span> <span class='ocrx_word' id='word_1_87' title='bbox 817 1419 971 1481; x_wconf 72' lang='lat' dir='ltr'><strong>somunam</strong></span> <span class='ocrx_word' id='word_1_88' title='bbox 985 1417 1161 1493; x_wconf 84' lang='lat' dir='ltr'><strong>infractum,</strong></span> <span class='ocrx_word' id='word_1_89' title='bbox 1176 1415 1346 1496; x_wconf 83' lang='lat' dir='ltr'><strong>simplicem</strong></span> <span class='ocrx_word' id='word_1_90' title='bbox 1361 1415 1460 1478; x_wconf 82' lang='lat' dir='ltr'><strong>illam</strong></span> 
     </span>
     <span class='ocr_line' id='line_1_12' title="bbox 246 1513 1460 1596; baseline -0.002 -18"><span class='ocrx_word' id='word_1_91' title='bbox 246 1521 279 1578; x_wconf 90' lang='lat' dir='ltr'><strong>et</strong></span> <span class='ocrx_word' id='word_1_92' title='bbox 295 1535 315 1577; x_wconf 91' lang='lat' dir='ltr'><strong>a</strong></span> <span class='ocrx_word' id='word_1_93' title='bbox 329 1514 453 1578; x_wconf 85' lang='lat' dir='ltr'><strong>Christo</strong></span> <span class='ocrx_word' id='word_1_94' title='bbox 466 1515 623 1578; x_wconf 84' lang='lat' dir='ltr'><strong>laudatam</strong></span> <span class='ocrx_word' id='word_1_95' title='bbox 637 1517 843 1596; x_wconf 87' lang='lat' dir='ltr'><strong>prudentiam,</strong></span> <span class='ocrx_word' id='word_1_96' title='bbox 860 1523 998 1580; x_wconf 86' lang='lat' dir='ltr'><strong>sanctam</strong></span> <span class='ocrx_word' id='word_1_97' title='bbox 1013 1515 1218 1590; x_wconf 89' lang='lat' dir='ltr'><strong>tolerantiam,</strong></span> <span class='ocrx_word' id='word_1_98' title='bbox 1231 1515 1316 1594; x_wconf 86' lang='lat' dir='ltr'><strong>pacis</strong></span> <span class='ocrx_word' id='word_1_99' title='bbox 1328 1513 1460 1594; x_wconf 89' lang='lat' dir='ltr'><strong>ubique</strong></span> 
     </span>
     <span class='ocr_line' id='line_1_13' title="bbox 246 1612 1460 1703; baseline -0.002 -27"><span class='ocrx_word' id='word_1_100' title='bbox 246 1612 412 1677; x_wconf 72' lang='lat' dir='ltr'><strong>smolendae</strong></span> <span class='ocrx_word' id='word_1_101' title='bbox 429 1613 574 1689; x_wconf 89' lang='lat' dir='ltr'><strong>studium,</strong></span> <span class='ocrx_word' id='word_1_102' title='bbox 590 1614 666 1678; x_wconf 77' lang='lat' dir='ltr'><strong>coslo</strong></span> <span class='ocrx_word' id='word_1_103' title='bbox 682 1614 805 1695; x_wconf 88' lang='lat' dir='ltr'><strong>dignam</strong></span> <span class='ocrx_word' id='word_1_104' title='bbox 819 1613 1060 1703; x_wconf 81' lang='lat' dir='ltr'><strong>sanctimoniam,</strong></span> <span class='ocrx_word' id='word_1_105' title='bbox 1077 1612 1299 1694; x_wconf 88' lang='lat' dir='ltr'><strong>integritatem,</strong></span> <span class='ocrx_word' id='word_1_106' title='bbox 1317 1613 1460 1674; x_wconf 73' lang='lat' dir='ltr'><strong>ellassam</strong></span> 
     </span>
     <span class='ocr_line' id='line_1_14' title="bbox 247 1709 1460 1792; baseline -0.001 -20"><span class='ocrx_word' id='word_1_107' title='bbox 247 1711 280 1772; x_wconf 93' lang='lat' dir='ltr'><strong>in</strong></span> <span class='ocrx_word' id='word_1_108' title='bbox 299 1730 403 1774; x_wconf 88' lang='lat' dir='ltr'><strong>omnes</strong></span> <span class='ocrx_word' id='word_1_109' title='bbox 427 1711 662 1791; x_wconf 85' lang='lat' dir='ltr'><strong>benignitatem,</strong></span> <span class='ocrx_word' id='word_1_110' title='bbox 688 1731 763 1791; x_wconf 87' lang='lat' dir='ltr'><strong>quas</strong></span> <span class='ocrx_word' id='word_1_111' title='bbox 789 1711 924 1792; x_wconf 85' lang='lat' dir='ltr'><strong>singulas</strong></span> <span class='ocrx_word' id='word_1_112' title='bbox 941 1710 1073 1774; x_wconf 83' lang='lat' dir='ltr'><strong>virtutes</strong></span> <span class='ocrx_word' id='word_1_113' title='bbox 1098 1711 1130 1772; x_wconf 94' lang='lat' dir='ltr'><strong>in</strong></span> <span class='ocrx_word' id='word_1_114' title='bbox 1148 1711 1252 1774; x_wconf 90' lang='lat' dir='ltr'><strong>Leone</strong></span> <span class='ocrx_word' id='word_1_115' title='bbox 1268 1709 1310 1774; x_wconf 87' lang='lat' dir='ltr'><strong>X.</strong></span> <span class='ocrx_word' id='word_1_116' title='bbox 1326 1709 1460 1772; x_wconf 83' lang='lat' dir='ltr'><strong>frustra</strong></span> 
     </span>
     <span class='ocr_line' id='line_1_15' title="bbox 247 1807 1231 1890; baseline -0.001 -20"><span class='ocrx_word' id='word_1_117' title='bbox 247 1807 411 1889; x_wconf 88' lang='lat' dir='ltr'><strong>aliqnando</strong></span> <span class='ocrx_word' id='word_1_118' title='bbox 425 1829 564 1889; x_wconf 84' lang='lat' dir='ltr'><strong>sperasse</strong></span> <span class='ocrx_word' id='word_1_119' title='bbox 581 1809 754 1885; x_wconf 83' lang='lat' dir='ltr'><strong>Erasmum‚</strong></span> <span class='ocrx_word' id='word_1_120' title='bbox 772 1809 931 1884; x_wconf 72' lang='lat' dir='ltr'><strong>saisiant</strong></span> <span class='ocrx_word' id='word_1_121' title='bbox 947 1829 1031 1890; x_wconf 87' lang='lat' dir='ltr'><strong>reor,</strong></span> <span class='ocrx_word' id='word_1_122' title='bbox 1049 1815 1155 1872; x_wconf 91' lang='lat' dir='ltr'><strong>notum</strong></span> <span class='ocrx_word' id='word_1_123' title='bbox 1172 1814 1231 1872; x_wconf 89' lang='lat' dir='ltr'><strong>est.</strong></span> 
     </span>
    </p>

    <p class='ocr_par' dir='ltr' id='par_1_6' title="bbox 247 1905 1460 4036">
     <span class='ocr_line' id='line_1_16' title="bbox 297 1905 1457 1988; baseline 0 -19"><span class='ocrx_word' id='word_1_124' title='bbox 297 1907 511 1987; x_wconf 84' lang='lat' dir='ltr'><strong>Longaeritate</strong></span> <span class='ocrx_word' id='word_1_125' title='bbox 526 1907 635 1988; x_wconf 82' lang='lat' dir='ltr'><strong>dignus</strong></span> <span class='ocrx_word' id='word_1_126' title='bbox 651 1907 823 1983; x_wconf 85' lang='lat' dir='ltr'><strong>ridebatur,</strong></span> <span class='ocrx_word' id='word_1_127' title='bbox 839 1907 890 1988; x_wconf 89' lang='lat' dir='ltr'><strong>qui</strong></span> <span class='ocrx_word' id='word_1_128' title='bbox 916 1907 1089 1971; x_wconf 87' lang='lat' dir='ltr'><strong>immortale</strong></span> <span class='ocrx_word' id='word_1_129' title='bbox 1103 1926 1214 1970; x_wconf 92' lang='lat' dir='ltr'><strong>nomen</strong></span> <span class='ocrx_word' id='word_1_130' title='bbox 1236 1905 1293 1970; x_wconf 91' lang='lat' dir='ltr'><strong>sibi</strong></span> <span class='ocrx_word' id='word_1_131' title='bbox 1314 1926 1457 1987; x_wconf 86' lang='lat' dir='ltr'><strong>pepere-</strong></span> 
     </span>
     <span class='ocr_line' id='line_1_17' title="bbox 247 2003 1457 2083; baseline -0.002 -14"><span class='ocrx_word' id='word_1_132' title='bbox 247 2013 317 2081; x_wconf 80' lang='lat' dir='ltr'><strong>rat3</strong></span> <span class='ocrx_word' id='word_1_133' title='bbox 344 2006 393 2069; x_wconf 91' lang='lat' dir='ltr'><strong>At</strong></span> <span class='ocrx_word' id='word_1_134' title='bbox 408 2007 473 2070; x_wconf 80' lang='lat' dir='ltr'><strong>lere</strong></span> <span class='ocrx_word' id='word_1_135' title='bbox 489 2005 582 2069; x_wconf 83' lang='lat' dir='ltr'><strong>terris</strong></span> <span class='ocrx_word' id='word_1_136' title='bbox 599 2007 713 2070; x_wconf 88' lang='lat' dir='ltr'><strong>nostris</strong></span> <span class='ocrx_word' id='word_1_137' title='bbox 728 2013 851 2070; x_wconf 88' lang='lat' dir='ltr'><strong>tantum</strong></span> <span class='ocrx_word' id='word_1_138' title='bbox 871 2007 1071 2070; x_wconf 84' lang='lat' dir='ltr'><strong>ostenderunt</strong></span> <span class='ocrx_word' id='word_1_139' title='bbox 1084 2007 1158 2067; x_wconf 81' lang='lat' dir='ltr'><strong>fata.</strong></span> <span class='ocrx_word' id='word_1_140' title='bbox 1199 2003 1265 2066; x_wconf 87' lang='lat' dir='ltr'><strong>Vix</strong></span> <span class='ocrx_word' id='word_1_141' title='bbox 1282 2003 1457 2083; x_wconf 85' lang='lat' dir='ltr'><strong>septimam</strong></span> 
     </span>
     <span class='ocr_line' id='line_1_18' title="bbox 248 2100 1460 2187; baseline -0.005 -19"><span class='ocrx_word' id='word_1_142' title='bbox 248 2124 397 2168; x_wconf 89' lang='lat' dir='ltr'><strong>annornm</strong></span> <span class='ocrx_word' id='word_1_143' title='bbox 413 2103 633 2169; x_wconf 85' lang='lat' dir='ltr'><strong>hebdomadam</strong></span> <span class='ocrx_word' id='word_1_144' title='bbox 649 2105 812 2187; x_wconf 89' lang='lat' dir='ltr'><strong>ingressus,</strong></span> <span class='ocrx_word' id='word_1_145' title='bbox 824 2105 987 2168; x_wconf 88' lang='lat' dir='ltr'><strong>durissima</strong></span> <span class='ocrx_word' id='word_1_146' title='bbox 996 2109 1156 2183; x_wconf 90' lang='lat' dir='ltr'><strong>correptus</strong></span> <span class='ocrx_word' id='word_1_147' title='bbox 1171 2103 1265 2175; x_wconf 82' lang='lat' dir='ltr'><strong>sobre,</strong></span> <span class='ocrx_word' id='word_1_148' title='bbox 1281 2100 1460 2163; x_wconf 83' lang='lat' dir='ltr'><strong>immatura</strong></span> 
     </span>
     <span class='ocr_line' id='line_1_19' title="bbox 248 2195 1459 2282; baseline -0.005 -15"><span class='ocrx_word' id='word_1_149' title='bbox 248 2211 348 2267; x_wconf 87' lang='lat' dir='ltr'><strong>morte</strong></span> <span class='ocrx_word' id='word_1_150' title='bbox 362 2211 487 2282; x_wconf 88' lang='lat' dir='ltr'><strong>ereptus</strong></span> <span class='ocrx_word' id='word_1_151' title='bbox 504 2209 561 2277; x_wconf 87' lang='lat' dir='ltr'><strong>est,</strong></span> <span class='ocrx_word' id='word_1_152' title='bbox 577 2210 611 2267; x_wconf 91' lang='lat' dir='ltr'><strong>et</strong></span> <span class='ocrx_word' id='word_1_153' title='bbox 624 2202 709 2265; x_wconf 85' lang='lat' dir='ltr'><strong>velut</strong></span> <span class='ocrx_word' id='word_1_154' title='bbox 723 2203 921 2265; x_wconf 83' lang='lat' dir='ltr'><strong>arisceribns</strong></span> <span class='ocrx_word' id='word_1_155' title='bbox 938 2201 1048 2280; x_wconf 81' lang='lat' dir='ltr'><strong>patriae</strong></span> <span class='ocrx_word' id='word_1_156' title='bbox 1063 2197 1194 2261; x_wconf 79' lang='lat' dir='ltr'><strong>avulsus.</strong></span> <span class='ocrx_word' id='word_1_157' title='bbox 1231 2195 1328 2258; x_wconf 83' lang='lat' dir='ltr'><strong>Virus</strong></span> <span class='ocrx_word' id='word_1_158' title='bbox 1339 2204 1459 2261; x_wconf 83' lang='lat' dir='ltr'><strong>tamen</strong></span> 
     </span>
     <span class='ocr_line' id='line_1_20' title="bbox 248 2291 1457 2378; baseline -0.004 -15"><span class='ocrx_word' id='word_1_159' title='bbox 248 2307 281 2363; x_wconf 90' lang='lat' dir='ltr'><strong>et</strong></span> <span class='ocrx_word' id='word_1_160' title='bbox 307 2317 467 2378; x_wconf 85' lang='lat' dir='ltr'><strong>expressas</strong></span> <span class='ocrx_word' id='word_1_161' title='bbox 495 2299 543 2360; x_wconf 89' lang='lat' dir='ltr'><strong>sui</strong></span> <span class='ocrx_word' id='word_1_162' title='bbox 570 2299 717 2378; x_wconf 83' lang='lat' dir='ltr'><strong>imagines</strong></span> <span class='ocrx_word' id='word_1_163' title='bbox 743 2297 888 2376; x_wconf 88' lang='lat' dir='ltr'><strong>reliqnit;</strong></span> <span class='ocrx_word' id='word_1_164' title='bbox 921 2296 1065 2358; x_wconf 86' lang='lat' dir='ltr'><strong>Duxerat</strong></span> <span class='ocrx_word' id='word_1_165' title='bbox 1093 2313 1218 2356; x_wconf 90' lang='lat' dir='ltr'><strong>uxorem</strong></span> <span class='ocrx_word' id='word_1_166' title='bbox 1246 2291 1457 2358; x_wconf 86' lang='lat' dir='ltr'><strong>lectissimam</strong></span> 
     </span>
     <span class='ocr_line' id='line_1_21' title="bbox 249 2389 1454 2474; baseline -0.001 -16"><span class='ocrx_word' id='word_1_167' title='bbox 249 2403 282 2458; x_wconf 91' lang='lat' dir='ltr'><strong>ct</strong></span> <span class='ocrx_word' id='word_1_168' title='bbox 305 2394 524 2456; x_wconf 88' lang='lat' dir='ltr'><strong>nobilissimam</strong></span> <span class='ocrx_word' id='word_1_169' title='bbox 549 2394 707 2474; x_wconf 76' lang='lat' dir='ltr'><strong>virginem,</strong></span> <span class='ocrx_word' id='word_1_170' title='bbox 723 2392 806 2456; x_wconf 90' lang='lat' dir='ltr'><strong>omni</strong></span> <span class='ocrx_word' id='word_1_171' title='bbox 836 2412 928 2456; x_wconf 86' lang='lat' dir='ltr'><strong>sexus</strong></span> <span class='ocrx_word' id='word_1_172' title='bbox 955 2391 1047 2455; x_wconf 89' lang='lat' dir='ltr'><strong>laude</strong></span> <span class='ocrx_word' id='word_1_173' title='bbox 1073 2389 1246 2472; x_wconf 78' lang='lat' dir='ltr'><strong>praeditam,</strong></span> <span class='ocrx_word' id='word_1_174' title='bbox 1261 2411 1302 2454; x_wconf 86' lang='lat' dir='ltr'><strong>ex</strong></span> <span class='ocrx_word' id='word_1_175' title='bbox 1328 2389 1454 2456; x_wconf 85' lang='lat' dir='ltr'><strong>illustri</strong></span> 
     </span>
     <span class='ocr_line' id='line_1_22' title="bbox 248 2481 1455 2580; baseline -0.002 -24"><span class='ocrx_word' id='word_1_176' title='bbox 248 2491 483 2556; x_wconf 76' lang='lat' dir='ltr'><strong>Miclanliornm</strong></span> <span class='ocrx_word' id='word_1_177' title='bbox 513 2490 658 2570; x_wconf 86' lang='lat' dir='ltr'><strong>prosapia</strong></span> <span class='ocrx_word' id='word_1_178' title='bbox 686 2489 855 2564; x_wconf 89' lang='lat' dir='ltr'><strong>oriundam,</strong></span> <span class='ocrx_word' id='word_1_179' title='bbox 882 2510 962 2553; x_wconf 86' lang='lat' dir='ltr'><strong>anno</strong></span> <span class='ocrx_word' id='word_1_180' title='bbox 994 2491 1098 2553; x_wconf 88' lang='lat'><strong>1616.</strong></span> <span class='ocrx_word' id='word_1_181' title='bbox 1150 2489 1202 2552; x_wconf 84' lang='lat' dir='ltr'><strong>Ex</strong></span> <span class='ocrx_word' id='word_1_182' title='bbox 1230 2489 1284 2552; x_wconf 86' lang='lat' dir='ltr'><strong>illa</strong></span> <span class='ocrx_word' id='word_1_183' title='bbox 1314 2481 1455 2580; x_wconf 83' lang='lat' dir='ltr'><strong>(praeter</strong></span> 
     </span>
     <span class='ocr_line' id='line_1_23' title="bbox 248 2587 1452 2670; baseline 0 -18"><span class='ocrx_word' id='word_1_184' title='bbox 248 2596 347 2664; x_wconf 87' lang='lat' dir='ltr'><strong>natas,</strong></span> <span class='ocrx_word' id='word_1_185' title='bbox 365 2607 441 2667; x_wconf 89' lang='lat' dir='ltr'><strong>quas</strong></span> <span class='ocrx_word' id='word_1_186' title='bbox 456 2587 554 2650; x_wconf 88' lang='lat' dir='ltr'><strong>adhuc</strong></span> <span class='ocrx_word' id='word_1_187' title='bbox 567 2588 687 2652; x_wconf 75' lang='lat' dir='ltr'><strong>invisis</strong></span> <span class='ocrx_word' id='word_1_188' title='bbox 703 2607 770 2652; x_wconf 90' lang='lat' dir='ltr'><strong>esse</strong></span> <span class='ocrx_word' id='word_1_189' title='bbox 786 2587 903 2670; x_wconf 87' lang='lat' dir='ltr'><strong>gratias</strong></span> <span class='ocrx_word' id='word_1_190' title='bbox 917 2587 1035 2670; x_wconf 77' lang='lat' dir='ltr'><strong>egimau</strong></span> <span class='ocrx_word' id='word_1_191' title='bbox 1053 2587 1121 2652; x_wconf 92' lang='lat' dir='ltr'><strong>Deo</strong></span> <span class='ocrx_word' id='word_1_192' title='bbox 1137 2595 1269 2669; x_wconf 83' lang='lat' dir='ltr'><strong>quantas</strong></span> <span class='ocrx_word' id='word_1_193' title='bbox 1283 2607 1452 2668; x_wconf 86' lang='lat' dir='ltr'><strong>possumus</strong></span> 
     </span>
     <span class='ocr_line' id='line_1_24' title="bbox 253 2685 1452 2766; baseline -0.002 -16"><span class='ocrx_word' id='word_1_194' title='bbox 253 2685 412 2760; x_wconf 85' lang='lat' dir='ltr'><strong>maximas,</strong></span> <span class='ocrx_word' id='word_1_195' title='bbox 430 2693 463 2748; x_wconf 89' lang='lat' dir='ltr'><strong>ct</strong></span> <span class='ocrx_word' id='word_1_196' title='bbox 478 2686 516 2748; x_wconf 88' lang='lat' dir='ltr'><strong>de</strong></span> <span class='ocrx_word' id='word_1_197' title='bbox 531 2685 641 2766; x_wconf 91' lang='lat' dir='ltr'><strong>quibus</strong></span> <span class='ocrx_word' id='word_1_198' title='bbox 655 2687 712 2749; x_wconf 88' lang='lat' dir='ltr'><strong>hoc</strong></span> <span class='ocrx_word' id='word_1_199' title='bbox 729 2706 823 2748; x_wconf 90' lang='lat' dir='ltr'><strong>unum</strong></span> <span class='ocrx_word' id='word_1_200' title='bbox 839 2686 940 2750; x_wconf 89' lang='lat' dir='ltr'><strong>dicere</strong></span> <span class='ocrx_word' id='word_1_201' title='bbox 955 2686 1077 2762; x_wconf 90' lang='lat' dir='ltr'><strong>sufficit,</strong></span> <span class='ocrx_word' id='word_1_202' title='bbox 1093 2694 1225 2766; x_wconf 85' lang='lat' dir='ltr'><strong>utroque</strong></span> <span class='ocrx_word' id='word_1_203' title='bbox 1240 2692 1368 2766; x_wconf 87' lang='lat' dir='ltr'><strong>parente</strong></span> <span class='ocrx_word' id='word_1_204' title='bbox 1384 2706 1452 2748; x_wconf 91' lang='lat' dir='ltr'><strong>non</strong></span> 
     </span>
     <span class='ocr_line' id='line_1_25' title="bbox 250 2781 1450 2866; baseline -0.002 -18"><span class='ocrx_word' id='word_1_205' title='bbox 250 2805 317 2848; x_wconf 88' lang='lat' dir='ltr'><strong>esse</strong></span> <span class='ocrx_word' id='word_1_206' title='bbox 334 2781 489 2866; x_wconf 86' lang='lat' dir='ltr'><strong>indignas)</strong></span> <span class='ocrx_word' id='word_1_207' title='bbox 506 2784 610 2864; x_wconf 92' lang='lat' dir='ltr'><strong>plures</strong></span> <span class='ocrx_word' id='word_1_208' title='bbox 626 2784 736 2849; x_wconf 88' lang='lat' dir='ltr'><strong>habuit</strong></span> <span class='ocrx_word' id='word_1_209' title='bbox 756 2791 855 2860; x_wconf 89' lang='lat' dir='ltr'><strong>natos,</strong></span> <span class='ocrx_word' id='word_1_210' title='bbox 874 2803 1001 2864; x_wconf 93' lang='lat' dir='ltr'><strong>qnorum</strong></span> <span class='ocrx_word' id='word_1_211' title='bbox 1017 2784 1078 2847; x_wconf 92' lang='lat' dir='ltr'><strong>duo</strong></span> <span class='ocrx_word' id='word_1_212' title='bbox 1095 2784 1263 2848; x_wconf 87' lang='lat' dir='ltr'><strong>etiamnum</strong></span> <span class='ocrx_word' id='word_1_213' title='bbox 1288 2783 1379 2847; x_wconf 89' lang='lat' dir='ltr'><strong>hodie</strong></span> <span class='ocrx_word' id='word_1_214' title='bbox 1396 2804 1450 2847; x_wconf 91' lang='lat' dir='ltr'><strong>su-</strong></span> 
     </span>
     <span class='ocr_line' id='line_1_26' title="bbox 249 2879 1448 2963; baseline 0 -17"><span class='ocrx_word' id='word_1_215' title='bbox 249 2882 407 2963; x_wconf 85' lang='lat' dir='ltr'><strong>perstites,</strong></span> <span class='ocrx_word' id='word_1_216' title='bbox 418 2879 490 2944; x_wconf 91' lang='lat' dir='ltr'><strong>Viri</strong></span> <span class='ocrx_word' id='word_1_217' title='bbox 505 2881 696 2962; x_wconf 77' lang='lat' dir='ltr'><strong>integritate,</strong></span> <span class='ocrx_word' id='word_1_218' title='bbox 711 2883 838 2963; x_wconf 90' lang='lat' dir='ltr'><strong>pietate,</strong></span> <span class='ocrx_word' id='word_1_219' title='bbox 855 2881 997 2957; x_wconf 86' lang='lat' dir='ltr'><strong>candore,</strong></span> <span class='ocrx_word' id='word_1_220' title='bbox 1012 2881 1175 2963; x_wconf 86' lang='lat' dir='ltr'><strong>multiplici</strong></span> <span class='ocrx_word' id='word_1_221' title='bbox 1190 2901 1293 2946; x_wconf 91' lang='lat' dir='ltr'><strong>rerum</strong></span> <span class='ocrx_word' id='word_1_222' title='bbox 1304 2901 1371 2956; x_wconf 86' lang='lat' dir='ltr'><strong>usu,</strong></span> <span class='ocrx_word' id='word_1_223' title='bbox 1389 2902 1448 2946; x_wconf 89' lang='lat' dir='ltr'><strong>neo</strong></span> 
     </span>
     <span class='ocr_line' id='line_1_27' title="bbox 249 2978 1448 3062; baseline 0.002 -22"><span class='ocrx_word' id='word_1_224' title='bbox 249 2979 368 3062; x_wconf 80' lang='lat' dir='ltr'><strong>vulgari</strong></span> <span class='ocrx_word' id='word_1_225' title='bbox 384 2980 568 3062; x_wconf 84' lang='lat' dir='ltr'><strong>cognitione,</strong></span> <span class='ocrx_word' id='word_1_226' title='bbox 586 2980 752 3060; x_wconf 91' lang='lat' dir='ltr'><strong>conspicui.</strong></span> <span class='ocrx_word' id='word_1_227' title='bbox 791 2979 928 3043; x_wconf 88' lang='lat' dir='ltr'><strong>Medium</strong></span> <span class='ocrx_word' id='word_1_228' title='bbox 944 2979 1094 3044; x_wconf 87' lang='lat' dir='ltr'><strong>intereos</strong></span> <span class='ocrx_word' id='word_1_229' title='bbox 1108 2978 1448 3044; x_wconf 86' lang='lat' dir='ltr'><strong>tenebatdesideratis·</strong></span> 
     </span>
     <span class='ocr_line' id='line_1_28' title="bbox 250 3076 1447 3144; baseline -0.003 -2"><span class='ocrx_word' id='word_1_230' title='bbox 250 3078 345 3142; x_wconf 89' lang='lat' dir='ltr'><strong>simus</strong></span> <span class='ocrx_word' id='word_1_231' title='bbox 370 3077 488 3142; x_wconf 87' lang='lat' dir='ltr'><strong>Noster</strong></span> <span class='ocrx_word' id='word_1_232' title='bbox 503 3079 705 3142; x_wconf 64' lang='lat' dir='ltr'><strong>Frons-ismae.</strong></span> <span class='ocrx_word' id='word_1_233' title='bbox 756 3077 833 3142; x_wconf 86' lang='lat' dir='ltr'><strong>Dies</strong></span> <span class='ocrx_word' id='word_1_234' title='bbox 858 3077 902 3140; x_wconf 90' lang='lat' dir='ltr'><strong>illi</strong></span> <span class='ocrx_word' id='word_1_235' title='bbox 928 3078 1041 3142; x_wconf 88' lang='lat' dir='ltr'><strong>natalis</strong></span> <span class='ocrx_word' id='word_1_236' title='bbox 1065 3077 1124 3140; x_wconf 83' lang='lat' dir='ltr'><strong>suit</strong></span> <span class='ocrx_word' id='word_1_237' title='bbox 1143 3077 1187 3144; x_wconf 90' lang='grc'><strong>17</strong></span> <span class='ocrx_word' id='word_1_238' title='bbox 1206 3076 1349 3142; x_wconf 88' lang='lat' dir='ltr'><strong>Octobris</strong></span> <span class='ocrx_word' id='word_1_239' title='bbox 1375 3077 1447 3138; x_wconf 88' lang='lat' dir='ltr'><strong>anni</strong></span> 
     </span>
     <span class='ocr_line' id='line_1_29' title="bbox 251 3175 1448 3259; baseline -0.002 -19"><span class='ocrx_word' id='word_1_240' title='bbox 251 3193 289 3240; x_wconf 83' lang='grc' dir='ltr'><strong>ιι.</strong></span> <span class='ocrx_word' id='word_1_241' title='bbox 307 3193 491 3254; x_wconf 73' lang='lat' dir='ltr'><strong>uc.xrs111.,</strong></span> <span class='ocrx_word' id='word_1_242' title='bbox 508 3178 560 3258; x_wconf 93' lang='lat' dir='ltr'><strong>qui</strong></span> <span class='ocrx_word' id='word_1_243' title='bbox 585 3177 762 3241; x_wconf 82' lang='lat' dir='ltr'><strong>emortualis</strong></span> <span class='ocrx_word' id='word_1_244' title='bbox 786 3178 889 3240; x_wconf 82' lang='lat' dir='ltr'><strong>fuerat</strong></span> <span class='ocrx_word' id='word_1_245' title='bbox 907 3177 1060 3259; x_wconf 77' lang='lat' dir='ltr'><strong>Philippo</strong></span> <span class='ocrx_word' id='word_1_246' title='bbox 1084 3176 1232 3238; x_wconf 82' lang='lat' dir='ltr'><strong>Mornaeo</strong></span> <span class='ocrx_word' id='word_1_247' title='bbox 1254 3175 1397 3249; x_wconf 78' lang='lat' dir='ltr'><strong>Plcssaeo,</strong></span> <span class='ocrx_word' id='word_1_248' title='bbox 1415 3181 1448 3237; x_wconf 89' lang='lat' dir='ltr'><strong>et</strong></span> 
     </span>
     <span class='ocr_line' id='line_1_30' title="bbox 251 3271 1447 3354; baseline -0.003 -18"><span class='ocrx_word' id='word_1_249' title='bbox 251 3274 358 3336; x_wconf 85' lang='lat' dir='ltr'><strong>Paulo</strong></span> <span class='ocrx_word' id='word_1_250' title='bbox 375 3276 491 3337; x_wconf 82' lang='lat' dir='ltr'><strong>Veneto</strong></span> <span class='ocrx_word' id='word_1_251' title='bbox 508 3275 633 3338; x_wconf 89' lang='lat' dir='ltr'><strong>Ordinis</strong></span> <span class='ocrx_word' id='word_1_252' title='bbox 650 3273 849 3350; x_wconf 82' lang='lat' dir='ltr'><strong>Servitarnm,</strong></span> <span class='ocrx_word' id='word_1_253' title='bbox 862 3271 950 3336; x_wconf 88' lang='lat' dir='ltr'><strong>Viris</strong></span> <span class='ocrx_word' id='word_1_254' title='bbox 965 3274 1113 3352; x_wconf 88' lang='lat' dir='ltr'><strong>majorum</strong></span> <span class='ocrx_word' id='word_1_255' title='bbox 1130 3272 1326 3354; x_wconf 88' lang='lat' dir='ltr'><strong>imaginibus,</strong></span> <span class='ocrx_word' id='word_1_256' title='bbox 1343 3278 1375 3334; x_wconf 92' lang='lat' dir='ltr'><strong>et</strong></span> <span class='ocrx_word' id='word_1_257' title='bbox 1391 3290 1447 3334; x_wconf 87' lang='lat' dir='ltr'><strong>sna</strong></span> 
     </span>
     <span class='ocr_line' id='line_1_31' title="bbox 251 3365 1446 3451; baseline -0.003 -19"><span class='ocrx_word' id='word_1_258' title='bbox 251 3370 368 3432; x_wconf 83' lang='lat' dir='ltr'><strong>virtute</strong></span> <span class='ocrx_word' id='word_1_259' title='bbox 384 3390 419 3433; x_wconf 90' lang='lat' dir='ltr'><strong>ac</strong></span> <span class='ocrx_word' id='word_1_260' title='bbox 437 3371 610 3434; x_wconf 90' lang='lat' dir='ltr'><strong>eruditione</strong></span> <span class='ocrx_word' id='word_1_261' title='bbox 624 3371 759 3451; x_wconf 83' lang='lat' dir='ltr'><strong>inclytis,</strong></span> <span class='ocrx_word' id='word_1_262' title='bbox 775 3379 874 3435; x_wconf 85' lang='lat' dir='ltr'><strong>metas</strong></span> <span class='ocrx_word' id='word_1_263' title='bbox 887 3370 1002 3451; x_wconf 87' lang='lat' dir='ltr'><strong>ingenii</strong></span> <span class='ocrx_word' id='word_1_264' title='bbox 1014 3377 1047 3434; x_wconf 90' lang='lat' dir='ltr'><strong>et</strong></span> <span class='ocrx_word' id='word_1_265' title='bbox 1059 3369 1159 3432; x_wconf 89' lang='lat' dir='ltr'><strong>laudis</strong></span> <span class='ocrx_word' id='word_1_266' title='bbox 1172 3369 1320 3451; x_wconf 87' lang='lat' dir='ltr'><strong>egressis;</strong></span> <span class='ocrx_word' id='word_1_267' title='bbox 1347 3365 1379 3430; x_wconf 88' lang='lat' dir='ltr'>N</span> <span class='ocrx_word' id='word_1_268' title='bbox 1379 3367 1446 3430; x_wconf 91' lang='lat' dir='ltr'><strong>imi-</strong></span> 
     </span>
     <span class='ocr_line' id='line_1_32' title="bbox 253 3465 1448 3542; baseline -0.002 -12"><span class='ocrx_word' id='word_1_269' title='bbox 253 3487 319 3530; x_wconf 91' lang='lat' dir='ltr'><strong>rum</strong></span> <span class='ocrx_word' id='word_1_270' title='bbox 337 3465 417 3528; x_wconf 85' lang='lat' dir='ltr'><strong>sicut</strong></span> <span class='ocrx_word' id='word_1_271' title='bbox 440 3466 523 3530; x_wconf 89' lang='lat' dir='ltr'><strong>inter</strong></span> <span class='ocrx_word' id='word_1_272' title='bbox 536 3467 636 3529; x_wconf 86' lang='lat' dir='ltr'><strong>Astra</strong></span> <span class='ocrx_word' id='word_1_273' title='bbox 651 3467 721 3530; x_wconf 86' lang='lat' dir='ltr'><strong>aliis</strong></span> <span class='ocrx_word' id='word_1_274' title='bbox 745 3468 937 3531; x_wconf 87' lang='lat' dir='ltr'><strong>horizontem</strong></span> <span class='ocrx_word' id='word_1_275' title='bbox 952 3473 1092 3530; x_wconf 88' lang='lat' dir='ltr'><strong>nostrum</strong></span> <span class='ocrx_word' id='word_1_276' title='bbox 1109 3467 1322 3542; x_wconf 88' lang='lat' dir='ltr'><strong>subeuntibus,</strong></span> <span class='ocrx_word' id='word_1_277' title='bbox 1338 3465 1399 3528; x_wconf 91' lang='lat' dir='ltr'><strong>alia</strong></span> <span class='ocrx_word' id='word_1_278' title='bbox 1415 3465 1448 3528; x_wconf 94' lang='lat' dir='ltr'><strong>in</strong></span> 
     </span>
     <span class='ocr_line' id='line_1_33' title="bbox 252 3562 1449 3645; baseline 0 -19"><span class='ocrx_word' id='word_1_279' title='bbox 252 3565 380 3627; x_wconf 83' lang='lat' dir='ltr'><strong>adverso</strong></span> <span class='ocrx_word' id='word_1_280' title='bbox 405 3563 620 3644; x_wconf 85' lang='lat' dir='ltr'><strong>hemisphaerio</strong></span> <span class='ocrx_word' id='word_1_281' title='bbox 643 3571 811 3645; x_wconf 86' lang='lat' dir='ltr'><strong>emergunt.</strong></span> <span class='ocrx_word' id='word_1_282' title='bbox 861 3564 980 3628; x_wconf 86' lang='lat' dir='ltr'><strong>Eodem</strong></span> <span class='ocrx_word' id='word_1_283' title='bbox 996 3583 1076 3628; x_wconf 88' lang='lat' dir='ltr'><strong>anno</strong></span> <span class='ocrx_word' id='word_1_284' title='bbox 1091 3563 1258 3645; x_wconf 84' lang='lat' dir='ltr'><strong>Gregorius</strong></span> <span class='ocrx_word' id='word_1_285' title='bbox 1274 3562 1349 3627; x_wconf 89' lang='lat' dir='ltr'><strong>XV.</strong></span> <span class='ocrx_word' id='word_1_286' title='bbox 1367 3562 1449 3626; x_wconf 91' lang='lat' dir='ltr'><strong>Pon-</strong></span> 
     </span>
     <span class='ocr_line' id='line_1_34' title="bbox 253 3657 1452 3739; baseline 0.002 -17"><span class='ocrx_word' id='word_1_287' title='bbox 253 3663 332 3725; x_wconf 84' lang='lat' dir='ltr'><strong>tifex</strong></span> <span class='ocrx_word' id='word_1_288' title='bbox 348 3668 488 3724; x_wconf 85' lang='lat' dir='ltr'><strong>extremo</strong></span> <span class='ocrx_word' id='word_1_289' title='bbox 499 3681 555 3723; x_wconf 89' lang='lat' dir='ltr'><strong>sua</strong></span> <span class='ocrx_word' id='word_1_290' title='bbox 567 3662 634 3723; x_wconf 83' lang='lat' dir='ltr'><strong>fata</strong></span> <span class='ocrx_word' id='word_1_291' title='bbox 648 3657 698 3725; x_wconf 89' lang='lat' dir='ltr'><strong>die</strong></span> <span class='ocrx_word' id='word_1_292' title='bbox 714 3660 834 3739; x_wconf 87' lang='lat' dir='ltr'><strong>clausit,</strong></span> <span class='ocrx_word' id='word_1_293' title='bbox 850 3669 884 3726; x_wconf 88' lang='lat' dir='ltr'><strong>et</strong></span> <span class='ocrx_word' id='word_1_294' title='bbox 894 3661 1078 3726; x_wconf 87' lang='lat' dir='ltr'><strong>Franciscns</strong></span> <span class='ocrx_word' id='word_1_295' title='bbox 1093 3661 1284 3725; x_wconf 81' lang='lat' dir='ltr'><strong>Conterenus</strong></span> <span class='ocrx_word' id='word_1_296' title='bbox 1300 3661 1334 3723; x_wconf 94' lang='lat' dir='ltr'><strong>in</strong></span> <span class='ocrx_word' id='word_1_297' title='bbox 1350 3660 1452 3724; x_wconf 91' lang='lat' dir='ltr'><strong>locum</strong></span> 
     </span>
     <span class='ocr_line' id='line_1_35' title="bbox 254 3757 1452 3840; baseline 0 -18"><span class='ocrx_word' id='word_1_298' title='bbox 254 3758 388 3822; x_wconf 86' lang='lat' dir='ltr'><strong>Antonii</strong></span> <span class='ocrx_word' id='word_1_299' title='bbox 405 3758 501 3822; x_wconf 92' lang='lat' dir='ltr'><strong>Prioli</strong></span> <span class='ocrx_word' id='word_1_300' title='bbox 517 3757 721 3822; x_wconf 87' lang='lat' dir='ltr'><strong>Venetiarum</strong></span> <span class='ocrx_word' id='word_1_301' title='bbox 735 3759 887 3840; x_wconf 87' lang='lat' dir='ltr'><strong>Principis</strong></span> <span class='ocrx_word' id='word_1_302' title='bbox 905 3761 1088 3838; x_wconf 87' lang='lat' dir='ltr'><strong>subrogatus</strong></span> <span class='ocrx_word' id='word_1_303' title='bbox 1104 3765 1161 3824; x_wconf 87' lang='lat' dir='ltr'><strong>eat.</strong></span> <span class='ocrx_word' id='word_1_304' title='bbox 1206 3759 1334 3833; x_wconf 87' lang='lat' dir='ltr'><strong>Eodem,</strong></span> <span class='ocrx_word' id='word_1_305' title='bbox 1352 3757 1452 3838; x_wconf 81' lang='lat' dir='ltr'><strong>Syno-</strong></span> 
     </span>
     <span class='ocr_line' id='line_1_36' title="bbox 254 3855 1453 3937; baseline -0.003 -16"><span class='ocrx_word' id='word_1_306' title='bbox 254 3859 311 3922; x_wconf 89' lang='lat' dir='ltr'><strong>dus</strong></span> <span class='ocrx_word' id='word_1_307' title='bbox 326 3857 563 3921; x_wconf 85' lang='lat' dir='ltr'><strong>Carentonensis</strong></span> <span class='ocrx_word' id='word_1_308' title='bbox 574 3857 690 3933; x_wconf 88' lang='lat' dir='ltr'><strong>habita,</strong></span> <span class='ocrx_word' id='word_1_309' title='bbox 705 3865 738 3921; x_wconf 88' lang='lat' dir='ltr'><strong>et</strong></span> <span class='ocrx_word' id='word_1_310' title='bbox 752 3857 893 3922; x_wconf 88' lang='lat' dir='ltr'><strong>Ecclesia</strong></span> <span class='ocrx_word' id='word_1_311' title='bbox 904 3855 1090 3923; x_wconf 81' lang='lat' dir='ltr'><strong>Gencrensis</strong></span> <span class='ocrx_word' id='word_1_312' title='bbox 1102 3857 1195 3937; x_wconf 82' lang='lat' dir='ltr'><strong>coepit</strong></span> <span class='ocrx_word' id='word_1_313' title='bbox 1207 3857 1239 3919; x_wconf 94' lang='lat' dir='ltr'><strong>in</strong></span> <span class='ocrx_word' id='word_1_314' title='bbox 1253 3855 1453 3920; x_wconf 88' lang='lat' dir='ltr'><strong>Eucharistia</strong></span> 
     </span>
     <span class='ocr_line' id='line_1_37' title="bbox 253 3954 1271 4036; baseline -0.004 -17"><span class='ocrx_word' id='word_1_315' title='bbox 253 3959 439 4021; x_wconf 83' lang='lat' dir='ltr'><strong>fermentato</strong></span> <span class='ocrx_word' id='word_1_316' title='bbox 452 3955 500 4018; x_wconf 91' lang='lat' dir='ltr'><strong>uti</strong></span> <span class='ocrx_word' id='word_1_317' title='bbox 514 3975 604 4036; x_wconf 88' lang='lat' dir='ltr'><strong>pane,</strong></span> <span class='ocrx_word' id='word_1_318' title='bbox 617 3955 711 4034; x_wconf 86' lang='lat' dir='ltr'><strong>juxta</strong></span> <span class='ocrx_word' id='word_1_319' title='bbox 728 3963 867 4020; x_wconf 80' lang='lat' dir='ltr'><strong>veterum</strong></span> <span class='ocrx_word' id='word_1_320' title='bbox 882 3954 1127 4019; x_wconf 86' lang='lat' dir='ltr'><strong>Christianorum</strong></span> <span class='ocrx_word' id='word_1_321' title='bbox 1141 3954 1271 4035; x_wconf 87' lang='lat' dir='ltr'><strong>praxim.</strong></span> 
     </span>
    </p>

    <p class='ocr_par' dir='ltr' id='par_1_7' title="bbox 255 4051 1456 4714">
     <span class='ocr_line' id='line_1_38' title="bbox 305 4051 1454 4134; baseline -0.004 -18"><span class='ocrx_word' id='word_1_322' title='bbox 305 4056 476 4118; x_wconf 76' lang='lat' dir='ltr'><strong>Onrsnurs</strong></span> <span class='ocrx_word' id='word_1_323' title='bbox 499 4053 579 4118; x_wconf 90' lang='lat' dir='ltr'><strong>Solis</strong></span> <span class='ocrx_word' id='word_1_324' title='bbox 591 4053 685 4134; x_wconf 88' lang='lat' dir='ltr'><strong>jubar</strong></span> <span class='ocrx_word' id='word_1_325' title='bbox 700 4053 895 4129; x_wconf 87' lang='lat' dir='ltr'><strong>admiramur,</strong></span> <span class='ocrx_word' id='word_1_326' title='bbox 912 4059 945 4116; x_wconf 90' lang='lat' dir='ltr'><strong>et</strong></span> <span class='ocrx_word' id='word_1_327' title='bbox 959 4053 998 4116; x_wconf 92' lang='lat' dir='ltr'><strong>de</strong></span> <span class='ocrx_word' id='word_1_328' title='bbox 1012 4051 1113 4116; x_wconf 91' lang='lat' dir='ltr'><strong>culmo</strong></span> <span class='ocrx_word' id='word_1_329' title='bbox 1129 4057 1292 4132; x_wconf 87' lang='lat' dir='ltr'><strong>segeteque</strong></span> <span class='ocrx_word' id='word_1_330' title='bbox 1314 4051 1454 4112; x_wconf 83' lang='lat' dir='ltr'><strong>futuram</strong></span> 
     </span>
     <span class='ocr_line' id='line_1_39' title="bbox 255 4147 1452 4229; baseline -0.004 -15"><span class='ocrx_word' id='word_1_331' title='bbox 255 4151 434 4229; x_wconf 86' lang='lat' dir='ltr'><strong>conjicimus</strong></span> <span class='ocrx_word' id='word_1_332' title='bbox 458 4173 597 4216; x_wconf 87' lang='lat' dir='ltr'><strong>messem.</strong></span> <span class='ocrx_word' id='word_1_333' title='bbox 649 4151 703 4214; x_wconf 93' lang='lat' dir='ltr'><strong>Ab</strong></span> <span class='ocrx_word' id='word_1_334' title='bbox 729 4151 854 4215; x_wconf 88' lang='lat' dir='ltr'><strong>ineunte</strong></span> <span class='ocrx_word' id='word_1_335' title='bbox 868 4156 961 4213; x_wconf 84' lang='lat' dir='ltr'><strong>aetate</strong></span> <span class='ocrx_word' id='word_1_336' title='bbox 985 4155 1090 4212; x_wconf 82' lang='lat' dir='ltr'><strong>noster</strong></span> <span class='ocrx_word' id='word_1_337' title='bbox 1109 4149 1312 4211; x_wconf 79' lang='lat' dir='ltr'><strong>Turretta&#39;nos</strong></span> <span class='ocrx_word' id='word_1_338' title='bbox 1336 4147 1452 4228; x_wconf 88' lang='lat' dir='ltr'><strong>ingenii</strong></span> 
     </span>
     <span class='ocr_line' id='line_1_40' title="bbox 256 4244 1453 4328; baseline -0.004 -18"><span class='ocrx_word' id='word_1_339' title='bbox 256 4247 304 4310; x_wconf 91' lang='lat' dir='ltr'><strong>sni</strong></span> <span class='ocrx_word' id='word_1_340' title='bbox 320 4247 417 4309; x_wconf 91' lang='lat' dir='ltr'><strong>edidit</strong></span> <span class='ocrx_word' id='word_1_341' title='bbox 432 4249 608 4327; x_wconf 86' lang='lat' dir='ltr'><strong>specimina,</strong></span> <span class='ocrx_word' id='word_1_342' title='bbox 622 4248 703 4313; x_wconf 89' lang='lat' dir='ltr'><strong>unde</strong></span> <span class='ocrx_word' id='word_1_343' title='bbox 716 4249 807 4312; x_wconf 82' lang='lat' dir='ltr'><strong>facile</strong></span> <span class='ocrx_word' id='word_1_344' title='bbox 819 4254 887 4312; x_wconf 88' lang='lat' dir='ltr'><strong>erat</strong></span> <span class='ocrx_word' id='word_1_345' title='bbox 902 4246 1061 4328; x_wconf 86' lang='lat' dir='ltr'><strong>augurium</strong></span> <span class='ocrx_word' id='word_1_346' title='bbox 1076 4246 1115 4309; x_wconf 87' lang='lat' dir='ltr'><strong>ab</strong></span> <span class='ocrx_word' id='word_1_347' title='bbox 1130 4245 1179 4308; x_wconf 90' lang='lat' dir='ltr'><strong>his</strong></span> <span class='ocrx_word' id='word_1_348' title='bbox 1194 4244 1368 4309; x_wconf 87' lang='lat' dir='ltr'><strong>carceribus</strong></span> <span class='ocrx_word' id='word_1_349' title='bbox 1384 4263 1453 4306; x_wconf 89' lang='lat' dir='ltr'><strong>eum</strong></span> 
     </span>
     <span class='ocr_line' id='line_1_41' title="bbox 257 4341 1453 4428; baseline -0.004 -22"><span class='ocrx_word' id='word_1_350' title='bbox 257 4344 298 4406; x_wconf 87' lang='lat' dir='ltr'><strong>ad</strong></span> <span class='ocrx_word' id='word_1_351' title='bbox 321 4363 439 4404; x_wconf 89' lang='lat' dir='ltr'><strong>summa</strong></span> <span class='ocrx_word' id='word_1_352' title='bbox 456 4364 582 4424; x_wconf 82' lang='lat' dir='ltr'><strong>quaeque</strong></span> <span class='ocrx_word' id='word_1_353' title='bbox 594 4352 827 4428; x_wconf 84' lang='lat' dir='ltr'><strong>perventurum.</strong></span> <span class='ocrx_word' id='word_1_354' title='bbox 879 4345 942 4408; x_wconf 89' lang='lat' dir='ltr'><strong>Suo</strong></span> <span class='ocrx_word' id='word_1_355' title='bbox 958 4345 1160 4408; x_wconf 87' lang='lat' dir='ltr'><strong>confirmabat</strong></span> <span class='ocrx_word' id='word_1_356' title='bbox 1175 4341 1316 4422; x_wconf 88' lang='lat' dir='ltr'><strong>exemplo</strong></span> <span class='ocrx_word' id='word_1_357' title='bbox 1330 4347 1453 4404; x_wconf 85' lang='lat' dir='ltr'><strong>senten-</strong></span> 
     </span>
     <span class='ocr_line' id='line_1_42' title="bbox 258 4437 1453 4522; baseline -0.003 -20"><span class='ocrx_word' id='word_1_358' title='bbox 258 4440 334 4502; x_wconf 89' lang='lat' dir='ltr'><strong>tiam</strong></span> <span class='ocrx_word' id='word_1_359' title='bbox 349 4439 517 4519; x_wconf 86' lang='lat' dir='ltr'><strong>Scriptoris</strong></span> <span class='ocrx_word' id='word_1_360' title='bbox 532 4441 749 4519; x_wconf 88' lang='lat' dir='ltr'><strong>sapientissimi</strong></span> <span class='ocrx_word' id='word_1_361' title='bbox 766 4443 859 4507; x_wconf 91' lang='lat' dir='ltr'><strong>Probi</strong></span> <span class='ocrx_word' id='word_1_362' title='bbox 881 4441 1083 4522; x_wconf 89' lang='lat' dir='ltr'><strong>Imperatoris</strong></span> <span class='ocrx_word' id='word_1_363' title='bbox 1099 4439 1232 4504; x_wconf 90' lang='lat' dir='ltr'><strong>indolem</strong></span> <span class='ocrx_word' id='word_1_364' title='bbox 1254 4437 1384 4518; x_wconf 89' lang='lat' dir='ltr'><strong>primam</strong></span> <span class='ocrx_word' id='word_1_365' title='bbox 1399 4457 1453 4500; x_wconf 84' lang='lat' dir='ltr'><strong>ex·</strong></span> 
     </span>
     <span class='ocr_line' id='line_1_43' title="bbox 258 4533 1455 4620; baseline -0.004 -19"><span class='ocrx_word' id='word_1_366' title='bbox 258 4537 421 4601; x_wconf 86' lang='lat' dir='ltr'><strong>tollentis:</strong></span> <span class='ocrx_word' id='word_1_367' title='bbox 457 4533 620 4616; x_wconf 87' lang='lat' dir='ltr'><strong>“Nemo,&#39;’</strong></span> <span class='ocrx_word' id='word_1_368' title='bbox 651 4539 763 4620; x_wconf 91' lang='lat' dir='ltr'><strong>inquit,</strong></span> <span class='ocrx_word' id='word_1_369' title='bbox 793 4547 955 4620; x_wconf 89' lang='lat' dir='ltr'><strong>“unquam</strong></span> <span class='ocrx_word' id='word_1_370' title='bbox 980 4539 1020 4601; x_wconf 88' lang='lat' dir='ltr'><strong>ad</strong></span> <span class='ocrx_word' id='word_1_371' title='bbox 1043 4539 1192 4602; x_wconf 82' lang='lat' dir='ltr'><strong>virtutem</strong></span> <span class='ocrx_word' id='word_1_372' title='bbox 1217 4535 1359 4617; x_wconf 85' lang='lat' dir='ltr'><strong>pervenit</strong></span> <span class='ocrx_word' id='word_1_373' title='bbox 1387 4534 1455 4614; x_wconf 90' lang='lat' dir='ltr'><strong>jam</strong></span> 
     </span>
     <span class='ocr_line' id='line_1_44' title="bbox 258 4633 1456 4714; baseline -0.006 -16"><span class='ocrx_word' id='word_1_374' title='bbox 258 4641 408 4709; x_wconf 89' lang='lat' dir='ltr'><strong>maturus,</strong></span> <span class='ocrx_word' id='word_1_375' title='bbox 436 4634 493 4698; x_wconf 92' lang='lat' dir='ltr'><strong>nisi</strong></span> <span class='ocrx_word' id='word_1_376' title='bbox 520 4634 571 4714; x_wconf 89' lang='lat' dir='ltr'><strong>qui</strong></span> <span class='ocrx_word' id='word_1_377' title='bbox 603 4655 680 4714; x_wconf 92' lang='lat' dir='ltr'><strong>puor</strong></span> <span class='ocrx_word' id='word_1_378' title='bbox 702 4637 853 4699; x_wconf 79' lang='lat' dir='ltr'><strong>virtutum</strong></span> <span class='ocrx_word' id='word_1_379' title='bbox 882 4635 1044 4699; x_wconf 86' lang='lat' dir='ltr'><strong>seminario</strong></span> <span class='ocrx_word' id='word_1_380' title='bbox 1074 4633 1268 4714; x_wconf 84' lang='lat' dir='ltr'><strong>generosiore</strong></span> <span class='ocrx_word' id='word_1_381' title='bbox 1293 4637 1456 4696; x_wconf 89' lang='lat' dir='ltr'><strong>concretus</strong></span> 
     </span>
    </p>
   </div>
   <div class='ocr_carea' id='block_1_6' title="bbox 0 0 1599 5194">
    <p class='ocr_par' dir='ltr' id='par_1_8' title="bbox 0 0 1599 5194">
     <span class='ocr_line' id='line_1_45' title="bbox 0 0 1599 5194; baseline 0 0"><span class='ocrx_word' id='word_1_382' title='bbox 0 0 1599 5194; x_wconf 95' lang='lat' dir='ltr'><strong> </strong></span> 
     </span>
    </p>
   </div>
  </div>
 </body>
</html>
