3174 5174
121 385 244 436 eumen
257 367 314 448 ru]
584 388 623 428 nn
637 374 839 430 rsovrnnurra
853 386 913 432 oar.
1272 377 1330 437 4⁵1

120 579 287 627 musanen
320 592 369 624 uon
430 511 487 588 VI.
510 527 616 604 Primo,
632 529 701 607 quia
726 526 875 608 Scriptura
896 531 1005 608 passim
1027 531 1155 592 cotiones
1180 547 1330 595 causacum

148 638 270 682 ,mim
317 639 370 682 m,
390 607 581 668 secundarum
596 605 659 668 Deo
673 609 775 669 tribuit
787 617 821 669 ut
839 629 934 672 causa
947 611 1056 689 primae,
1080 613 1159 690 quod
1179 633 1330 692 perperam

150 699 212 766 aum
231 697 256 740 iu
278 709 369 741 mnr-
390 687 541 764 diceretur,
558 688 658 748 sitota
672 689 867 749 Providentiae
880 691 954 750 ratio
968 693 1139 752 consisteret
1162 694 1193 751 in
1214 713 1330 754 conser-

149 755 369 857 ζὲωζῖὴζᾛ
389 768 506 827 ratione
517 787 620 844 rerum,
636 777 665 829 et
679 772 886 829 sustentatione
901 769 1079 848 facultatum,
1094 779 1124 832 et
1148 774 1230 832 Deus
1244 775 1328 834 effec-

150 871 370 973 fflffitpaffiu
389 848 450 986 tire
465 867 530 986 epm
544 848 602 907 illis
615 867 674 907 non
688 858 904 989 coneugemfl
920 851 969 910 Ita
990 853 1071 911 Deus
1095 851 1201 946 dicituir
1223 855 1330 950 matesc

148 959 269 1100 ...a
389 921 1053 1087 messanenses
1066 934 1329 1090 &tatuit

116 1087 163 1144 uti
175 1089 271 1163 nuptas
283 1095 422 1163 tanquam
435 1089 533 1162 κων-ι’,
549 1087 641 1164 virge,
664 1104 750 1164 serra,
766 1089 878 1166 Medio,
894 1089 932 1148 ud
954 1102 1027 1168 opus
1051 1109 1143 1166 suum,
1159 1092 1217 1151 lea.
1232 1113 1262 1152 x.
1280 1096 1326 1170 lli,

118 1169 171 1242 26,
188 1175 218 1225 ct
231 1166 295 1224 xiil.
311 1168 339 1224 5.
382 1166 456 1224 Nam
470 1173 504 1226 ut
517 1165 573 1226 ista
586 1173 644 1225 non
659 1175 813 1245 operantur
825 1187 864 1227 ex
878 1169 988 1248 scipsis,
1003 1170 1060 1229 nisi
1082 1179 1234 1232 concurrat
1257 1174 1325 1233 arti*

118 1244 190 1321 fex;
212 1246 262 1305 Its
275 1259 370 1305 causa
382 1246 523 1322 emundas,
539 1260 604 1323 qun
617 1247 697 1306 hisce
711 1248 909 1308 instrumentis
923 1259 1131 1328 comparantur,
1152 1269 1210 1310 non
1235 1261 1327 1329 agunt

119 1325 385 1400 solasuavirtute,
406 1325 458 1384 sed
479 1335 565 1384 motae
587 1326 703 1386 demum
727 1347 744 1385 a
768 1347 855 1388 cause
875 1329 976 1406 prima.
1019 1330 1080 1389 Neo
1103 1329 1199 1408 excipi
1221 1337 1326 1409 potest,

121 1404 219 1463 Deum
233 1421 321 1481 posse
346 1403 403 1462 dici
425 1417 602 1479 concussere,
626 1413 767 1481 quotenus
789 1407 840 1464 dat
862 1408 1001 1466 creaturis
1021 1409 1187 1467 facmtatem
1211 1411 1326 1488 egendi,

118 1494 245 1560 umque
256 1489 417 1558 conservat,
432 1483 501 1541 iicet
512 1494 577 1541 cum
591 1483 722 1541 illistron
736 1494 887 1543 concurrat
901 1485 1042 1545 effective.
1084 1488 1159 1562 Quia
1180 1489 1261 1548 allud
1282 1498 1328 1550 est

120 1577 295 1622 wncumcre
316 1561 354 1620 ad
374 1562 621 1622 conservationem
642 1561 819 1638 iaculatum,
842 1563 922 1622 aliud
942 1564 980 1622 ad
1004 1566 1184 1644 operationes
1205 1587 1325 1646 carum;

120 1643 205 1702 Deus
218 1659 290 1701 vcro
304 1657 342 1700 ex
354 1641 428 1700 locis
441 1641 537 1700 allatis
551 1641 657 1700 dicitru
670 1660 838 1701 concurrere
857 1643 895 1702 ad
909 1644 987 1721 ipsas
1001 1645 1148 1705 cotioness
1171 1646 1210 1705 Et
1224 1647 1325 1706 simili-

117 1722 193 1782 tudo
206 1722 296 1781 allate
308 1722 365 1780 hoc
378 1719 540 1780 necesmio
554 1721 675 1798 crinem
697 1738 764 1779 narn
777 1721 847 1781 licet
859 1723 1050 1784 instrmuenta
1063 1725 1126 1803 ipsa
1140 1723 1267 1787 habeant
1281 1728 1322 1786 Ia·

120 1802 261 1861 sulutem
276 1801 422 1878 operandi,
437 1816 496 1858 non
509 1807 631 1878 possunt
654 1809 751 1861 umen
773 1803 893 1879 operari,
916 1803 973 1862 nisi
997 1813 1193 1882 concurrente,
1211 1815 1241 1867 et
1261 1807 1326 1886 ipso

120 1899 230 1940 manus
243 1881 414 1940 admovente
428 1880 546 1940 artifice.

166 1961 242 2020 v11.
263 1961 328 2020 Huc
342 1961 487 2038 pertinent
500 1961 564 2019 luca
578 1959 679 2034 Actor.
694 1958 766 2019 xvii.
781 1961 830 2034 28,
846 1959 957 2020 Ooloss
971 1960 991 2019 l.
1008 1963 1054 2037 17,
1077 1962 1184 2040 quibus
1203 1955 1326 2024 dicimos

120 2039 154 2098 in
169 2041 318 2116 Decesse,
334 2040 453 2116 moveri,
469 2049 499 2100 et
512 2041 631 2116 vivere;
654 2039 729 2097 Nam
750 2039 780 2097 in
794 2056 861 2116 quo,
877 2048 907 2099 et
926 2059 944 2098 e
964 2057 1022 2118 quo
1043 2056 1150 2117 sumus,
1172 2051 1203 2101 et
1225 2061 1325 2103 morc-

120 2137 196 2196 mur,
212 2119 250 2178 ab
260 2121 312 2178 illo
326 2137 426 2179 omnes
439 2127 546 2179 nostrae
559 2119 687 2178 actiones
701 2117 834 2178 affective
847 2135 962 2198 quoque
975 2120 1100 2197 pendere
1114 2119 1230 2180 debent.
1256 2122 1324 2198 Qui-

120 2199 178 2260 bus
191 2201 251 2258 alia
264 2199 333 2258 addi
352 2207 483 2278 possunt,
505 2200 536 2258 in
556 2199 662 2277 quibus
683 2217 771 2276 opera
789 2199 919 2258 fidelium
946 2200 1009 2259 Deo
1032 2207 1151 2278 accepta
1174 2201 1323 2280 feruntm

120 2279 268 2358 quomodo
283 2281 359 2338 enlm
375 2280 455 2338 Deus
469 2279 575 2338 dlcstur
588 2279 706 2355 operm'
717 2280 746 2338 In
760 2278 836 2338 nobie
849 2283 917 2356 cella
931 2288 959 2338 ct
974 2281 1121 2359 perficere,
1139 2280 1214 2356 Pbil.
1229 2281 1259 2340 ii.
1276 2285 1323 2359 13,

121 2369 151 2419 et
164 2361 262 2419 omm‘a
285 2360 315 2417 iu
336 2361 414 2418 ποὺίε
426 2360 550 2436 opeuri,
567 2362 583 2417 l
600 2359 665 2418 Gor.
679 2359 730 2417 xii.
746 2361 774 2434 6,
789 2367 819 2418 ot
841 2358 898 2418 alia
921 2359 1064 2436 idgenus3
1087 2360 1112 2418 si
1137 2360 1326 2421 Providentia

119 2439 185 2518 ejus
199 2439 334 2499 coaddit
347 2445 459 2499 tantum
473 2439 504 2497 iu
517 2437 735 2499 conservatione
747 2438 986 2516 studeamus
999 2439 1030 2498 in
1044 2451 1186 2501 concursu
1196 2441 1325 2520 generali

15 2590 16 2600 ,
120 2527 150 2580 ct
163 2517 372 2578 indifferente?

160 2598 256 2658 VIII.
278 2603 307 2658 2.
323 2599 397 2674 Quia
411 2599 493 2658 Deus
506 2605 551 2658 est
565 2595 732 2657 Moderator
745 2605 775 2659 ct
789 2599 931 2659 Dominus
955 2599 1064 2677 mundl,
1090 2601 1130 2660 Et
1151 2613 1203 2678 pcr
1224 2617 1324 2661 conse·

117 2697 214 2757 quens
229 2697 330 2738 eorum
344 2679 470 2738 emulum
485 2694 550 2755 quae
564 2678 594 2736 in
608 2697 643 2736 eo
657 2687 732 2753 eunt,
747 2680 797 2738 vel
810 2680 892 2756 dunt,
908 2680 987 2757 quod
1011 2681 1073 2740 sola
1095 2681 1323 2757 conservatione,

118 2759 169 2819 rel
184 2777 328 2818 concursu
342 2759 470 2836 generali
482 2757 545 2816 ficri
558 2777 616 2816 non
629 2765 734 2835 potest,
749 2760 818 2836 quia
836 2758 978 2818 moderari
1003 2768 1048 2819 est
1071 2759 1112 2818 its
1135 2776 1267 2837 praesse,
1293 2770 1327 2820 ut

118 2838 269 2898 Quanto
283 2838 383 2897 ordine
396 2846 480 2916 regat
497 2838 546 2896 ille
560 2838 610 2916 qui
624 2847 736 2915 praeest,
759 2839 839 2915 quod
862 2839 1070 2916 complectitur,
1096 2847 1158 2898 tum
1182 2840 1324 2898 definitio·

117 2937 188 2978 nem
202 2919 280 2994 finis,
295 2927 358 2978 bun
372 2917 581 2978 ordinationem
594 2917 763 2977 mediorum.
806 2919 853 2976 Ita
867 2918 936 2994 quia
958 2917 1101 2977 Dominus
1125 2925 1170 2977 cst
1194 2919 1323 2996 singule-

117 3017 194 3073 rum,
211 3015 312 3057 omnes
326 3017 360 3057 ac
374 2999 504 3075 singulos
517 3003 621 3073 motus,
637 2996 773 3072 actiones,
795 3004 825 3056 et
839 3006 969 3073 eventus,
991 3005 1128 3055 smarnos
1140 3005 1171 3056 et
1184 2997 1322 3073 interese,

118 3079 218 3138 bonos
233 3078 377 3153 etmalos,
393 3078 512 3156 imperio
527 3097 579 3136 suo
594 3076 851 3154 subjectosbebet.
1087 3143 1091 3150 1

162 3157 223 3218 ΙΧ.
246 3161 275 3217 3.
297 3156 448 3232 Quomodo
463 3177 493 3217 ec
506 3157 596 3216 habat
609 3165 738 3215 creatura
751 3155 782 3213 in
796 3154 918 3214 essendo
932 3161 1066 3232 respectu
1080 3151 1145 3230 Dei,
1169 3153 1211 3212 lta
1231 3160 1261 3212 et
1274 3154 1323 3214 d'e·

119 3236 172 3298 bct
186 3257 218 3298 sc
232 3237 340 3296 habere
354 3239 384 3295 in
398 3236 551 3315 operando,
566 3253 634 3295 nam
645 3234 748 3294 modus
762 3233 899 3312 operandi
914 3233 1043 3310 sequitur
1056 3233 1175 3292 modum
1189 3231 1324 3311 essendi;

120 3317 185 3376 hacc
199 3318 277 3376 annu
291 3317 353 3394 puri
366 3335 454 3395 passu
468 3315 625 3376 ambulant.
667 3313 711 3373 At
724 3316 817 3374 omnis
832 3321 962 3373 creatura
976 3313 1082 3390 pendet
1096 3328 1114 3371 a
1128 3314 1192 3371 Dec
1205 3313 1237 3370 in
1251 3330 1324 3390 esse,

122 3397 203 3474 Ergo
218 3405 248 3455 ct
261 3397 291 3455 iu
306 3397 426 3474 operari.
469 3396 528 3454 Sed
547 3396 572 3454 si
595 3395 676 3453 Deus
699 3413 751 3471 par
775 3393 991 3452 Providentiam
1006 3401 1139 3452 versatur
1160 3401 1272 3452 tantum
1295 3394 1326 3452 iti

121 3477 342 3536 conservatione
355 3495 459 3549 rerum,
473 3475 523 3533 vel
536 3475 566 3532 in
581 3493 722 3533 concursu
741 3474 870 3550 generali
893 3481 923 3532 et
946 3471 1136 3549 indifferente,
1160 3471 1211 3550 qui
1230 3472 1324 3532 deter-

120 3556 248 3616 minetur
262 3571 280 3612 a
293 3573 380 3614 musa
394 3553 536 3630 sccunda;
559 3554 696 3613 Crestara
709 3572 768 3612 non
787 3553 926 3630 pendebit
945 3552 976 3610 in
997 3554 1109 3630 operari
1129 3571 1147 3611 a
1168 3553 1241 3629 Deo,
1266 3554 1326 3612 lmc

121 3633 204 3694 Deus
218 3635 316 3712 potius
329 3633 466 3712 pendebit
480 3653 497 3692 a
511 3634 655 3708 Creatura,
672 3642 702 3692 et
714 3649 802 3691 cansa
815 3633 908 3710 prima
921 3631 972 3690 liet
994 3632 1128 3706 secunda,
1145 3640 1175 3690 ct
1198 3631 1326 3692 secunde

119 3715 223 3792 prisma,
238 3733 293 3772 nec
307 3715 429 3792 amplius
442 3714 497 3772 erit
511 3712 705 3788 subordinate,
721 3711 773 3770 sed
787 3713 961 3786 coordinata,
977 3719 1007 3770 st
1024 3710 1231 3786 independens.
1276 3711 1325 3769 Sic

119 3793 207 3871 plura
220 3801 306 3852 erunt
317 3793 411 3871 prima
424 3793 510 3867 ontis,
526 3800 555 3851 et
568 3791 661 3868 prima
682 3791 830 3868 principia,
852 3791 910 3849 imo
931 3796 976 3848 tot
995 3789 1144 3866 principis,
1168 3796 1239 3865 quot
1259 3793 1327 3846 sunt

118 3880 356 4025 auertet
368 3869 841 4026 a'iiiinnpidii‘de‘ii
851 3868 1187 4025 {imiimi
1203 3860 1326 4004 {obiri

119 4029 227 4109 prioris
240 4031 354 4108 agentis
368 4039 397 4090 et
410 4031 489 4090 illius
503 4029 662 4089 iudueutia.

162 4110 205 4171 X.
227 4114 257 4169 4.
270 4111 302 4170 Si
312 4111 398 4169 datur
407 4117 520 4170 nutum
528 4124 684 4168 concursus
693 4105 844 4184 gencmiis,
854 4104 960 4164 frustra
969 4105 1050 4163 Deus
1059 4109 1156 4162 oratur
1166 4101 1204 4160 ed
1214 4099 1325 4182 aliquid

120 4187 319 4266 obtinendum,
335 4191 404 4268 quia
418 4191 499 4250 Deus
522 4207 576 4247 nec
589 4189 697 4246 malum
712 4194 850 4261 euenere,
873 4199 927 4242 nco
950 4183 1059 4242 bonum
1079 4181 1207 4241 mulsere
1221 4187 1326 4260 potest,

119 4269 178 4328 nisi
197 4278 285 4348 prout
313 4269 459 4329 allibuerit
481 4268 648 4327 bominibus
671 4267 763 4344 ipsius
791 4265 848 4323 Dei
874 4263 1031 4322 motionem
1058 4261 1325 4322 determinantibusi

122 4349 245 4409 Frustra
256 4349 342 4409 etiam
357 4349 467 4427 gratiss
477 4349 591 4426 egimus
601 4348 637 4407 de
652 4347 736 4406 bonis
748 4363 801 4423 per
813 4344 930 4423 agentia
942 4343 1035 4402 libers
1044 4341 1222 4421 procuratis3
1239 4341 1326 4400 Frus-

121 4430 167 4488 tra
179 4429 211 4487 in
226 4429 323 4489 Mum
344 4429 524 4503 confidimus,
543 4443 698 4505 speramus,
722 4433 753 4485 et
775 4425 941 4485 *almitates
963 4431 1078 4482 nostras
1100 4420 1243 4498 patienter
1263 4414 1327 4480 Deo

121 4509 329 4584 submittimus,
345 4509 413 4586 quia
422 4509 486 4568 Deo
499 4515 686 4568 concurrente
696 4514 755 4566 tam
768 4521 828 4565 non
836 4501 951 4565 etenim
964 4509 1095 4583 pommut,
1105 4519 1192 4579 quam
1201 4499 1325 4580 evenne,

121 4587 198 4649 bona
212 4588 264 4648 vel
277 4588 363 4662 mela,
378 4607 444 4667 quae
458 4603 606 4666 speramus
619 4593 672 4646 aut
682 4587 826 4646 timemus.

156 4667 221 4730 XI.
245 4669 274 4726 6.
291 4667 392 4728 Posito
413 4684 555 4730 concurau
576 4666 705 4746 guuau
728 4673 758 4728 et
779 4659 968 4743 educante,
992 4664 1073 4728 Deus
1086 4677 1146 4724 nen
1158 4659 1256 4740 magis
1272 4659 1328 4722 erit
