<?xml version="1.0" encoding="UTF-8"?>
<!DOCTYPE html PUBLIC "-//W3C//DTD XHTML 1.0 Transitional//EN"
    "http://www.w3.org/TR/xhtml1/DTD/xhtml1-transitional.dtd">
<html xmlns="http://www.w3.org/1999/xhtml" xml:lang="en" lang="en">
 <head>
  <title>
</title>
<meta http-equiv="Content-Type" content="text/html;charset=utf-8" />
  <meta name='ocr-system' content='tesseract 3.04.00' />
  <meta name='ocr-capabilities' content='ocr_page ocr_carea ocr_par ocr_line ocrx_word'/>
</head>
<body>
  <div class='ocr_page' id='page_1' title='image "./francisciturret01pictgoog_0466.png"; bbox 0 0 3158 5180; ppageno 0'>
   <div class='ocr_carea' id='block_1_1' title="bbox 93 329 1314 423">
    <p class='ocr_par' dir='ltr' id='par_1_1' title="bbox 93 329 1314 423">
     <span class='ocr_line' id='line_1_1' title="bbox 93 329 1314 423; baseline -0.002 -18"><span class='ocrx_word' id='word_1_1' title='bbox 93 361 217 414; x_wconf 67' lang='lat' dir='ltr'>cusas.</span> <span class='ocrx_word' id='word_1_2' title='bbox 232 341 315 423; x_wconf 77' lang='lat' dir='ltr'>vm]</span> <span class='ocrx_word' id='word_1_3' title='bbox 584 360 624 398; x_wconf 84' lang='lat' dir='ltr'>nn</span> <span class='ocrx_word' id='word_1_4' title='bbox 638 359 816 402; x_wconf 80' lang='lat' dir='ltr'>ouesnrone.</span> <span class='ocrx_word' id='word_1_5' title='bbox 1205 329 1209 336; x_wconf 65' lang='grc'><strong>’</strong></span> <span class='ocrx_word' id='word_1_6' title='bbox 1257 347 1314 403; x_wconf 80' lang='grc'>411</span> 
     </span>
    </p>
   </div>
   <div class='ocr_carea' id='block_1_2' title="bbox 94 501 1331 2651">
    <p class='ocr_par' dir='ltr' id='par_1_2' title="bbox 94 501 1321 1218">
     <span class='ocr_line' id='line_1_2' title="bbox 94 501 1318 580; baseline 0 -18"><span class='ocrx_word' id='word_1_7' title='bbox 94 503 180 580; x_wconf 85' lang='lat' dir='ltr'>lices,</span> <span class='ocrx_word' id='word_1_8' title='bbox 196 501 249 580; x_wconf 89' lang='lat' dir='ltr'>qni</span> <span class='ocrx_word' id='word_1_9' title='bbox 261 501 456 560; x_wconf 71' lang='lat' dir='ltr'>insnumeuta</span> <span class='ocrx_word' id='word_1_10' title='bbox 468 507 603 577; x_wconf 86' lang='lat' dir='ltr'>pararent</span> <span class='ocrx_word' id='word_1_11' title='bbox 615 501 780 560; x_wconf 87' lang='lat' dir='ltr'>necessaria</span> <span class='ocrx_word' id='word_1_12' title='bbox 799 501 837 560; x_wconf 88' lang='lat' dir='ltr'>sd</span> <span class='ocrx_word' id='word_1_13' title='bbox 850 501 1001 579; x_wconf 86' lang='lat' dir='ltr'>utriusque</span> <span class='ocrx_word' id='word_1_14' title='bbox 1021 501 1200 561; x_wconf 80' lang='lat' dir='ltr'>exereitirnn.</span> <span class='ocrx_word' id='word_1_15' title='bbox 1242 503 1318 562; x_wconf 85' lang='grc' dir='ltr'><strong>Τιιιιι</strong></span> 
     </span>
     <span class='ocr_line' id='line_1_3' title="bbox 95 579 1317 662; baseline -0.002 -20"><span class='ocrx_word' id='word_1_16' title='bbox 95 585 172 662; x_wconf 84' lang='lat' dir='ltr'>quis</span> <span class='ocrx_word' id='word_1_17' title='bbox 193 583 282 659; x_wconf 87' lang='lat' dir='ltr'>longo</span> <span class='ocrx_word' id='word_1_18' title='bbox 304 581 420 640; x_wconf 76' lang='lat' dir='ltr'>facilius</span> <span class='ocrx_word' id='word_1_19' title='bbox 441 579 604 640; x_wconf 81' lang='lat' dir='ltr'>et-felieius</span> <span class='ocrx_word' id='word_1_20' title='bbox 623 589 736 657; x_wconf 83' lang='lat' dir='ltr'>poterat</span> <span class='ocrx_word' id='word_1_21' title='bbox 757 583 887 641; x_wconf 76' lang='lat' dir='ltr'>exemeri</span> <span class='ocrx_word' id='word_1_22' title='bbox 901 602 987 659; x_wconf 87' lang='lat' dir='ltr'>quam</span> <span class='ocrx_word' id='word_1_23' title='bbox 1010 581 1105 656; x_wconf 89' lang='lat' dir='ltr'>hodie,</span> <span class='ocrx_word' id='word_1_24' title='bbox 1122 591 1185 640; x_wconf 88' lang='lat' dir='ltr'>tum</span> <span class='ocrx_word' id='word_1_25' title='bbox 1197 582 1266 658; x_wconf 86' lang='lat' dir='ltr'>quia</span> <span class='ocrx_word' id='word_1_26' title='bbox 1279 603 1317 640; x_wconf 84' lang='lat' dir='ltr'>ex</span> 
     </span>
     <span class='ocr_line' id='line_1_4' title="bbox 95 659 1317 739; baseline 0 -18"><span class='ocrx_word' id='word_1_27' title='bbox 95 663 215 722; x_wconf 80' lang='lat' dir='ltr'>familia</span> <span class='ocrx_word' id='word_1_28' title='bbox 228 663 292 739; x_wconf 83' lang='lat' dir='ltr'>ipsa</span> <span class='ocrx_word' id='word_1_29' title='bbox 306 660 424 736; x_wconf 84' lang='lat' dir='ltr'>Adami,</span> <span class='ocrx_word' id='word_1_30' title='bbox 440 679 504 736; x_wconf 79' lang='lat' dir='ltr'>quae</span> <span class='ocrx_word' id='word_1_31' title='bbox 519 659 619 718; x_wconf 77' lang='lat' dir='ltr'>divina</span> <span class='ocrx_word' id='word_1_32' title='bbox 632 661 833 720; x_wconf 88' lang='lat' dir='ltr'>benedictione</span> <span class='ocrx_word' id='word_1_33' title='bbox 846 663 952 722; x_wconf 88' lang='lat' dir='ltr'>mirum</span> <span class='ocrx_word' id='word_1_34' title='bbox 966 661 997 719; x_wconf 91' lang='lat' dir='ltr'>in</span> <span class='ocrx_word' id='word_1_35' title='bbox 1011 661 1129 720; x_wconf 90' lang='lat' dir='ltr'>modum</span> <span class='ocrx_word' id='word_1_36' title='bbox 1143 662 1317 738; x_wconf 86' lang='lat' dir='ltr'>multiplica·</span> 
     </span>
     <span class='ocr_line' id='line_1_5' title="bbox 94 740 1320 820; baseline 0.001 -19"><span class='ocrx_word' id='word_1_37' title='bbox 94 744 202 818; x_wconf 89' lang='lat' dir='ltr'>batur,</span> <span class='ocrx_word' id='word_1_38' title='bbox 215 741 300 799; x_wconf 89' lang='lat' dir='ltr'>multi</span> <span class='ocrx_word' id='word_1_39' title='bbox 315 740 384 798; x_wconf 89' lang='lat' dir='ltr'>oriri</span> <span class='ocrx_word' id='word_1_40' title='bbox 397 747 560 817; x_wconf 88' lang='lat' dir='ltr'>potuerunt,</span> <span class='ocrx_word' id='word_1_41' title='bbox 576 740 626 815; x_wconf 89' lang='lat' dir='ltr'>qui</span> <span class='ocrx_word' id='word_1_42' title='bbox 640 740 719 800; x_wconf 83' lang='lat' dir='ltr'>hisce</span> <span class='ocrx_word' id='word_1_43' title='bbox 740 742 876 818; x_wconf 87' lang='lat' dir='ltr'>operibus</span> <span class='ocrx_word' id='word_1_44' title='bbox 889 761 952 802; x_wconf 87' lang='lat' dir='ltr'>sese</span> <span class='ocrx_word' id='word_1_45' title='bbox 967 742 1151 820; x_wconf 88' lang='lat' dir='ltr'>applicarent,</span> <span class='ocrx_word' id='word_1_46' title='bbox 1167 750 1200 800; x_wconf 86' lang='lat' dir='ltr'>ut</span> <span class='ocrx_word' id='word_1_47' title='bbox 1213 741 1320 802; x_wconf 86' lang='lat' dir='ltr'>dicitur</span> 
     </span>
     <span class='ocr_line' id='line_1_6' title="bbox 96 819 1319 899; baseline 0.001 -20"><span class='ocrx_word' id='word_1_48' title='bbox 96 831 208 899; x_wconf 85' lang='lat' dir='ltr'>postea</span> <span class='ocrx_word' id='word_1_49' title='bbox 222 820 258 878; x_wconf 90' lang='lat' dir='ltr'>de</span> <span class='ocrx_word' id='word_1_50' title='bbox 272 819 451 879; x_wconf 86' lang='lat' dir='ltr'>Tubalcaino</span> <span class='ocrx_word' id='word_1_51' title='bbox 465 819 551 878; x_wconf 89' lang='lat' dir='ltr'>tertio</span> <span class='ocrx_word' id='word_1_52' title='bbox 564 838 582 877; x_wconf 89' lang='lat' dir='ltr'>a</span> <span class='ocrx_word' id='word_1_53' title='bbox 597 819 696 896; x_wconf 80' lang='lat' dir='ltr'>Caino,</span> <span class='ocrx_word' id='word_1_54' title='bbox 713 821 788 879; x_wconf 73' lang='lat' dir='ltr'>Geu.</span> <span class='ocrx_word' id='word_1_55' title='bbox 803 823 843 881; x_wconf 87' lang='lat' dir='ltr'>iv.</span> <span class='ocrx_word' id='word_1_56' title='bbox 859 823 907 898; x_wconf 75' lang='grc'>22,</span> <span class='ocrx_word' id='word_1_57' title='bbox 922 821 1001 899; x_wconf 85' lang='lat' dir='ltr'>quod</span> <span class='ocrx_word' id='word_1_58' title='bbox 1021 830 1105 881; x_wconf 88' lang='lat' dir='ltr'>autor</span> <span class='ocrx_word' id='word_1_59' title='bbox 1120 821 1205 880; x_wconf 87' lang='lat' dir='ltr'>fuerit</span> <span class='ocrx_word' id='word_1_60' title='bbox 1220 841 1319 880; x_wconf 77' lang='lat' dir='ltr'>eorsum</span> 
     </span>
     <span class='ocr_line' id='line_1_7' title="bbox 97 899 1320 979; baseline -0.001 -19"><span class='ocrx_word' id='word_1_61' title='bbox 97 902 154 979; x_wconf 84' lang='lat' dir='ltr'>qui</span> <span class='ocrx_word' id='word_1_62' title='bbox 171 921 212 960; x_wconf 70' lang='lat' dir='ltr'>as</span> <span class='ocrx_word' id='word_1_63' title='bbox 226 909 256 958; x_wconf 87' lang='lat' dir='ltr'>et</span> <span class='ocrx_word' id='word_1_64' title='bbox 269 900 378 960; x_wconf 81' lang='lat' dir='ltr'>sermm</span> <span class='ocrx_word' id='word_1_65' title='bbox 391 907 515 974; x_wconf 78' lang='lat' dir='ltr'>acurmt3</span> <span class='ocrx_word' id='word_1_66' title='bbox 539 899 601 957; x_wconf 88' lang='lat' dir='ltr'>Nec</span> <span class='ocrx_word' id='word_1_67' title='bbox 616 899 640 958; x_wconf 91' lang='lat' dir='ltr'>si</span> <span class='ocrx_word' id='word_1_68' title='bbox 655 900 733 959; x_wconf 85' lang='lat' dir='ltr'>Abel</span> <span class='ocrx_word' id='word_1_69' title='bbox 748 902 894 960; x_wconf 86' lang='lat' dir='ltr'>custodire</span> <span class='ocrx_word' id='word_1_70' title='bbox 907 901 1008 960; x_wconf 81' lang='lat' dir='ltr'>debuit</span> <span class='ocrx_word' id='word_1_71' title='bbox 1020 921 1100 977; x_wconf 91' lang='lat' dir='ltr'>oves,</span> <span class='ocrx_word' id='word_1_72' title='bbox 1110 899 1176 959; x_wconf 90' lang='lat' dir='ltr'>ideo</span> <span class='ocrx_word' id='word_1_73' title='bbox 1190 900 1320 978; x_wconf 88' lang='lat' dir='ltr'>fingendi</span> 
     </span>
     <span class='ocr_line' id='line_1_8' title="bbox 99 977 1321 1059; baseline -0.002 -19"><span class='ocrx_word' id='word_1_74' title='bbox 99 991 175 1040; x_wconf 89' lang='lat' dir='ltr'>sunt</span> <span class='ocrx_word' id='word_1_75' title='bbox 189 981 265 1038; x_wconf 84' lang='lat' dir='ltr'>inter</span> <span class='ocrx_word' id='word_1_76' title='bbox 280 979 487 1039; x_wconf 86' lang='lat' dir='ltr'>Prseadamitas</span> <span class='ocrx_word' id='word_1_77' title='bbox 500 977 586 1054; x_wconf 76' lang='lat' dir='ltr'>funes,</span> <span class='ocrx_word' id='word_1_78' title='bbox 602 998 676 1055; x_wconf 91' lang='lat' dir='ltr'>quos</span> <span class='ocrx_word' id='word_1_79' title='bbox 690 989 810 1058; x_wconf 78' lang='lat' dir='ltr'>arceret,</span> <span class='ocrx_word' id='word_1_80' title='bbox 826 983 895 1058; x_wconf 90' lang='lat' dir='ltr'>quia</span> <span class='ocrx_word' id='word_1_81' title='bbox 907 989 1041 1059; x_wconf 87' lang='lat' dir='ltr'>poterant</span> <span class='ocrx_word' id='word_1_82' title='bbox 1058 982 1120 1058; x_wconf 86' lang='lat' dir='ltr'>jam</span> <span class='ocrx_word' id='word_1_83' title='bbox 1134 999 1197 1040; x_wconf 90' lang='lat' dir='ltr'>esse</span> <span class='ocrx_word' id='word_1_84' title='bbox 1212 1001 1250 1038; x_wconf 85' lang='lat' dir='ltr'>ex</span> <span class='ocrx_word' id='word_1_85' title='bbox 1263 979 1321 1039; x_wconf 86' lang='lat' dir='ltr'>fra·</span> 
     </span>
     <span class='ocr_line' id='line_1_9' title="bbox 97 1058 1320 1140; baseline 0 -20"><span class='ocrx_word' id='word_1_86' title='bbox 97 1061 201 1120; x_wconf 80' lang='lat' dir='ltr'>tribus</span> <span class='ocrx_word' id='word_1_87' title='bbox 213 1068 245 1118; x_wconf 90' lang='lat' dir='ltr'>ct</span> <span class='ocrx_word' id='word_1_88' title='bbox 259 1059 423 1137; x_wconf 76' lang='lat' dir='ltr'>nepotibus,</span> <span class='ocrx_word' id='word_1_89' title='bbox 438 1079 455 1116; x_wconf 86' lang='lat' dir='ltr'>a</span> <span class='ocrx_word' id='word_1_90' title='bbox 468 1059 576 1135; x_wconf 90' lang='lat' dir='ltr'>quibus</span> <span class='ocrx_word' id='word_1_91' title='bbox 589 1058 645 1118; x_wconf 89' lang='lat' dir='ltr'>sibi</span> <span class='ocrx_word' id='word_1_92' title='bbox 659 1069 787 1120; x_wconf 63' lang='lat' dir='ltr'>metune</span> <span class='ocrx_word' id='word_1_93' title='bbox 799 1061 904 1140; x_wconf 83' lang='lat' dir='ltr'>potuit,</span> <span class='ocrx_word' id='word_1_94' title='bbox 919 1082 957 1121; x_wconf 91' lang='lat' dir='ltr'>ne</span> <span class='ocrx_word' id='word_1_95' title='bbox 970 1059 1066 1120; x_wconf 88' lang='lat' dir='ltr'>dicam</span> <span class='ocrx_word' id='word_1_96' title='bbox 1080 1061 1164 1137; x_wconf 87' lang='lat' dir='ltr'>feras,</span> <span class='ocrx_word' id='word_1_97' title='bbox 1179 1059 1320 1120; x_wconf 73' lang='lat' dir='ltr'>adversas</span> 
     </span>
     <span class='ocr_line' id='line_1_10' title="bbox 100 1138 735 1218; baseline -0.006 -19"><span class='ocrx_word' id='word_1_98' title='bbox 100 1159 182 1218; x_wconf 83' lang='lat' dir='ltr'>quas</span> <span class='ocrx_word' id='word_1_99' title='bbox 195 1159 269 1199; x_wconf 87' lang='lat' dir='ltr'>oves</span> <span class='ocrx_word' id='word_1_100' title='bbox 283 1138 428 1198; x_wconf 90' lang='lat' dir='ltr'>custodire</span> <span class='ocrx_word' id='word_1_101' title='bbox 443 1138 552 1198; x_wconf 82' lang='lat' dir='ltr'>debuit.</span> <span class='ocrx_word' id='word_1_102' title='bbox 725 1195 735 1212; x_wconf 68' lang='lat'>‚</span> 
     </span>
    </p>

    <p class='ocr_par' dir='ltr' id='par_1_3' title="bbox 101 1218 1324 1853">
     <span class='ocr_line' id='line_1_11' title="bbox 146 1218 1319 1300; baseline 0 -22"><span class='ocrx_word' id='word_1_103' title='bbox 146 1219 242 1278; x_wconf 89' lang='lat' dir='ltr'>XIV.</span> <span class='ocrx_word' id='word_1_104' title='bbox 266 1219 362 1294; x_wconf 88' lang='lat' dir='ltr'>Quum</span> <span class='ocrx_word' id='word_1_105' title='bbox 377 1219 449 1276; x_wconf 83' lang='lat' dir='ltr'>Catu</span> <span class='ocrx_word' id='word_1_106' title='bbox 463 1218 557 1278; x_wconf 80' lang='lat' dir='ltr'>lactus</span> <span class='ocrx_word' id='word_1_107' title='bbox 566 1219 640 1278; x_wconf 86' lang='lat' dir='ltr'>exul</span> <span class='ocrx_word' id='word_1_108' title='bbox 655 1227 684 1278; x_wconf 89' lang='lat' dir='ltr'>et</span> <span class='ocrx_word' id='word_1_109' title='bbox 704 1219 845 1300; x_wconf 88' lang='lat' dir='ltr'>profugus</span> <span class='ocrx_word' id='word_1_110' title='bbox 859 1241 876 1280; x_wconf 90' lang='lat' dir='ltr'>a</span> <span class='ocrx_word' id='word_1_111' title='bbox 891 1220 963 1282; x_wconf 80' lang='lat' dir='ltr'>facie</span> <span class='ocrx_word' id='word_1_112' title='bbox 979 1221 1043 1297; x_wconf 86' lang='lat' dir='ltr'>Dei,</span> <span class='ocrx_word' id='word_1_113' title='bbox 1060 1221 1166 1280; x_wconf 89' lang='lat' dir='ltr'>dicitur</span> <span class='ocrx_word' id='word_1_114' title='bbox 1179 1219 1319 1295; x_wconf 77' lang='lat' dir='ltr'>timuisse,</span> 
     </span>
     <span class='ocr_line' id='line_1_12' title="bbox 101 1299 1320 1378; baseline 0.002 -20"><span class='ocrx_word' id='word_1_115' title='bbox 101 1319 143 1358; x_wconf 88' lang='lat' dir='ltr'>ne</span> <span class='ocrx_word' id='word_1_116' title='bbox 160 1299 252 1358; x_wconf 73' lang='lat' dir='ltr'>amab</span> <span class='ocrx_word' id='word_1_117' title='bbox 265 1299 316 1376; x_wconf 72' lang='lat' dir='ltr'>qui</span> <span class='ocrx_word' id='word_1_118' title='bbox 328 1299 463 1357; x_wconf 70' lang='lat' dir='ltr'>inveniret</span> <span class='ocrx_word' id='word_1_119' title='bbox 475 1299 574 1374; x_wconf 69' lang='grc' dir='ltr'><strong>ι’μειιιιι,</strong></span> <span class='ocrx_word' id='word_1_120' title='bbox 591 1319 653 1357; x_wconf 82' lang='lat' dir='ltr'>eum</span> <span class='ocrx_word' id='word_1_121' title='bbox 674 1301 819 1376; x_wconf 68' lang='lat' dir='ltr'>ccddmt,</span> <span class='ocrx_word' id='word_1_122' title='bbox 836 1303 943 1362; x_wconf 79' lang='lat' dir='ltr'>Genea.</span> <span class='ocrx_word' id='word_1_123' title='bbox 966 1303 1006 1360; x_wconf 82' lang='lat' dir='ltr'>iv.</span> <span class='ocrx_word' id='word_1_124' title='bbox 1024 1304 1070 1376; x_wconf 86' lang='grc'>14,</span> <span class='ocrx_word' id='word_1_125' title='bbox 1096 1321 1155 1360; x_wconf 89' lang='lat' dir='ltr'>nou</span> <span class='ocrx_word' id='word_1_126' title='bbox 1180 1319 1253 1378; x_wconf 92' lang='lat' dir='ltr'>opus</span> <span class='ocrx_word' id='word_1_127' title='bbox 1275 1309 1320 1360; x_wconf 89' lang='lat' dir='ltr'>est</span> 
     </span>
     <span class='ocr_line' id='line_1_13' title="bbox 104 1377 1318 1456; baseline 0.001 -19"><span class='ocrx_word' id='word_1_128' title='bbox 104 1378 320 1437; x_wconf 75' lang='lat' dir='ltr'>Praeudamitas</span> <span class='ocrx_word' id='word_1_129' title='bbox 340 1377 458 1454; x_wconf 85' lang='lat' dir='ltr'>fingere,</span> <span class='ocrx_word' id='word_1_130' title='bbox 474 1397 547 1455; x_wconf 90' lang='lat' dir='ltr'>quos</span> <span class='ocrx_word' id='word_1_131' title='bbox 568 1387 716 1456; x_wconf 81' lang='lat' dir='ltr'>metueret,</span> <span class='ocrx_word' id='word_1_132' title='bbox 731 1382 816 1440; x_wconf 87' lang='lat' dir='ltr'>multi</span> <span class='ocrx_word' id='word_1_133' title='bbox 839 1382 915 1440; x_wconf 87' lang='lat' dir='ltr'>enim</span> <span class='ocrx_word' id='word_1_134' title='bbox 936 1382 986 1440; x_wconf 90' lang='lat' dir='ltr'>alii</span> <span class='ocrx_word' id='word_1_135' title='bbox 999 1379 1108 1440; x_wconf 85' lang='lat' dir='ltr'>Adami</span> <span class='ocrx_word' id='word_1_136' title='bbox 1128 1381 1214 1439; x_wconf 87' lang='lat' dir='ltr'>liberi</span> <span class='ocrx_word' id='word_1_137' title='bbox 1226 1388 1318 1456; x_wconf 82' lang='lat' dir='ltr'>eraut,</span> 
     </span>
     <span class='ocr_line' id='line_1_14' title="bbox 104 1457 1322 1537; baseline 0.002 -22"><span class='ocrx_word' id='word_1_138' title='bbox 104 1458 195 1517; x_wconf 90' lang='lat' dir='ltr'>multi</span> <span class='ocrx_word' id='word_1_139' title='bbox 209 1477 325 1535; x_wconf 91' lang='lat' dir='ltr'>quoque</span> <span class='ocrx_word' id='word_1_140' title='bbox 339 1457 392 1514; x_wconf 89' lang='lat' dir='ltr'>filii</span> <span class='ocrx_word' id='word_1_141' title='bbox 406 1467 435 1516; x_wconf 88' lang='lat' dir='ltr'>et</span> <span class='ocrx_word' id='word_1_142' title='bbox 456 1467 576 1534; x_wconf 83' lang='lat' dir='ltr'>nepotes</span> <span class='ocrx_word' id='word_1_143' title='bbox 594 1459 686 1535; x_wconf 91' lang='lat' dir='ltr'>ipsius</span> <span class='ocrx_word' id='word_1_144' title='bbox 708 1460 812 1520; x_wconf 79' lang='lat' dir='ltr'>Abelis</span> <span class='ocrx_word' id='word_1_145' title='bbox 831 1461 893 1537; x_wconf 89' lang='lat' dir='ltr'>jam</span> <span class='ocrx_word' id='word_1_146' title='bbox 916 1461 1079 1519; x_wconf 89' lang='lat' dir='ltr'>centenario</span> <span class='ocrx_word' id='word_1_147' title='bbox 1101 1461 1219 1537; x_wconf 89' lang='lat' dir='ltr'>majoris</span> <span class='ocrx_word' id='word_1_148' title='bbox 1233 1479 1322 1536; x_wconf 88' lang='lat' dir='ltr'>quum</span> 
     </span>
     <span class='ocr_line' id='line_1_15' title="bbox 105 1535 1323 1618; baseline 0.001 -22"><span class='ocrx_word' id='word_1_149' title='bbox 105 1538 192 1612; x_wconf 88' lang='lat' dir='ltr'>obiit,</span> <span class='ocrx_word' id='word_1_150' title='bbox 207 1557 281 1614; x_wconf 91' lang='lat' dir='ltr'>quos</span> <span class='ocrx_word' id='word_1_151' title='bbox 304 1545 443 1613; x_wconf 86' lang='lat' dir='ltr'>tanquam</span> <span class='ocrx_word' id='word_1_152' title='bbox 464 1535 582 1596; x_wconf 76' lang='lat' dir='ltr'>fraterni</span> <span class='ocrx_word' id='word_1_153' title='bbox 607 1547 636 1596; x_wconf 90' lang='lat' dir='ltr'>et</span> <span class='ocrx_word' id='word_1_154' title='bbox 661 1540 773 1615; x_wconf 88' lang='lat' dir='ltr'>paterni</span> <span class='ocrx_word' id='word_1_155' title='bbox 796 1539 946 1618; x_wconf 75' lang='lat' dir='ltr'>sanguinis</span> <span class='ocrx_word' id='word_1_156' title='bbox 959 1539 1091 1598; x_wconf 87' lang='lat' dir='ltr'>vindices</span> <span class='ocrx_word' id='word_1_157' title='bbox 1112 1547 1174 1598; x_wconf 90' lang='lat' dir='ltr'>tum</span> <span class='ocrx_word' id='word_1_158' title='bbox 1196 1547 1323 1598; x_wconf 84' lang='lat' dir='ltr'>metuere</span> 
     </span>
     <span class='ocr_line' id='line_1_16' title="bbox 104 1617 1323 1695; baseline 0 -19"><span class='ocrx_word' id='word_1_159' title='bbox 104 1626 243 1694; x_wconf 74' lang='lat' dir='ltr'>poteratr</span> <span class='ocrx_word' id='word_1_160' title='bbox 266 1617 342 1691; x_wconf 87' lang='lat' dir='ltr'>Quid</span> <span class='ocrx_word' id='word_1_161' title='bbox 356 1617 435 1692; x_wconf 91' lang='lat' dir='ltr'>quod</span> <span class='ocrx_word' id='word_1_162' title='bbox 448 1617 538 1676; x_wconf 86' lang='lat' dir='ltr'>verba</span> <span class='ocrx_word' id='word_1_163' title='bbox 552 1617 608 1676; x_wconf 88' lang='lat' dir='ltr'>ista</span> <span class='ocrx_word' id='word_1_164' title='bbox 621 1619 735 1694; x_wconf 88' lang='lat' dir='ltr'>proprie</span> <span class='ocrx_word' id='word_1_165' title='bbox 756 1620 901 1678; x_wconf 87' lang='lat' dir='ltr'>turbatam</span> <span class='ocrx_word' id='word_1_166' title='bbox 914 1619 1119 1678; x_wconf 82' lang='lat' dir='ltr'>conscientiam</span> <span class='ocrx_word' id='word_1_167' title='bbox 1133 1627 1243 1693; x_wconf 85' lang='lat' dir='ltr'>notant,</span> <span class='ocrx_word' id='word_1_168' title='bbox 1259 1637 1323 1695; x_wconf 78' lang='lat' dir='ltr'>quae</span> 
     </span>
     <span class='ocr_line' id='line_1_17' title="bbox 107 1696 1324 1776; baseline 0.001 -21"><span class='ocrx_word' id='word_1_169' title='bbox 107 1697 209 1755; x_wconf 88' lang='lat' dir='ltr'>omnia</span> <span class='ocrx_word' id='word_1_170' title='bbox 223 1705 286 1755; x_wconf 87' lang='lat' dir='ltr'>tuta</span> <span class='ocrx_word' id='word_1_171' title='bbox 299 1697 401 1756; x_wconf 86' lang='lat' dir='ltr'>timere</span> <span class='ocrx_word' id='word_1_172' title='bbox 415 1696 497 1771; x_wconf 90' lang='lat' dir='ltr'>solet,</span> <span class='ocrx_word' id='word_1_173' title='bbox 512 1705 542 1755; x_wconf 90' lang='lat' dir='ltr'>et</span> <span class='ocrx_word' id='word_1_174' title='bbox 552 1697 662 1774; x_wconf 88' lang='lat' dir='ltr'>justam</span> <span class='ocrx_word' id='word_1_175' title='bbox 677 1697 726 1756; x_wconf 87' lang='lat' dir='ltr'>irse</span> <span class='ocrx_word' id='word_1_176' title='bbox 740 1697 848 1758; x_wconf 72' lang='lat' dir='ltr'>divinae</span> <span class='ocrx_word' id='word_1_177' title='bbox 862 1719 985 1776; x_wconf 84' lang='lat' dir='ltr'>poenam,</span> <span class='ocrx_word' id='word_1_178' title='bbox 1001 1698 1160 1758; x_wconf 89' lang='lat' dir='ltr'>ministerio</span> <span class='ocrx_word' id='word_1_179' title='bbox 1170 1699 1219 1758; x_wconf 89' lang='lat' dir='ltr'>vel</span> <span class='ocrx_word' id='word_1_180' title='bbox 1231 1697 1324 1756; x_wconf 81' lang='lat' dir='ltr'>homi-</span> 
     </span>
     <span class='ocr_line' id='line_1_18' title="bbox 108 1775 786 1853; baseline 0.004 -19"><span class='ocrx_word' id='word_1_181' title='bbox 108 1797 193 1852; x_wconf 89' lang='lat' dir='ltr'>num,</span> <span class='ocrx_word' id='word_1_182' title='bbox 208 1776 256 1835; x_wconf 86' lang='lat' dir='ltr'>vel</span> <span class='ocrx_word' id='word_1_183' title='bbox 270 1776 428 1835; x_wconf 87' lang='lat' dir='ltr'>bestiarum</span> <span class='ocrx_word' id='word_1_184' title='bbox 442 1775 629 1852; x_wconf 87' lang='lat' dir='ltr'>infligendam</span> <span class='ocrx_word' id='word_1_185' title='bbox 644 1786 786 1853; x_wconf 77' lang='lat' dir='ltr'>expectat.</span> 
     </span>
    </p>

    <p class='ocr_par' dir='ltr' id='par_1_4' title="bbox 110 1855 1331 2651">
     <span class='ocr_line' id='line_1_19' title="bbox 156 1855 1324 1942; baseline 0.003 -29"><span class='ocrx_word' id='word_1_186' title='bbox 156 1856 230 1916; x_wconf 85' lang='lat' dir='ltr'>XV.</span> <span class='ocrx_word' id='word_1_187' title='bbox 252 1855 334 1914; x_wconf 89' lang='lat' dir='ltr'>Licet</span> <span class='ocrx_word' id='word_1_188' title='bbox 345 1855 438 1914; x_wconf 90' lang='lat' dir='ltr'>Mosis</span> <span class='ocrx_word' id='word_1_189' title='bbox 452 1875 533 1914; x_wconf 88' lang='lat' dir='ltr'>meus</span> <span class='ocrx_word' id='word_1_190' title='bbox 547 1855 633 1914; x_wconf 84' lang='lat' dir='ltr'>suerit</span> <span class='ocrx_word' id='word_1_191' title='bbox 647 1857 800 1933; x_wconf 73' lang='lat' dir='ltr'>specialem</span> <span class='ocrx_word' id='word_1_192' title='bbox 815 1857 919 1918; x_wconf 84' lang='lat' dir='ltr'>Gentis</span> <span class='ocrx_word' id='word_1_193' title='bbox 940 1877 999 1917; x_wconf 79' lang='lat' dir='ltr'>suoe</span> <span class='ocrx_word' id='word_1_194' title='bbox 1021 1857 1170 1942; x_wconf 82' lang='lat' dir='ltr'>originem,</span> <span class='ocrx_word' id='word_1_195' title='bbox 1185 1865 1215 1918; x_wconf 89' lang='lat' dir='ltr'>et</span> <span class='ocrx_word' id='word_1_196' title='bbox 1234 1857 1324 1916; x_wconf 88' lang='lat' dir='ltr'>histo·</span> 
     </span>
     <span class='ocr_line' id='line_1_20' title="bbox 110 1935 1324 2012; baseline 0 -18"><span class='ocrx_word' id='word_1_197' title='bbox 110 1937 189 1994; x_wconf 82' lang='lat' dir='ltr'>riam</span> <span class='ocrx_word' id='word_1_198' title='bbox 204 1943 359 2012; x_wconf 86' lang='lat' dir='ltr'>pertexere,</span> <span class='ocrx_word' id='word_1_199' title='bbox 375 1943 405 1993; x_wconf 91' lang='lat' dir='ltr'>et</span> <span class='ocrx_word' id='word_1_200' title='bbox 419 1935 557 1994; x_wconf 76' lang='lat' dir='ltr'>Ecclesia</span> <span class='ocrx_word' id='word_1_201' title='bbox 571 1935 728 2012; x_wconf 84' lang='lat' dir='ltr'>primordia</span> <span class='ocrx_word' id='word_1_202' title='bbox 742 1937 923 2012; x_wconf 81' lang='lat' dir='ltr'>describera3</span> <span class='ocrx_word' id='word_1_203' title='bbox 945 1937 1039 1996; x_wconf 90' lang='lat' dir='ltr'>uoluit</span> <span class='ocrx_word' id='word_1_204' title='bbox 1058 1945 1155 1995; x_wconf 89' lang='lat' dir='ltr'>tamen</span> <span class='ocrx_word' id='word_1_205' title='bbox 1176 1937 1207 1994; x_wconf 89' lang='lat' dir='ltr'>in</span> <span class='ocrx_word' id='word_1_206' title='bbox 1221 1955 1255 1994; x_wconf 92' lang='lat' dir='ltr'>eo</span> <span class='ocrx_word' id='word_1_207' title='bbox 1270 1937 1324 1994; x_wconf 91' lang='lat' dir='ltr'>sis·</span> 
     </span>
     <span class='ocr_line' id='line_1_21' title="bbox 114 2013 1328 2093; baseline 0 -20"><span class='ocrx_word' id='word_1_208' title='bbox 114 2025 188 2090; x_wconf 89' lang='lat' dir='ltr'>tere,</span> <span class='ocrx_word' id='word_1_209' title='bbox 204 2015 253 2073; x_wconf 89' lang='lat' dir='ltr'>sed</span> <span class='ocrx_word' id='word_1_210' title='bbox 267 2014 373 2074; x_wconf 86' lang='lat' dir='ltr'>Mundi</span> <span class='ocrx_word' id='word_1_211' title='bbox 387 2014 477 2092; x_wconf 83' lang='lat' dir='ltr'>ipsias</span> <span class='ocrx_word' id='word_1_212' title='bbox 489 2013 633 2091; x_wconf 82' lang='lat' dir='ltr'>originem</span> <span class='ocrx_word' id='word_1_213' title='bbox 647 2015 760 2075; x_wconf 87' lang='lat' dir='ltr'>tradere</span> <span class='ocrx_word' id='word_1_214' title='bbox 774 2017 875 2092; x_wconf 83' lang='lat' dir='ltr'>voluit,</span> <span class='ocrx_word' id='word_1_215' title='bbox 891 2026 924 2075; x_wconf 92' lang='lat' dir='ltr'>ut</span> <span class='ocrx_word' id='word_1_216' title='bbox 936 2033 997 2075; x_wconf 86' lang='lat' dir='ltr'>rem</span> <span class='ocrx_word' id='word_1_217' title='bbox 1011 2015 1048 2074; x_wconf 90' lang='lat' dir='ltr'>ab</span> <span class='ocrx_word' id='word_1_218' title='bbox 1063 2035 1119 2074; x_wconf 83' lang='lat' dir='ltr'>ovo</span> <span class='ocrx_word' id='word_1_219' title='bbox 1133 2023 1282 2093; x_wconf 74' lang='lat' dir='ltr'>repeteret,</span> <span class='ocrx_word' id='word_1_220' title='bbox 1298 2024 1328 2073; x_wconf 88' lang='lat' dir='ltr'>et</span> 
     </span>
     <span class='ocr_line' id='line_1_22' title="bbox 114 2093 1327 2173; baseline 0 -21"><span class='ocrx_word' id='word_1_221' title='bbox 114 2094 257 2153; x_wconf 81' lang='lat' dir='ltr'>Ecclesiae</span> <span class='ocrx_word' id='word_1_222' title='bbox 279 2093 446 2171; x_wconf 89' lang='lat' dir='ltr'>primordia,</span> <span class='ocrx_word' id='word_1_223' title='bbox 462 2103 491 2152; x_wconf 92' lang='lat' dir='ltr'>ct</span> <span class='ocrx_word' id='word_1_224' title='bbox 514 2113 630 2153; x_wconf 90' lang='lat' dir='ltr'>suorum</span> <span class='ocrx_word' id='word_1_225' title='bbox 646 2094 855 2172; x_wconf 88' lang='lat' dir='ltr'>Genealogiam</span> <span class='ocrx_word' id='word_1_226' title='bbox 878 2096 916 2155; x_wconf 91' lang='lat' dir='ltr'>ab</span> <span class='ocrx_word' id='word_1_227' title='bbox 938 2096 1009 2173; x_wconf 91' lang='lat' dir='ltr'>ipsis</span> <span class='ocrx_word' id='word_1_228' title='bbox 1022 2094 1124 2154; x_wconf 88' lang='lat' dir='ltr'>mundi</span> <span class='ocrx_word' id='word_1_229' title='bbox 1143 2094 1327 2152; x_wconf 89' lang='lat' dir='ltr'>incunabulis</span> 
     </span>
     <span class='ocr_line' id='line_1_23' title="bbox 111 2173 1328 2252; baseline 0 -20"><span class='ocrx_word' id='word_1_230' title='bbox 111 2182 290 2250; x_wconf 74' lang='lat' dir='ltr'>arcesseret,</span> <span class='ocrx_word' id='word_1_231' title='bbox 313 2174 353 2233; x_wconf 84' lang='lat' dir='ltr'>Et</span> <span class='ocrx_word' id='word_1_232' title='bbox 365 2174 421 2230; x_wconf 92' lang='lat' dir='ltr'>hoc</span> <span class='ocrx_word' id='word_1_233' title='bbox 431 2174 480 2232; x_wconf 87' lang='lat' dir='ltr'>vel</span> <span class='ocrx_word' id='word_1_234' title='bbox 494 2193 531 2232; x_wconf 89' lang='lat' dir='ltr'>ex</span> <span class='ocrx_word' id='word_1_235' title='bbox 546 2193 580 2232; x_wconf 91' lang='lat' dir='ltr'>eo</span> <span class='ocrx_word' id='word_1_236' title='bbox 595 2173 780 2234; x_wconf 87' lang='lat' dir='ltr'>confirmatur</span> <span class='ocrx_word' id='word_1_237' title='bbox 793 2175 962 2252; x_wconf 76' lang='lat' dir='ltr'>luculenter,</span> <span class='ocrx_word' id='word_1_238' title='bbox 973 2173 1052 2252; x_wconf 93' lang='lat' dir='ltr'>quod</span> <span class='ocrx_word' id='word_1_239' title='bbox 1065 2194 1102 2233; x_wconf 91' lang='lat' dir='ltr'>ex</span> <span class='ocrx_word' id='word_1_240' title='bbox 1113 2175 1207 2234; x_wconf 91' lang='lat' dir='ltr'>tribus</span> <span class='ocrx_word' id='word_1_241' title='bbox 1216 2173 1328 2232; x_wconf 86' lang='lat' dir='ltr'>Noachi</span> 
     </span>
     <span class='ocr_line' id='line_1_24' title="bbox 111 2253 1327 2328; baseline 0 -17"><span class='ocrx_word' id='word_1_242' title='bbox 111 2253 184 2312; x_wconf 78' lang='lat' dir='ltr'>tiliis</span> <span class='ocrx_word' id='word_1_243' title='bbox 198 2254 235 2312; x_wconf 89' lang='lat' dir='ltr'>ab</span> <span class='ocrx_word' id='word_1_244' title='bbox 250 2253 366 2312; x_wconf 83' lang='lat' dir='ltr'>Adamo</span> <span class='ocrx_word' id='word_1_245' title='bbox 380 2253 518 2327; x_wconf 87' lang='lat' dir='ltr'>oriundis,</span> <span class='ocrx_word' id='word_1_246' title='bbox 533 2271 634 2311; x_wconf 89' lang='lat' dir='ltr'>omues</span> <span class='ocrx_word' id='word_1_247' title='bbox 648 2254 760 2314; x_wconf 85' lang='lat' dir='ltr'>Gentes</span> <span class='ocrx_word' id='word_1_248' title='bbox 780 2263 842 2314; x_wconf 88' lang='lat' dir='ltr'>toto</span> <span class='ocrx_word' id='word_1_249' title='bbox 863 2265 1003 2314; x_wconf 79' lang='lat' dir='ltr'>tanarum</span> <span class='ocrx_word' id='word_1_250' title='bbox 1024 2255 1093 2314; x_wconf 86' lang='lat' dir='ltr'>orbe</span> <span class='ocrx_word' id='word_1_251' title='bbox 1108 2254 1246 2314; x_wconf 78' lang='lat' dir='ltr'>derivata</span> <span class='ocrx_word' id='word_1_252' title='bbox 1260 2254 1327 2328; x_wconf 83' lang='lat' dir='ltr'>sint,</span> 
     </span>
     <span class='ocr_line' id='line_1_25' title="bbox 112 2332 1329 2412; baseline 0 -20"><span class='ocrx_word' id='word_1_253' title='bbox 112 2343 150 2392; x_wconf 88' lang='lat' dir='ltr'>ut</span> <span class='ocrx_word' id='word_1_254' title='bbox 163 2341 278 2392; x_wconf 83' lang='lat' dir='ltr'>constat</span> <span class='ocrx_word' id='word_1_255' title='bbox 291 2353 329 2391; x_wconf 85' lang='lat' dir='ltr'>ex</span> <span class='ocrx_word' id='word_1_256' title='bbox 344 2333 451 2393; x_wconf 86' lang='lat' dir='ltr'>Genea.</span> <span class='ocrx_word' id='word_1_257' title='bbox 466 2351 495 2392; x_wconf 91' lang='lat' dir='ltr'>x.</span> <span class='ocrx_word' id='word_1_258' title='bbox 511 2335 559 2408; x_wconf 81' lang='lat'>32,</span> <span class='ocrx_word' id='word_1_259' title='bbox 575 2332 654 2410; x_wconf 90' lang='lat' dir='ltr'>quod</span> <span class='ocrx_word' id='word_1_260' title='bbox 668 2334 765 2394; x_wconf 85' lang='lat' dir='ltr'>Celeb.</span> <span class='ocrx_word' id='word_1_261' title='bbox 787 2336 948 2394; x_wconf 80' lang='lat' dir='ltr'>Bocbartaa</span> <span class='ocrx_word' id='word_1_262' title='bbox 972 2335 1003 2393; x_wconf 91' lang='lat' dir='ltr'>in</span> <span class='ocrx_word' id='word_1_263' title='bbox 1024 2355 1078 2394; x_wconf 91' lang='lat' dir='ltr'>suo</span> <span class='ocrx_word' id='word_1_264' title='bbox 1091 2335 1201 2412; x_wconf 73' lang='lat' dir='ltr'>Plulcp</span> <span class='ocrx_word' id='word_1_265' title='bbox 1213 2333 1329 2394; x_wconf 85' lang='lat' dir='ltr'>abunde</span> 
     </span>
     <span class='ocr_line' id='line_1_26' title="bbox 111 2412 1328 2493; baseline 0 -21"><span class='ocrx_word' id='word_1_266' title='bbox 111 2413 343 2489; x_wconf 74' lang='lat' dir='ltr'>demonstravit,</span> <span class='ocrx_word' id='word_1_267' title='bbox 367 2412 452 2488; x_wconf 85' lang='lat' dir='ltr'>Quod</span> <span class='ocrx_word' id='word_1_268' title='bbox 474 2412 531 2471; x_wconf 87' lang='lat' dir='ltr'>diei</span> <span class='ocrx_word' id='word_1_269' title='bbox 553 2431 611 2471; x_wconf 92' lang='lat' dir='ltr'>uon</span> <span class='ocrx_word' id='word_1_270' title='bbox 631 2423 738 2490; x_wconf 88' lang='lat' dir='ltr'>posset,</span> <span class='ocrx_word' id='word_1_271' title='bbox 755 2415 779 2474; x_wconf 89' lang='lat' dir='ltr'>si</span> <span class='ocrx_word' id='word_1_272' title='bbox 800 2423 905 2493; x_wconf 74' lang='lat' dir='ltr'>prater</span> <span class='ocrx_word' id='word_1_273' title='bbox 919 2415 1074 2491; x_wconf 85' lang='lat' dir='ltr'>Adamum,</span> <span class='ocrx_word' id='word_1_274' title='bbox 1090 2415 1168 2474; x_wconf 87' lang='lat' dir='ltr'>unde</span> <span class='ocrx_word' id='word_1_275' title='bbox 1190 2414 1328 2473; x_wconf 90' lang='lat' dir='ltr'>Noachus</span> 
     </span>
     <span class='ocr_line' id='line_1_27' title="bbox 113 2491 1329 2572; baseline 0 -20"><span class='ocrx_word' id='word_1_276' title='bbox 113 2493 258 2552; x_wconf 90' lang='lat' dir='ltr'>oriundus</span> <span class='ocrx_word' id='word_1_277' title='bbox 271 2491 335 2568; x_wconf 89' lang='lat' dir='ltr'>fuit,</span> <span class='ocrx_word' id='word_1_278' title='bbox 351 2493 400 2550; x_wconf 87' lang='lat' dir='ltr'>alii</span> <span class='ocrx_word' id='word_1_279' title='bbox 414 2493 501 2570; x_wconf 89' lang='lat' dir='ltr'>louge</span> <span class='ocrx_word' id='word_1_280' title='bbox 515 2491 612 2570; x_wconf 76' lang='lat' dir='ltr'>plures</span> <span class='ocrx_word' id='word_1_281' title='bbox 625 2494 757 2554; x_wconf 88' lang='lat' dir='ltr'>homiues</span> <span class='ocrx_word' id='word_1_282' title='bbox 767 2496 829 2572; x_wconf 85' lang='lat' dir='ltr'>jam</span> <span class='ocrx_word' id='word_1_283' title='bbox 844 2495 953 2554; x_wconf 84' lang='lat' dir='ltr'>conditi</span> <span class='ocrx_word' id='word_1_284' title='bbox 967 2495 1097 2554; x_wconf 86' lang='lat' dir='ltr'>luissent.</span> <span class='ocrx_word' id='word_1_285' title='bbox 1141 2493 1228 2554; x_wconf 87' lang='lat' dir='ltr'>Unde</span> <span class='ocrx_word' id='word_1_286' title='bbox 1242 2494 1329 2553; x_wconf 88' lang='lat' dir='ltr'>otiam</span> 
     </span>
     <span class='ocr_line' id='line_1_28' title="bbox 113 2570 1331 2651; baseline 0.001 -20"><span class='ocrx_word' id='word_1_287' title='bbox 113 2581 199 2650; x_wconf 87' lang='lat' dir='ltr'>patet</span> <span class='ocrx_word' id='word_1_288' title='bbox 212 2571 417 2631; x_wconf 78' lang='lat' dir='ltr'>absurdissime</span> <span class='ocrx_word' id='word_1_289' title='bbox 431 2570 553 2631; x_wconf 76' lang='lat' dir='ltr'>ludaeos</span> <span class='ocrx_word' id='word_1_290' title='bbox 568 2573 646 2632; x_wconf 91' lang='lat' dir='ltr'>solos</span> <span class='ocrx_word' id='word_1_291' title='bbox 660 2574 814 2634; x_wconf 71' lang='lat' dir='ltr'>Ammius</span> <span class='ocrx_word' id='word_1_292' title='bbox 828 2574 894 2651; x_wconf 89' lang='lat' dir='ltr'>dici,</span> <span class='ocrx_word' id='word_1_293' title='bbox 910 2593 974 2635; x_wconf 90' lang='lat' dir='ltr'>eum</span> <span class='ocrx_word' id='word_1_294' title='bbox 985 2575 1096 2635; x_wconf 83' lang='lat' dir='ltr'>Gentes</span> <span class='ocrx_word' id='word_1_295' title='bbox 1109 2575 1174 2633; x_wconf 87' lang='lat' dir='ltr'>alise</span> <span class='ocrx_word' id='word_1_296' title='bbox 1188 2573 1331 2634; x_wconf 87' lang='lat' dir='ltr'>aJudseis</span> 
     </span>
    </p>
   </div>
   <div class='ocr_carea' id='block_1_3' title="bbox 9 2651 989 2732">
    <p class='ocr_par' dir='ltr' id='par_1_5' title="bbox 9 2651 989 2732">
     <span class='ocr_line' id='line_1_29' title="bbox 9 2651 989 2732; baseline 0.004 -22"><span class='ocrx_word' id='word_1_297' title='bbox 9 2651 10 2710; x_wconf 71' lang='grc' dir='ltr'>ἶ</span> <span class='ocrx_word' id='word_1_298' title='bbox 109 2651 313 2727; x_wconf 81' lang='lat' dir='ltr'>alienissimae,</span> <span class='ocrx_word' id='word_1_299' title='bbox 329 2653 366 2710; x_wconf 92' lang='lat' dir='ltr'>ab</span> <span class='ocrx_word' id='word_1_300' title='bbox 381 2651 497 2710; x_wconf 85' lang='lat' dir='ltr'>Adamo</span> <span class='ocrx_word' id='word_1_301' title='bbox 511 2660 541 2712; x_wconf 89' lang='lat' dir='ltr'>et</span> <span class='ocrx_word' id='word_1_302' title='bbox 555 2653 674 2710; x_wconf 85' lang='lat' dir='ltr'>Noacho</span> <span class='ocrx_word' id='word_1_303' title='bbox 688 2654 829 2732; x_wconf 86' lang='lat' dir='ltr'>originem</span> <span class='ocrx_word' id='word_1_304' title='bbox 844 2654 989 2714; x_wconf 76' lang='lat' dir='ltr'>dormint</span> 
     </span>
    </p>
   </div>
   <div class='ocr_carea' id='block_1_4' title="bbox 113 2731 1345 4724">
    <p class='ocr_par' dir='ltr' id='par_1_6' title="bbox 113 2731 1334 3370">
     <span class='ocr_line' id='line_1_30' title="bbox 163 2731 1332 2810; baseline 0.003 -21"><span class='ocrx_word' id='word_1_305' title='bbox 163 2731 254 2790; x_wconf 86' lang='lat' dir='ltr'>XVI.</span> <span class='ocrx_word' id='word_1_306' title='bbox 277 2731 362 2806; x_wconf 86' lang='lat' dir='ltr'>Quod</span> <span class='ocrx_word' id='word_1_307' title='bbox 374 2733 439 2790; x_wconf 81' lang='lat' dir='ltr'>Eva</span> <span class='ocrx_word' id='word_1_308' title='bbox 452 2731 523 2790; x_wconf 88' lang='lat' dir='ltr'>dicit</span> <span class='ocrx_word' id='word_1_309' title='bbox 536 2731 567 2790; x_wconf 89' lang='lat' dir='ltr'>in</span> <span class='ocrx_word' id='word_1_310' title='bbox 584 2732 665 2791; x_wconf 86' lang='lat' dir='ltr'>Sethi</span> <span class='ocrx_word' id='word_1_311' title='bbox 679 2735 839 2810; x_wconf 73' lang='lat' dir='ltr'>nativitate,</span> <span class='ocrx_word' id='word_1_312' title='bbox 853 2737 927 2795; x_wconf 85' lang='lat' dir='ltr'>Gen.</span> <span class='ocrx_word' id='word_1_313' title='bbox 940 2737 978 2794; x_wconf 84' lang='lat' dir='ltr'>iv.</span> <span class='ocrx_word' id='word_1_314' title='bbox 989 2737 1037 2794; x_wconf 77' lang='lat'>25.</span> <span class='ocrx_word' id='word_1_315' title='bbox 1059 2735 1160 2794; x_wconf 78' lang='lat' dir='ltr'>Posuit</span> <span class='ocrx_word' id='word_1_316' title='bbox 1169 2735 1240 2792; x_wconf 77' lang='lat' dir='ltr'>mitt</span> <span class='ocrx_word' id='word_1_317' title='bbox 1251 2736 1332 2792; x_wconf 75' lang='lat' dir='ltr'>Dera</span> 
     </span>
     <span class='ocr_line' id='line_1_31' title="bbox 113 2811 1333 2891; baseline 0 -19"><span class='ocrx_word' id='word_1_318' title='bbox 113 2833 213 2872; x_wconf 81' lang='lat' dir='ltr'>semea</span> <span class='ocrx_word' id='word_1_319' title='bbox 226 2811 309 2870; x_wconf 75' lang='lat' dir='ltr'>aliatd</span> <span class='ocrx_word' id='word_1_320' title='bbox 315 2831 375 2888; x_wconf 81' lang='lat' dir='ltr'>pro</span> <span class='ocrx_word' id='word_1_321' title='bbox 388 2811 481 2886; x_wconf 77' lang='lat' dir='ltr'>Abale,</span> <span class='ocrx_word' id='word_1_322' title='bbox 498 2829 580 2888; x_wconf 80' lang='lat' dir='ltr'>quem</span> <span class='ocrx_word' id='word_1_323' title='bbox 600 2814 700 2872; x_wconf 82' lang='lat' dir='ltr'>occidit</span> <span class='ocrx_word' id='word_1_324' title='bbox 715 2813 829 2888; x_wconf 75' lang='lat' dir='ltr'>Ouiana,</span> <span class='ocrx_word' id='word_1_325' title='bbox 845 2834 903 2872; x_wconf 90' lang='lat' dir='ltr'>non</span> <span class='ocrx_word' id='word_1_326' title='bbox 926 2815 1071 2891; x_wconf 89' lang='lat' dir='ltr'>siguificat</span> <span class='ocrx_word' id='word_1_327' title='bbox 1089 2815 1221 2874; x_wconf 87' lang='lat' dir='ltr'>absolute</span> <span class='ocrx_word' id='word_1_328' title='bbox 1235 2814 1333 2872; x_wconf 88' lang='lat' dir='ltr'>nullos</span> 
     </span>
     <span class='ocr_line' id='line_1_32' title="bbox 115 2891 1331 2970; baseline 0 -18"><span class='ocrx_word' id='word_1_329' title='bbox 115 2903 190 2952; x_wconf 85' lang='lat' dir='ltr'>tuuc</span> <span class='ocrx_word' id='word_1_330' title='bbox 205 2892 278 2950; x_wconf 80' lang='lat' dir='ltr'>alios</span> <span class='ocrx_word' id='word_1_331' title='bbox 292 2891 380 2950; x_wconf 87' lang='lat' dir='ltr'>fnisse</span> <span class='ocrx_word' id='word_1_332' title='bbox 395 2891 467 2950; x_wconf 77' lang='lat' dir='ltr'>Evae</span> <span class='ocrx_word' id='word_1_333' title='bbox 480 2891 565 2967; x_wconf 89' lang='lat' dir='ltr'>filios,</span> <span class='ocrx_word' id='word_1_334' title='bbox 582 2892 633 2950; x_wconf 89' lang='lat' dir='ltr'>sed</span> <span class='ocrx_word' id='word_1_335' title='bbox 647 2899 759 2952; x_wconf 86' lang='lat' dir='ltr'>tantum</span> <span class='ocrx_word' id='word_1_336' title='bbox 781 2894 878 2953; x_wconf 89' lang='lat' dir='ltr'>nullos</span> <span class='ocrx_word' id='word_1_337' title='bbox 899 2894 1031 2953; x_wconf 85' lang='lat' dir='ltr'>extitisse</span> <span class='ocrx_word' id='word_1_338' title='bbox 1052 2893 1159 2970; x_wconf 83' lang='lat' dir='ltr'>pictate</span> <span class='ocrx_word' id='word_1_339' title='bbox 1181 2903 1211 2952; x_wconf 86' lang='lat' dir='ltr'>et</span> <span class='ocrx_word' id='word_1_340' title='bbox 1224 2895 1331 2953; x_wconf 81' lang='lat' dir='ltr'>virtuts</span> 
     </span>
     <span class='ocr_line' id='line_1_33' title="bbox 117 2971 1332 3050; baseline -0.002 -18"><span class='ocrx_word' id='word_1_341' title='bbox 117 2973 232 3032; x_wconf 89' lang='lat' dir='ltr'>similes</span> <span class='ocrx_word' id='word_1_342' title='bbox 246 2971 335 3030; x_wconf 82' lang='lat' dir='ltr'>Abali</span> <span class='ocrx_word' id='word_1_343' title='bbox 349 2989 449 3029; x_wconf 84' lang='lat' dir='ltr'>recens</span> <span class='ocrx_word' id='word_1_344' title='bbox 463 2979 524 3030; x_wconf 89' lang='lat' dir='ltr'>tum</span> <span class='ocrx_word' id='word_1_345' title='bbox 539 2989 622 3046; x_wconf 82' lang='lat' dir='ltr'>cesso,</span> <span class='ocrx_word' id='word_1_346' title='bbox 638 2989 724 3048; x_wconf 89' lang='lat' dir='ltr'>quem</span> <span class='ocrx_word' id='word_1_347' title='bbox 745 2974 775 3030; x_wconf 91' lang='lat' dir='ltr'>in</span> <span class='ocrx_word' id='word_1_348' title='bbox 792 2974 881 3032; x_wconf 82' lang='lat' dir='ltr'>Setho</span> <span class='ocrx_word' id='word_1_349' title='bbox 901 2973 949 3050; x_wconf 89' lang='lat' dir='ltr'>pis</span> <span class='ocrx_word' id='word_1_350' title='bbox 969 2981 1061 3031; x_wconf 84' lang='lat' dir='ltr'>mater</span> <span class='ocrx_word' id='word_1_351' title='bbox 1074 2973 1274 3048; x_wconf 87' lang='lat' dir='ltr'>quadantenus</span> <span class='ocrx_word' id='word_1_352' title='bbox 1288 2992 1332 3030; x_wconf 90' lang='lat' dir='ltr'>re·</span> 
     </span>
     <span class='ocr_line' id='line_1_34' title="bbox 116 3051 1333 3129; baseline 0 -19"><span class='ocrx_word' id='word_1_353' title='bbox 116 3052 267 3110; x_wconf 80' lang='lat' dir='ltr'>victurum</span> <span class='ocrx_word' id='word_1_354' title='bbox 281 3051 415 3129; x_wconf 77' lang='lat' dir='ltr'>sperabat</span> <span class='ocrx_word' id='word_1_355' title='bbox 428 3057 457 3108; x_wconf 89' lang='lat' dir='ltr'>et</span> <span class='ocrx_word' id='word_1_356' title='bbox 471 3051 598 3128; x_wconf 81' lang='lat' dir='ltr'>optabat.</span> <span class='ocrx_word' id='word_1_357' title='bbox 641 3051 710 3128; x_wconf 90' lang='lat' dir='ltr'>Nec,</span> <span class='ocrx_word' id='word_1_358' title='bbox 733 3052 759 3110; x_wconf 93' lang='lat' dir='ltr'>si</span> <span class='ocrx_word' id='word_1_359' title='bbox 779 3053 879 3114; x_wconf 88' lang='lat' dir='ltr'>Moses</span> <span class='ocrx_word' id='word_1_360' title='bbox 900 3051 1016 3110; x_wconf 86' lang='lat' dir='ltr'>nomina</span> <span class='ocrx_word' id='word_1_361' title='bbox 1037 3051 1139 3110; x_wconf 82' lang='lat' dir='ltr'>reticet</span> <span class='ocrx_word' id='word_1_362' title='bbox 1150 3053 1275 3108; x_wconf 90' lang='lat' dir='ltr'>filiarum</span> <span class='ocrx_word' id='word_1_363' title='bbox 1296 3051 1333 3110; x_wconf 82' lang='lat' dir='ltr'>ab</span> 
     </span>
     <span class='ocr_line' id='line_1_35' title="bbox 119 3130 1332 3208; baseline -0.004 -17"><span class='ocrx_word' id='word_1_364' title='bbox 119 3131 240 3192; x_wconf 82' lang='lat' dir='ltr'>Adsmo</span> <span class='ocrx_word' id='word_1_365' title='bbox 253 3139 283 3189; x_wconf 88' lang='lat' dir='ltr'>et</span> <span class='ocrx_word' id='word_1_366' title='bbox 298 3131 362 3189; x_wconf 85' lang='lat' dir='ltr'>Eva</span> <span class='ocrx_word' id='word_1_367' title='bbox 375 3131 610 3207; x_wconf 68' lang='lat' dir='ltr'>progenitarum</span> <span class='ocrx_word' id='word_1_368' title='bbox 632 3130 701 3206; x_wconf 89' lang='lat' dir='ltr'>quia</span> <span class='ocrx_word' id='word_1_369' title='bbox 716 3131 925 3208; x_wconf 82' lang='lat' dir='ltr'>Genealogiam</span> <span class='ocrx_word' id='word_1_370' title='bbox 940 3131 1034 3189; x_wconf 85' lang='lat' dir='ltr'>voluit</span> <span class='ocrx_word' id='word_1_371' title='bbox 1054 3137 1152 3189; x_wconf 80' lang='lat' dir='ltr'>texere</span> <span class='ocrx_word' id='word_1_372' title='bbox 1174 3130 1332 3204; x_wconf 89' lang='lat' dir='ltr'>homiuum,</span> 
     </span>
     <span class='ocr_line' id='line_1_36' title="bbox 117 3205 1334 3288; baseline -0.001 -19"><span class='ocrx_word' id='word_1_373' title='bbox 117 3229 188 3288; x_wconf 86' lang='lat' dir='ltr'>quse</span> <span class='ocrx_word' id='word_1_374' title='bbox 203 3229 220 3268; x_wconf 86' lang='lat' dir='ltr'>a</span> <span class='ocrx_word' id='word_1_375' title='bbox 233 3211 362 3269; x_wconf 84' lang='lat' dir='ltr'>maribus</span> <span class='ocrx_word' id='word_1_376' title='bbox 375 3211 474 3287; x_wconf 86' lang='lat' dir='ltr'>vulgo,</span> <span class='ocrx_word' id='word_1_377' title='bbox 490 3229 548 3268; x_wconf 88' lang='lat' dir='ltr'>uon</span> <span class='ocrx_word' id='word_1_378' title='bbox 570 3229 588 3268; x_wconf 91' lang='lat' dir='ltr'>a</span> <span class='ocrx_word' id='word_1_379' title='bbox 610 3210 734 3268; x_wconf 87' lang='lat' dir='ltr'>foeminis</span> <span class='ocrx_word' id='word_1_380' title='bbox 757 3210 881 3286; x_wconf 89' lang='lat' dir='ltr'>ducitur,</span> <span class='ocrx_word' id='word_1_381' title='bbox 896 3211 1027 3287; x_wconf 86' lang='lat' dir='ltr'>sequitur</span> <span class='ocrx_word' id='word_1_382' title='bbox 1047 3209 1143 3268; x_wconf 86' lang='lat' dir='ltr'>nullas</span> <span class='ocrx_word' id='word_1_383' title='bbox 1165 3209 1253 3268; x_wconf 84' lang='lat' dir='ltr'>fuisse</span> <span class='ocrx_word' id='word_1_384' title='bbox 1275 3205 1334 3268; x_wconf 88' lang='lat' dir='ltr'>illis</span> 
     </span>
     <span class='ocr_line' id='line_1_37' title="bbox 120 3289 1290 3370; baseline -0.001 -21"><span class='ocrx_word' id='word_1_385' title='bbox 120 3299 215 3364; x_wconf 64' lang='lat' dir='ltr'>nans,</span> <span class='ocrx_word' id='word_1_386' title='bbox 232 3309 298 3348; x_wconf 87' lang='lat' dir='ltr'>euru</span> <span class='ocrx_word' id='word_1_387' title='bbox 312 3307 456 3368; x_wconf 80' lang='lat' dir='ltr'>expresse,</span> <span class='ocrx_word' id='word_1_388' title='bbox 468 3289 542 3349; x_wconf 82' lang='lat' dir='ltr'>Gen.</span> <span class='ocrx_word' id='word_1_389' title='bbox 557 3309 587 3348; x_wconf 82' lang='lat' dir='ltr'>v.</span> <span class='ocrx_word' id='word_1_390' title='bbox 610 3289 786 3349; x_wconf 85' lang='lat' dir='ltr'>Patriarcbse</span> <span class='ocrx_word' id='word_1_391' title='bbox 800 3290 934 3349; x_wconf 87' lang='lat' dir='ltr'>dieantur</span> <span class='ocrx_word' id='word_1_392' title='bbox 945 3291 1155 3368; x_wconf 68' lang='lat' dir='ltr'>permissejilios</span> <span class='ocrx_word' id='word_1_393' title='bbox 1170 3300 1197 3350; x_wconf 88' lang='lat' dir='ltr'>et</span> <span class='ocrx_word' id='word_1_394' title='bbox 1199 3291 1290 3370; x_wconf 83' lang='lat' dir='ltr'>filius.</span> 
     </span>
    </p>

    <p class='ocr_par' dir='ltr' id='par_1_7' title="bbox 121 3369 1345 4724">
     <span class='ocr_line' id='line_1_38' title="bbox 165 3369 1335 3445; baseline 0 -17"><span class='ocrx_word' id='word_1_395' title='bbox 165 3370 274 3429; x_wconf 83' lang='lat' dir='ltr'>XVII.</span> <span class='ocrx_word' id='word_1_396' title='bbox 297 3369 436 3445; x_wconf 80' lang='lat' dir='ltr'>Quamvis</span> <span class='ocrx_word' id='word_1_397' title='bbox 458 3369 568 3428; x_wconf 87' lang='lat' dir='ltr'>Paulus</span> <span class='ocrx_word' id='word_1_398' title='bbox 586 3369 672 3442; x_wconf 89' lang='lat' dir='ltr'>dieat,</span> <span class='ocrx_word' id='word_1_399' title='bbox 689 3371 774 3428; x_wconf 89' lang='lat' dir='ltr'>Rom.</span> <span class='ocrx_word' id='word_1_400' title='bbox 789 3390 818 3429; x_wconf 85' lang='lat' dir='ltr'>v.</span> <span class='ocrx_word' id='word_1_401' title='bbox 836 3373 882 3429; x_wconf 87' lang='lat'>13.</span> <span class='ocrx_word' id='word_1_402' title='bbox 904 3371 1054 3429; x_wconf 66' lang='lat' dir='ltr'>Peccatum</span> <span class='ocrx_word' id='word_1_403' title='bbox 1069 3370 1161 3445; x_wconf 66' lang='lat' dir='ltr'>siukau</span> <span class='ocrx_word' id='word_1_404' title='bbox 1181 3371 1211 3430; x_wconf 81' lang='lat' dir='ltr'>ia</span> <span class='ocrx_word' id='word_1_405' title='bbox 1230 3371 1335 3430; x_wconf 83' lang='lat' dir='ltr'>mundo</span> 
     </span>
     <span class='ocr_line' id='line_1_39' title="bbox 122 3449 1334 3527; baseline 0.002 -19"><span class='ocrx_word' id='word_1_406' title='bbox 122 3469 210 3526; x_wconf 76' lang='lat' dir='ltr'>suque</span> <span class='ocrx_word' id='word_1_407' title='bbox 224 3452 266 3508; x_wconf 85' lang='lat' dir='ltr'>ad</span> <span class='ocrx_word' id='word_1_408' title='bbox 277 3451 389 3526; x_wconf 63' lang='lat' dir='ltr'>Legem,</span> <span class='ocrx_word' id='word_1_409' title='bbox 405 3469 463 3506; x_wconf 92' lang='lat' dir='ltr'>non</span> <span class='ocrx_word' id='word_1_410' title='bbox 478 3449 607 3526; x_wconf 89' lang='lat' dir='ltr'>sequitur</span> <span class='ocrx_word' id='word_1_411' title='bbox 621 3449 751 3508; x_wconf 86' lang='lat' dir='ltr'>extitisse</span> <span class='ocrx_word' id='word_1_412' title='bbox 772 3451 903 3509; x_wconf 90' lang='lat' dir='ltr'>homines</span> <span class='ocrx_word' id='word_1_413' title='bbox 917 3459 1082 3527; x_wconf 86' lang='lat' dir='ltr'>peccatores</span> <span class='ocrx_word' id='word_1_414' title='bbox 1096 3459 1163 3510; x_wconf 85' lang='lat' dir='ltr'>ante</span> <span class='ocrx_word' id='word_1_415' title='bbox 1177 3450 1334 3510; x_wconf 82' lang='lat' dir='ltr'>Adsmum.</span> 
     </span>
     <span class='ocr_line' id='line_1_40' title="bbox 121 3528 1334 3608; baseline 0.003 -22"><span class='ocrx_word' id='word_1_416' title='bbox 121 3529 201 3604; x_wconf 82' lang='lat' dir='ltr'>Quis</span> <span class='ocrx_word' id='word_1_417' title='bbox 214 3529 288 3588; x_wconf 84' lang='lat' dir='ltr'>falso</span> <span class='ocrx_word' id='word_1_418' title='bbox 299 3537 329 3588; x_wconf 86' lang='lat' dir='ltr'>et</span> <span class='ocrx_word' id='word_1_419' title='bbox 342 3529 433 3607; x_wconf 82' lang='lat' dir='ltr'>gratis</span> <span class='ocrx_word' id='word_1_420' title='bbox 448 3528 619 3606; x_wconf 89' lang='lat' dir='ltr'>supponitur</span> <span class='ocrx_word' id='word_1_421' title='bbox 631 3547 683 3605; x_wconf 91' lang='lat' dir='ltr'>per</span> <span class='ocrx_word' id='word_1_422' title='bbox 693 3532 797 3606; x_wconf 68' lang='lat' dir='ltr'>seyen</span> <span class='ocrx_word' id='word_1_423' title='bbox 810 3530 857 3590; x_wconf 89' lang='lat' dir='ltr'>bic</span> <span class='ocrx_word' id='word_1_424' title='bbox 872 3531 908 3590; x_wconf 86' lang='lat' dir='ltr'>ab</span> <span class='ocrx_word' id='word_1_425' title='bbox 920 3530 1064 3608; x_wconf 87' lang='lat' dir='ltr'>Apostolo</span> <span class='ocrx_word' id='word_1_426' title='bbox 1079 3531 1203 3608; x_wconf 85' lang='lat' dir='ltr'>intelligi</span> <span class='ocrx_word' id='word_1_427' title='bbox 1216 3531 1334 3590; x_wconf 72' lang='lat' dir='ltr'>Adonai-</span> 
     </span>
     <span class='ocr_line' id='line_1_41' title="bbox 124 3607 1336 3686; baseline 0.002 -19"><span class='ocrx_word' id='word_1_428' title='bbox 124 3629 197 3682; x_wconf 87' lang='lat' dir='ltr'>cam,</span> <span class='ocrx_word' id='word_1_429' title='bbox 209 3609 319 3668; x_wconf 79' lang='lat' dir='ltr'>sufficet</span> <span class='ocrx_word' id='word_1_430' title='bbox 328 3629 392 3685; x_wconf 85' lang='lat' dir='ltr'>quse</span> <span class='ocrx_word' id='word_1_431' title='bbox 405 3608 466 3667; x_wconf 88' lang='lat' dir='ltr'>lata</span> <span class='ocrx_word' id='word_1_432' title='bbox 479 3617 524 3667; x_wconf 88' lang='lat' dir='ltr'>est</span> <span class='ocrx_word' id='word_1_433' title='bbox 539 3607 655 3667; x_wconf 84' lang='lat' dir='ltr'>Adsuso</span> <span class='ocrx_word' id='word_1_434' title='bbox 669 3609 745 3668; x_wconf 87' lang='lat' dir='ltr'>eirca</span> <span class='ocrx_word' id='word_1_435' title='bbox 758 3611 889 3670; x_wconf 77' lang='lat' dir='ltr'>arborem</span> <span class='ocrx_word' id='word_1_436' title='bbox 904 3611 1032 3670; x_wconf 85' lang='lat' dir='ltr'>scientiae</span> <span class='ocrx_word' id='word_1_437' title='bbox 1044 3611 1115 3670; x_wconf 90' lang='lat' dir='ltr'>boni</span> <span class='ocrx_word' id='word_1_438' title='bbox 1128 3620 1158 3670; x_wconf 88' lang='lat' dir='ltr'>et</span> <span class='ocrx_word' id='word_1_439' title='bbox 1171 3611 1254 3686; x_wconf 78' lang='lat' dir='ltr'>mali3</span> <span class='ocrx_word' id='word_1_440' title='bbox 1270 3631 1336 3669; x_wconf 87' lang='lat' dir='ltr'>eum</span> 
     </span>
     <span class='ocr_line' id='line_1_42' title="bbox 124 3687 1337 3768; baseline 0.002 -22"><span class='ocrx_word' id='word_1_441' title='bbox 124 3707 184 3748; x_wconf 90' lang='lat' dir='ltr'>nou</span> <span class='ocrx_word' id='word_1_442' title='bbox 199 3688 258 3746; x_wconf 89' lang='lat' dir='ltr'>alia</span> <span class='ocrx_word' id='word_1_443' title='bbox 271 3707 357 3765; x_wconf 87' lang='lat' dir='ltr'>quam</span> <span class='ocrx_word' id='word_1_444' title='bbox 371 3690 436 3746; x_wconf 77' lang='lat' dir='ltr'>Lea</span> <span class='ocrx_word' id='word_1_445' title='bbox 449 3690 583 3748; x_wconf 72' lang='lat' dir='ltr'>Moesica</span> <span class='ocrx_word' id='word_1_446' title='bbox 597 3687 787 3766; x_wconf 83' lang='lat' dir='ltr'>intelligenda</span> <span class='ocrx_word' id='word_1_447' title='bbox 799 3691 906 3765; x_wconf 70' lang='lat' dir='ltr'>renim,</span> <span class='ocrx_word' id='word_1_448' title='bbox 922 3691 1001 3767; x_wconf 89' lang='lat' dir='ltr'>quod</span> <span class='ocrx_word' id='word_1_449' title='bbox 1016 3699 1103 3768; x_wconf 83' lang='lat' dir='ltr'>patet,</span> <span class='ocrx_word' id='word_1_450' title='bbox 1122 3693 1147 3748; x_wconf 91' lang='lat'>1.</span> <span class='ocrx_word' id='word_1_451' title='bbox 1158 3709 1195 3750; x_wconf 90' lang='lat' dir='ltr'>ex</span> <span class='ocrx_word' id='word_1_452' title='bbox 1209 3689 1337 3767; x_wconf 89' lang='lat' dir='ltr'>eoquod</span> 
     </span>
     <span class='ocr_line' id='line_1_43' title="bbox 126 3767 1339 3846; baseline 0 -20"><span class='ocrx_word' id='word_1_453' title='bbox 126 3769 219 3828; x_wconf 90' lang='lat' dir='ltr'>Paulo</span> <span class='ocrx_word' id='word_1_454' title='bbox 234 3768 291 3826; x_wconf 79' lang='lat' dir='ltr'>ista</span> <span class='ocrx_word' id='word_1_455' title='bbox 305 3767 363 3827; x_wconf 91' lang='lat' dir='ltr'>duo</span> <span class='ocrx_word' id='word_1_456' title='bbox 377 3767 572 3846; x_wconf 71' lang='lat' dir='ltr'>aequipollent,</span> <span class='ocrx_word' id='word_1_457' title='bbox 587 3787 674 3845; x_wconf 81' lang='lat' dir='ltr'>usqae</span> <span class='ocrx_word' id='word_1_458' title='bbox 687 3772 730 3828; x_wconf 85' lang='lat' dir='ltr'>od</span> <span class='ocrx_word' id='word_1_459' title='bbox 748 3772 865 3845; x_wconf 83' lang='lat' dir='ltr'>Mosern,</span> <span class='ocrx_word' id='word_1_460' title='bbox 881 3779 1011 3846; x_wconf 76' lang='lat' dir='ltr'>utusque</span> <span class='ocrx_word' id='word_1_461' title='bbox 1024 3773 1066 3828; x_wconf 81' lang='lat' dir='ltr'>ad</span> <span class='ocrx_word' id='word_1_462' title='bbox 1077 3771 1182 3844; x_wconf 79' lang='lat' dir='ltr'>Lepem</span> <span class='ocrx_word' id='word_1_463' title='bbox 1189 3793 1201 3841; x_wconf 88' lang='lat'>,·</span> <span class='ocrx_word' id='word_1_464' title='bbox 1221 3787 1289 3826; x_wconf 86' lang='lat' dir='ltr'>nam</span> <span class='ocrx_word' id='word_1_465' title='bbox 1303 3775 1339 3827; x_wconf 87' lang='lat' dir='ltr'>ut</span> 
     </span>
     <span class='ocr_line' id='line_1_44' title="bbox 125 3847 1339 3926; baseline 0 -20"><span class='ocrx_word' id='word_1_466' title='bbox 125 3848 198 3906; x_wconf 88' lang='lat' dir='ltr'>dicit</span> <span class='ocrx_word' id='word_1_467' title='bbox 211 3856 361 3924; x_wconf 88' lang='lat' dir='ltr'>peccatum</span> <span class='ocrx_word' id='word_1_468' title='bbox 377 3847 465 3906; x_wconf 83' lang='lat' dir='ltr'>fuisso</span> <span class='ocrx_word' id='word_1_469' title='bbox 477 3847 508 3904; x_wconf 80' lang='lat' dir='ltr'>in</span> <span class='ocrx_word' id='word_1_470' title='bbox 522 3851 626 3908; x_wconf 79' lang='lat' dir='ltr'>mundo</span> <span class='ocrx_word' id='word_1_471' title='bbox 640 3869 726 3926; x_wconf 77' lang='lat' dir='ltr'>esque</span> <span class='ocrx_word' id='word_1_472' title='bbox 738 3853 781 3907; x_wconf 83' lang='lat' dir='ltr'>ad</span> <span class='ocrx_word' id='word_1_473' title='bbox 793 3851 913 3926; x_wconf 63' lang='lat' dir='ltr'>Legem</span> <span class='ocrx_word' id='word_1_474' title='bbox 933 3849 975 3907; x_wconf 88' lang='lat' dir='ltr'>ita</span> <span class='ocrx_word' id='word_1_475' title='bbox 989 3849 1060 3908; x_wconf 90' lang='lat' dir='ltr'>dicit</span> <span class='ocrx_word' id='word_1_476' title='bbox 1074 3857 1195 3906; x_wconf 88' lang='lat' dir='ltr'>mortem</span> <span class='ocrx_word' id='word_1_477' title='bbox 1206 3867 1339 3924; x_wconf 71' lang='lat' dir='ltr'>regnasse</span> 
     </span>
     <span class='ocr_line' id='line_1_45' title="bbox 124 3927 1337 4004; baseline -0.001 -18"><span class='ocrx_word' id='word_1_478' title='bbox 124 3929 162 3986; x_wconf 83' lang='lat' dir='ltr'>ab</span> <span class='ocrx_word' id='word_1_479' title='bbox 175 3929 290 3986; x_wconf 83' lang='lat' dir='ltr'>Adomo</span> <span class='ocrx_word' id='word_1_480' title='bbox 304 3946 390 4004; x_wconf 70' lang='lat' dir='ltr'>aspre</span> <span class='ocrx_word' id='word_1_481' title='bbox 403 3930 446 3986; x_wconf 84' lang='lat' dir='ltr'>ud</span> <span class='ocrx_word' id='word_1_482' title='bbox 457 3929 575 3986; x_wconf 79' lang='lat' dir='ltr'>Morem.</span> <span class='ocrx_word' id='word_1_483' title='bbox 617 3931 645 3986; x_wconf 76' lang='lat'>2.</span> <span class='ocrx_word' id='word_1_484' title='bbox 661 3929 736 4001; x_wconf 84' lang='lat' dir='ltr'>Quia</span> <span class='ocrx_word' id='word_1_485' title='bbox 756 3946 815 3986; x_wconf 90' lang='lat' dir='ltr'>non</span> <span class='ocrx_word' id='word_1_486' title='bbox 831 3928 918 3987; x_wconf 85' lang='lat' dir='ltr'>aliam</span> <span class='ocrx_word' id='word_1_487' title='bbox 933 3929 1042 4004; x_wconf 87' lang='lat' dir='ltr'>Legem</span> <span class='ocrx_word' id='word_1_488' title='bbox 1056 3933 1152 4004; x_wconf 88' lang='lat' dir='ltr'>potest</span> <span class='ocrx_word' id='word_1_489' title='bbox 1165 3927 1337 4003; x_wconf 83' lang='lat' dir='ltr'>intelligere,</span> 
     </span>
     <span class='ocr_line' id='line_1_46' title="bbox 127 4006 1338 4084; baseline 0 -20"><span class='ocrx_word' id='word_1_490' title='bbox 127 4008 166 4066; x_wconf 86' lang='lat' dir='ltr'>ab</span> <span class='ocrx_word' id='word_1_491' title='bbox 180 4027 222 4082; x_wconf 82' lang='lat' dir='ltr'>aa,</span> <span class='ocrx_word' id='word_1_492' title='bbox 239 4007 276 4065; x_wconf 90' lang='lat' dir='ltr'>de</span> <span class='ocrx_word' id='word_1_493' title='bbox 291 4025 348 4084; x_wconf 85' lang='lat' dir='ltr'>qua</span> <span class='ocrx_word' id='word_1_494' title='bbox 369 4008 399 4064; x_wconf 92' lang='lat' dir='ltr'>in</span> <span class='ocrx_word' id='word_1_495' title='bbox 419 4014 481 4065; x_wconf 89' lang='lat' dir='ltr'>tota</span> <span class='ocrx_word' id='word_1_496' title='bbox 501 4007 624 4083; x_wconf 86' lang='lat' dir='ltr'>epistola</span> <span class='ocrx_word' id='word_1_497' title='bbox 644 4007 780 4083; x_wconf 87' lang='lat' dir='ltr'>loquitur,</span> <span class='ocrx_word' id='word_1_498' title='bbox 796 4016 829 4066; x_wconf 94' lang='lat' dir='ltr'>ut</span> <span class='ocrx_word' id='word_1_499' title='bbox 849 4006 984 4065; x_wconf 88' lang='lat' dir='ltr'>ostendat</span> <span class='ocrx_word' id='word_1_500' title='bbox 1005 4007 1148 4064; x_wconf 73' lang='lat' dir='ltr'>nemiuem</span> <span class='ocrx_word' id='word_1_501' title='bbox 1162 4025 1215 4082; x_wconf 92' lang='lat' dir='ltr'>per</span> <span class='ocrx_word' id='word_1_502' title='bbox 1229 4006 1338 4084; x_wconf 79' lang='lat' dir='ltr'>Iegem</span> 
     </span>
     <span class='ocr_line' id='line_1_47' title="bbox 124 4085 1339 4165; baseline -0.001 -21"><span class='ocrx_word' id='word_1_503' title='bbox 124 4085 289 4164; x_wconf 85' lang='lat' dir='ltr'>justificari,</span> <span class='ocrx_word' id='word_1_504' title='bbox 301 4085 439 4164; x_wconf 88' lang='lat' dir='ltr'>quiequid</span> <span class='ocrx_word' id='word_1_505' title='bbox 453 4085 552 4146; x_wconf 76' lang='lat' dir='ltr'>Judaei</span> <span class='ocrx_word' id='word_1_506' title='bbox 565 4086 782 4164; x_wconf 81' lang='lat' dir='ltr'>pertenderent3</span> <span class='ocrx_word' id='word_1_507' title='bbox 805 4086 883 4165; x_wconf 91' lang='lat' dir='ltr'>quod</span> <span class='ocrx_word' id='word_1_508' title='bbox 897 4105 955 4144; x_wconf 89' lang='lat' dir='ltr'>uon</span> <span class='ocrx_word' id='word_1_509' title='bbox 970 4085 1008 4144; x_wconf 90' lang='lat' dir='ltr'>ad</span> <span class='ocrx_word' id='word_1_510' title='bbox 1022 4085 1107 4143; x_wconf 85' lang='lat' dir='ltr'>aliam</span> <span class='ocrx_word' id='word_1_511' title='bbox 1119 4103 1209 4161; x_wconf 83' lang='lat' dir='ltr'>quam</span> <span class='ocrx_word' id='word_1_512' title='bbox 1223 4085 1261 4142; x_wconf 87' lang='lat' dir='ltr'>ad</span> <span class='ocrx_word' id='word_1_513' title='bbox 1275 4085 1339 4143; x_wconf 88' lang='grc' dir='ltr'>Μο-</span> 
     </span>
     <span class='ocr_line' id='line_1_48' title="bbox 128 4165 1342 4246; baseline -0.002 -22"><span class='ocrx_word' id='word_1_514' title='bbox 128 4170 239 4224; x_wconf 86' lang='lat' dir='ltr'>saiesm</span> <span class='ocrx_word' id='word_1_515' title='bbox 253 4165 384 4225; x_wconf 84' lang='lat' dir='ltr'>refertur.</span> <span class='ocrx_word' id='word_1_516' title='bbox 426 4169 454 4225; x_wconf 84' lang='lat'>3.</span> <span class='ocrx_word' id='word_1_517' title='bbox 470 4165 515 4224; x_wconf 90' lang='lat' dir='ltr'>De</span> <span class='ocrx_word' id='word_1_518' title='bbox 531 4184 564 4225; x_wconf 86' lang='lat' dir='ltr'>ea</span> <span class='ocrx_word' id='word_1_519' title='bbox 579 4166 658 4246; x_wconf 88' lang='lat' dir='ltr'>Lege</span> <span class='ocrx_word' id='word_1_520' title='bbox 672 4165 809 4243; x_wconf 89' lang='lat' dir='ltr'>loquitur,</span> <span class='ocrx_word' id='word_1_521' title='bbox 819 4185 883 4242; x_wconf 78' lang='lat' dir='ltr'>qua</span> <span class='ocrx_word' id='word_1_522' title='bbox 898 4174 1020 4243; x_wconf 85' lang='lat' dir='ltr'>sequuta</span> <span class='ocrx_word' id='word_1_523' title='bbox 1028 4172 1073 4224; x_wconf 90' lang='lat' dir='ltr'>est</span> <span class='ocrx_word' id='word_1_524' title='bbox 1083 4165 1342 4242; x_wconf 85' lang='lat' dir='ltr'>transgressionem</span> 
     </span>
     <span class='ocr_line' id='line_1_49' title="bbox 130 4245 1345 4324; baseline 0 -22"><span class='ocrx_word' id='word_1_525' title='bbox 130 4245 247 4321; x_wconf 78' lang='lat' dir='ltr'>Adurni,</span> <span class='ocrx_word' id='word_1_526' title='bbox 262 4265 323 4304; x_wconf 91' lang='lat' dir='ltr'>non</span> <span class='ocrx_word' id='word_1_527' title='bbox 336 4265 400 4322; x_wconf 76' lang='lat' dir='ltr'>quas</span> <span class='ocrx_word' id='word_1_528' title='bbox 414 4265 477 4304; x_wconf 90' lang='lat' dir='ltr'>cam</span> <span class='ocrx_word' id='word_1_529' title='bbox 491 4246 647 4324; x_wconf 69' lang='lat' dir='ltr'>precessit,</span> <span class='ocrx_word' id='word_1_530' title='bbox 663 4246 731 4324; x_wconf 89' lang='lat' dir='ltr'>quia</span> <span class='ocrx_word' id='word_1_531' title='bbox 746 4246 816 4304; x_wconf 87' lang='lat' dir='ltr'>dicit</span> <span class='ocrx_word' id='word_1_532' title='bbox 829 4247 932 4322; x_wconf 69' lang='lat' dir='ltr'>Legem</span> <span class='ocrx_word' id='word_1_533' title='bbox 945 4246 1122 4317; x_wconf 73' lang='lat' dir='ltr'>udintraaae,</span> <span class='ocrx_word' id='word_1_534' title='bbox 1135 4253 1168 4302; x_wconf 84' lang='lat' dir='ltr'>ut</span> <span class='ocrx_word' id='word_1_535' title='bbox 1185 4246 1345 4303; x_wconf 64' lang='lat' dir='ltr'>maderet</span> 
     </span>
     <span class='ocr_line' id='line_1_50' title="bbox 124 4323 1341 4403; baseline -0.002 -19"><span class='ocrx_word' id='word_1_536' title='bbox 124 4335 283 4400; x_wconf 62' lang='lat' dir='ltr'>pacatum,</span> <span class='ocrx_word' id='word_1_537' title='bbox 298 4344 327 4383; x_wconf 84' lang='lat' dir='ltr'>v.</span> <span class='ocrx_word' id='word_1_538' title='bbox 342 4327 391 4383; x_wconf 72' lang='lat'>20.</span> <span class='ocrx_word' id='word_1_539' title='bbox 434 4325 517 4384; x_wconf 88' lang='lat' dir='ltr'>Licet</span> <span class='ocrx_word' id='word_1_540' title='bbox 527 4343 596 4384; x_wconf 87' lang='lat' dir='ltr'>vero</span> <span class='ocrx_word' id='word_1_541' title='bbox 612 4325 675 4384; x_wconf 87' lang='lat' dir='ltr'>Lex</span> <span class='ocrx_word' id='word_1_542' title='bbox 685 4325 869 4385; x_wconf 82' lang='lat' dir='ltr'>Adamolata</span> <span class='ocrx_word' id='word_1_543' title='bbox 882 4325 1069 4403; x_wconf 86' lang='lat' dir='ltr'>fueritprima</span> <span class='ocrx_word' id='word_1_544' title='bbox 1079 4324 1206 4383; x_wconf 80' lang='lat' dir='ltr'>omniurn</span> <span class='ocrx_word' id='word_1_545' title='bbox 1220 4323 1341 4401; x_wconf 87' lang='lat' dir='ltr'>Legum,</span> 
     </span>
     <span class='ocr_line' id='line_1_51' title="bbox 130 4403 1342 4483; baseline 0.001 -21"><span class='ocrx_word' id='word_1_546' title='bbox 130 4423 187 4462; x_wconf 86' lang='lat' dir='ltr'>non</span> <span class='ocrx_word' id='word_1_547' title='bbox 203 4413 356 4482; x_wconf 86' lang='lat' dir='ltr'>propterea</span> <span class='ocrx_word' id='word_1_548' title='bbox 367 4405 428 4462; x_wconf 64' lang='grc' dir='ltr'>κατ’</span> <span class='ocrx_word' id='word_1_549' title='bbox 444 4406 526 4481; x_wconf 60' lang='lat' dir='ltr'>tinxi·</span> <span class='ocrx_word' id='word_1_550' title='bbox 542 4405 605 4464; x_wconf 88' lang='lat' dir='ltr'>Lex</span> <span class='ocrx_word' id='word_1_551' title='bbox 620 4405 787 4483; x_wconf 86' lang='lat' dir='ltr'>simpliciter</span> <span class='ocrx_word' id='word_1_552' title='bbox 801 4405 859 4464; x_wconf 89' lang='lat' dir='ltr'>dici</span> <span class='ocrx_word' id='word_1_553' title='bbox 872 4405 977 4481; x_wconf 88' lang='lat' dir='ltr'>debet;</span> <span class='ocrx_word' id='word_1_554' title='bbox 1000 4425 1065 4464; x_wconf 90' lang='lat' dir='ltr'>cum</span> <span class='ocrx_word' id='word_1_555' title='bbox 1076 4403 1161 4462; x_wconf 77' lang='lat' dir='ltr'>buerit</span> <span class='ocrx_word' id='word_1_556' title='bbox 1174 4423 1252 4463; x_wconf 90' lang='lat' dir='ltr'>mere</span> <span class='ocrx_word' id='word_1_557' title='bbox 1265 4406 1342 4482; x_wconf 90' lang='lat' dir='ltr'>posi·</span> 
     </span>
     <span class='ocr_line' id='line_1_52' title="bbox 130 4483 1342 4564; baseline 0.002 -22"><span class='ocrx_word' id='word_1_558' title='bbox 130 4483 192 4542; x_wconf 88' lang='lat' dir='ltr'>tiva</span> <span class='ocrx_word' id='word_1_559' title='bbox 206 4491 236 4543; x_wconf 92' lang='lat' dir='ltr'>et</span> <span class='ocrx_word' id='word_1_560' title='bbox 250 4483 430 4560; x_wconf 86' lang='lat' dir='ltr'>symbolica:</span> <span class='ocrx_word' id='word_1_561' title='bbox 454 4485 540 4545; x_wconf 90' lang='lat' dir='ltr'>Unde</span> <span class='ocrx_word' id='word_1_562' title='bbox 563 4485 711 4562; x_wconf 86' lang='lat' dir='ltr'>Seriptura</span> <span class='ocrx_word' id='word_1_563' title='bbox 732 4485 864 4563; x_wconf 83' lang='lat' dir='ltr'>nuspiam</span> <span class='ocrx_word' id='word_1_564' title='bbox 883 4504 948 4544; x_wconf 86' lang='lat' dir='ltr'>eam</span> <span class='ocrx_word' id='word_1_565' title='bbox 971 4485 1059 4562; x_wconf 86' lang='lat' dir='ltr'>Legis</span> <span class='ocrx_word' id='word_1_566' title='bbox 1073 4484 1188 4544; x_wconf 87' lang='lat' dir='ltr'>nomine</span> <span class='ocrx_word' id='word_1_567' title='bbox 1212 4484 1342 4564; x_wconf 86' lang='lat' dir='ltr'>insignit,</span> 
     </span>
     <span class='ocr_line' id='line_1_53' title="bbox 130 4562 1343 4643; baseline 0.006 -22"><span class='ocrx_word' id='word_1_568' title='bbox 130 4563 210 4638; x_wconf 88' lang='lat' dir='ltr'>quod</span> <span class='ocrx_word' id='word_1_569' title='bbox 225 4562 263 4621; x_wconf 90' lang='lat' dir='ltr'>de</span> <span class='ocrx_word' id='word_1_570' title='bbox 279 4563 358 4638; x_wconf 78' lang='lat' dir='ltr'>lege</span> <span class='ocrx_word' id='word_1_571' title='bbox 373 4565 506 4623; x_wconf 81' lang='lat' dir='ltr'>Mosaios</span> <span class='ocrx_word' id='word_1_572' title='bbox 519 4565 627 4642; x_wconf 87' lang='lat' dir='ltr'>passim</span> <span class='ocrx_word' id='word_1_573' title='bbox 641 4565 754 4624; x_wconf 86' lang='lat' dir='ltr'>dicitur.</span> <span class='ocrx_word' id='word_1_574' title='bbox 798 4566 863 4624; x_wconf 90' lang='lat' dir='ltr'>Nou</span> <span class='ocrx_word' id='word_1_575' title='bbox 884 4565 1048 4643; x_wconf 79' lang='lat' dir='ltr'>negandum</span> <span class='ocrx_word' id='word_1_576' title='bbox 1069 4563 1186 4640; x_wconf 87' lang='lat' dir='ltr'>quidem</span> <span class='ocrx_word' id='word_1_577' title='bbox 1197 4565 1259 4642; x_wconf 88' lang='lat' dir='ltr'>jam</span> <span class='ocrx_word' id='word_1_578' title='bbox 1275 4575 1343 4628; x_wconf 85' lang='lat' dir='ltr'>ante</span> 
     </span>
     <span class='ocr_line' id='line_1_54' title="bbox 132 4641 1344 4724; baseline 0.006 -23"><span class='ocrx_word' id='word_1_579' title='bbox 132 4641 244 4720; x_wconf 87' lang='lat' dir='ltr'>Legem</span> <span class='ocrx_word' id='word_1_580' title='bbox 260 4641 364 4717; x_wconf 83' lang='lat' dir='ltr'>Musis,</span> <span class='ocrx_word' id='word_1_581' title='bbox 379 4642 468 4705; x_wconf 76' lang='lat' dir='ltr'>brisso</span> <span class='ocrx_word' id='word_1_582' title='bbox 483 4643 593 4721; x_wconf 88' lang='lat' dir='ltr'>Legem</span> <span class='ocrx_word' id='word_1_583' title='bbox 613 4645 783 4722; x_wconf 83' lang='lat' dir='ltr'>naturalem,</span> <span class='ocrx_word' id='word_1_584' title='bbox 800 4665 838 4706; x_wconf 80' lang='lat' dir='ltr'>ex</span> <span class='ocrx_word' id='word_1_585' title='bbox 852 4649 935 4724; x_wconf 81' lang='lat' dir='ltr'>eujus</span> <span class='ocrx_word' id='word_1_586' title='bbox 947 4645 1176 4724; x_wconf 86' lang='lat' dir='ltr'>transgressione</span> <span class='ocrx_word' id='word_1_587' title='bbox 1190 4653 1284 4705; x_wconf 90' lang='lat' dir='ltr'>ortum</span> <span class='ocrx_word' id='word_1_588' title='bbox 1299 4657 1344 4708; x_wconf 87' lang='lat' dir='ltr'>est</span> 
     </span>
    </p>
   </div>
   <div class='ocr_carea' id='block_1_5' title="bbox 0 0 1614 5180">
    <p class='ocr_par' dir='ltr' id='par_1_8' title="bbox 0 0 1614 5180">
     <span class='ocr_line' id='line_1_55' title="bbox 0 0 1614 5180; baseline 0 0"><span class='ocrx_word' id='word_1_589' title='bbox 0 0 1614 5180; x_wconf 95' lang='lat' dir='ltr'> </span> 
     </span>
    </p>
   </div>
  </div>
 </body>
</html>
