3174 5174
148 351 264 402 ossan.
280 332 341 414 ua]
604 353 644 394 nn
658 353 794 396 sonoras
809 354 950 398 sarnam.
1303 342 1361 401 ets

149 492 310 553 minatione
322 515 330 569 3
346 492 386 553 Et
399 492 468 570 qnia
481 501 543 554 erat
556 495 594 555 ad
607 495 763 574 imaginem
778 496 940 556 sanctitatis
954 495 1061 554 divina
1070 495 1212 572 conditus,
1223 496 1310 558 etiam
1322 499 1361 559 ad

148 573 385 714 gopenppnionem
398 573 544 634 beatitatis
559 576 630 653 ejus,
646 595 711 653 qna
725 575 877 636 individua
890 575 1051 635 sanctitatis
1065 585 1110 636 est
1121 595 1226 653 comes,
1241 578 1362 656 perduci

174 673 189 712 e
267 661 289 712 t.
1123 701 1129 714 .

193 733 268 792 VII.
292 731 434 809 Secundo,
451 732 527 808 Quia
541 733 605 794 Lex
624 733 741 794 Adnmo
761 734 857 812 posita
877 733 941 809 fuit,
955 753 1020 811 quae
1040 735 1203 794 necessario
1224 735 1361 814 importat

149 820 270 890 pactum
283 820 314 872 et
327 820 507 874 contractum
520 814 646 892 aliquem
663 815 838 890 foedemlem,
853 815 923 891 quia
936 815 987 891 qui
1000 834 1064 874 eam
1078 815 1191 892 accipit
1207 835 1246 874 ex
1266 817 1360 878 officio

150 912 183 952 se
198 893 311 970 obligat
326 892 364 950 ad
377 893 572 954 obedientiam
586 895 640 954 sub
661 915 748 972 poena
766 913 818 972 per
838 894 960 953 eandem
980 893 1162 970 denunciata,
1175 903 1204 954 et
1225 897 1275 972 qui
1296 915 1361 956 eam

150 971 218 1046 fert,
232 991 267 1031 eo
282 971 345 1049 ipso
359 971 439 1049 quod
453 973 646 1034 obedientiam
661 975 762 1052 exigit,
778 982 893 1034 tenetur
906 973 1053 1033 obedienti
1068 983 1205 1050 praeetare
1219 975 1360 1034 indemni·

151 1060 252 1126 tatem,
265 1059 296 1110 et
306 1053 499 1111 securitatem.
542 1053 625 1113 Licet
638 1073 708 1114 vero
723 1054 843 1114 alteram
856 1063 970 1114 tantum
983 1061 1094 1130 partem
1106 1054 1263 1115 sanctionis
1276 1055 1362 1116 iatius

152 1131 302 1190 foederalis
316 1131 459 1208 exprimat
474 1133 581 1208 Moses,
597 1153 661 1210 quas
676 1133 798 1193 refertur
811 1134 849 1191 ad
866 1153 989 1210 posnam,
1006 1133 1112 1194 (iones.
1130 1133 1160 1192 ii.
1178 1137 1224 1208 17,
1236 1135 1362 1212 priorem

151 1219 251 1270 tamen
265 1211 302 1270 de
316 1211 507 1287 promissione
515 1231 574 1272 non
587 1233 651 1272 esse
665 1212 877 1272 excludendam
890 1213 1037 1290 probatur,
1047 1220 1110 1271 tum
1124 1231 1162 1270 ex
1175 1213 1361 1274 sacramento

153 1291 278 1350 Arboris
293 1291 370 1365 viter,
381 1292 670 1370 ,quoobsignabatun
684 1301 747 1352 tum
767 1311 805 1352 ex
826 1293 1048 1352 comminatione
1068 1293 1178 1368 mortis,
1194 1311 1259 1370 quae
1278 1313 1296 1352 a
1316 1313 1361 1354 ra-

151 1370 233 1430 tione
253 1371 461 1430 contrariorum
481 1371 650 1449 implicitam
670 1372 773 1432 habuit
792 1372 1011 1449 promissionem
1033 1372 1109 1447 vitas,
1131 1380 1194 1431 tum
1213 1392 1253 1430 ex
1273 1375 1362 1433 variis

151 1450 227 1508 loeis
245 1450 410 1527 Scriptura,
430 1471 496 1529 qnae
517 1451 592 1529 legis
612 1459 745 1511 naturam
765 1459 794 1510 et
815 1452 994 1510 sanctionem
1014 1450 1119 1510 clarius
1139 1451 1313 1528 exprimunt,
1329 1463 1362 1513 ut

155 1528 228 1591 lav.
243 1529 327 1590 xviii.
342 1532 370 1590 5.
384 1532 543 1606 qaisccerit
554 1534 621 1607 boc,
635 1533 706 1592 vivet
719 1532 748 1590 in
762 1531 847 1608 ἱρείη
868 1530 987 1590 Deuter.
1005 1530 1099 1588 xxvii.
1115 1531 1171 1606 263
1187 1531 1294 1589 Erech.
1309 1553 1360 1592 xx.

157 1612 211 1684 113
227 1609 333 1668 Maon.
348 1609 411 1668 xix.
429 1613 484 1688 173
500 1611 598 1671 Galat.
612 1611 653 1670 iii.
670 1615 716 1670 12.
1130 1666 1132 1674 ,

195 1688 288 1748 VIII.
310 1689 417 1763 Tertio,
434 1690 501 1750 Hoc
514 1711 574 1751 non
587 1691 709 1750 obscure
729 1689 845 1750 videtur
864 1689 984 1750 innuere
1003 1689 1087 1748 locus
1102 1689 1176 1750 Hos.
1198 1689 1238 1748 vi.
1261 1695 1288 1772 7,
1311 1689 1363 1749 ubi

155 1768 298 1828 Isratilitte
312 1768 447 1828 dicuntur
470 1770 645 1847 transgressi
664 1769 759 1830 foedus
780 1771 855 1830 sicut
875 1769 982 1845 Adam,
1000 1787 1075 1829 nro
1083 1790 1140 1830 res
1148 1789 1226 1830 tre-asa
1236 1791 1299 1844 nnn,
1320 1771 1364 1828 Et

156 1849 213 1925 'psci
223 1849 295 1908 siccat
306 1849 402 1910 Adam
415 1850 670 1924 memmsoedua.
713 1849 852 1923 Quamvis
865 1849 943 1910 enim
956 1849 1018 1908 baec
1032 1849 1124 1910 verba
1143 1851 1256 1927 possint
1276 1849 1364 1908 etiam

154 1926 1365 2086 tttibtttt‘tttltfflttlttttuffitffltllibttltltt

156 2087 238 2146 Nihil
252 2087 349 2148 obstat
362 2096 459 2148 tamen
473 2107 507 2148 ea
521 2088 559 2148 ad
573 2089 721 2150 Adamum
735 2087 822 2148 etiam
832 2088 940 2162 referri,
950 2096 983 2146 ut
991 2087 1125 2150 dicantur
1134 2089 1261 2148 violasse
1269 2087 1364 2146 foedus

154 2166 194 2224 ad
207 2167 299 2226 insitu
313 2165 422 2226 Adami
435 2168 522 2245 primi
541 2169 677 2246 parentis,
694 2169 745 2246 qni
764 2167 860 2228 fndus
880 2187 946 2228 cum
968 2167 1033 2244 ipso
1058 2188 1076 2226 a
1100 2167 1164 2228 Deo
1183 2175 1364 2226 contractum

155 2246 261 2308 misere
275 2245 378 2323 fregit3
394 2266 453 2309 non
468 2249 609 2309 absimilis
622 2249 731 2308 locutio
743 2248 855 2308 occurit
868 2247 938 2308 Job.
950 2248 1033 2310 xxxi.
1050 2250 1099 2306 33.
1140 2247 1175 2306 Si
1182 2248 1248 2322 tomi,
1260 2246 1366 2324 inquit,

154 2345 234 2388 tane
246 2327 318 2386 sicat
329 2327 424 2386 adam
439 2329 598 2404 iniquitates
611 2348 697 2404 awos,
712 2328 762 2388 ubi
777 2326 928 2388 manifeste
943 2327 1060 2404 respicit
1073 2326 1112 2386 ad
1133 2323 1242 2386 factum
1256 2325 1366 2387 Adam

155 2415 308 2484 peceatum
321 2425 405 2466 suum
420 2427 558 2468 excusare
572 2417 602 2468 et
615 2417 713 2486 tegere
727 2408 866 2482 conantis,
880 2408 955 2468 Gen.
969 2407 1009 2466 iii
1027 2411 1074 2466 la.

197 2486 259 2545 IX.
281 2486 400 2561 Quarto,
409 2487 481 2546 Tale
495 2487 590 2547 foedns
600 2488 773 2566 postulabat
783 2508 842 2546 non
855 2487 942 2546 modo
954 2487 1011 2546 Dei
1022 2487 1131 2548 henim
1144 2495 1174 2548 et
1183 2486 1365 2567 pomposia,

154 2585 220 2644 qnae
235 2585 293 2624 non
307 2567 401 2643 potuit
414 2567 635 2628 convenientius
649 2587 680 2628 ae
692 2587 821 2644 exerere,
836 2587 924 2644 quem
934 2567 1080 2626 hominem
1095 2587 1125 2626 se
1140 2577 1316 2645 querentem
1327 2565 1366 2628 ad

157 2665 188 2706 ae
202 2646 322 2723 propius
335 2646 500 2723 recipiendo
514 2654 544 2706 et
564 2648 766 2708 communione
787 2647 840 2708 eu'a
860 2647 994 2708 beando:
1016 2647 1068 2708 sed
1088 2656 1117 2706 et
1138 2647 1228 2726 ipsius
1249 2647 1367 2704 lomins'a

155 2735 254 2800 ambas,
275 2732 306 2786 et
319 2725 471 2802 felicitatis
492 2729 633 2804 appetitae
656 2727 749 2805 ipsius
773 2727 853 2788 cordi
875 2748 894 2786 a
916 2727 980 2786 Deo
1001 2727 1174 2805 impressus;
1198 2726 1271 2786 Cum
1289 2727 1367 2784 enim

157 2805 287 2864 dubitari
300 2825 360 2864 non
373 2807 474 2883 possit,
489 2807 561 2886 quin
574 2817 670 2868 rectus
691 2807 778 2868 fuerit
798 2816 828 2867 et
847 2806 1003 2884 legitimus,
1018 2827 1111 2866 vanus
1133 2816 1162 2866 et
1182 2804 1281 2864 irritus
1301 2823 1366 2863 esse

155 2885 350 3024 tutti
362 2885 808 3028 tzttsrttttltstt
821 2886 954 3043 test
964 2885 1366 3041 tetemet

159 3045 291 3123 cogitare
307 3045 516 3123 blasphemum.
541 3071 543 3078 ·
820 3121 824 3129 ἢ
940 3009 949 3040 ’
1018 3091 1023 3101 .

461 3129 504 3188 Χ,
526 3129 563 3188 In
594 3127 651 3188 isto
681 3125 789 3186 ioetlere
819 3124 1043 3202 consideramus,
1067 3129 1093 3184 1.
1115 3125 1280 3200 Saliam,
1315 3139 1367 3182 sen

159 3201 190 3248 1¹¹
198 3203 288 3274 fodere
295 3203 341 3248 hoe
349 3203 403 3248 ⁰⁰¹¹*
424 3211 528 3267 Partes
551 3209 751 3266 conuehentes.
793 3208 821 3263 2.
844 3206 1006 3266 Pactrbncm
1033 3205 1134 3281 ipsam,
1155 3224 1221 3280 quea
1245 3202 1368 3266 includit

187 3263 320 3308 atterenda
337 3265 402 3316 sunt,

187 3317 404 3432 {cussus
423 3282 1368 3445 rtsffizmrsstuttssesttsutst

187 3435 276 3483 Hm·
302 3436 404 3482 nemus
424 3449 616 3508 contradentes
638 3455 705 3506 sunt
728 3446 817 3519 Deus,
840 3453 870 3503 st
889 3444 1004 3506 Homo:
1025 3447 1106 3504 Deae
1124 3445 1319 3522 quadranter
1339 3449 1369 3504 et

186 3492 296 3610 mii.
311 3497 337 3539 οι
358 3491 403 3538 1³⁰⁶
425 3527 576 3602 Dominus,
591 3527 646 3586 sub
659 3545 718 3604 qua
731 3525 814 3602 exin
826 3524 884 3586 dno
904 3523 1099 3602 includuntur,
1118 3524 1298 3617 legislatoria
1318 3543 1368 3600 po-

420 3615 519 3682 testas,
537 3615 567 3666 et
579 3607 694 3667 bonitas
708 3606 739 3666 in
760 3605 989 3682 remunerando;
1012 3605 1069 3664 Illa
1087 3605 1213 3683 quidem,
1229 3623 1298 3682 quia
1311 3622 1369 3679 qua

159 3690 279 3750 Creator
297 3711 356 3749 non
373 3697 469 3768 potest
489 3705 548 3746 non
568 3695 727 3746 creaturam
748 3686 918 3764 gubernare,
938 3705 992 3744 nec
1012 3685 1174 3761 gubernare
1194 3691 1289 3760 potest
1312 3681 1370 3744 nist

159 3780 354 3848 congruenter
368 3771 431 3847 ejus
445 3777 565 3841 murras,
580 3766 670 3826 idest
683 3769 800 3838 maie,
815 3785 866 3842 per
879 3765 978 3840 legum
991 3763 1159 3824 idonearum
1173 3762 1345 3838 positionem
1358 3783 1366 3826 ς

161 3850 234 3909 Haec
246 3871 324 3925 vero,
334 3851 406 3928 quin
416 3867 475 3908 non
489 3847 583 3926 potuit
596 3864 655 3905 non
664 3855 824 3904 creatmam
834 3861 919 3903 suum
928 3841 1052 3902 officium
1062 3849 1247 3919 praestantem
1258 3854 1365 3918 amara,

159 3938 191 3990 a
204 3949 401 4075 munim
464 4006 525 4066 XI.
546 4007 641 4064 Horae
656 4003 710 4063 sub
724 4003 840 4082 gemina
850 4003 931 4077 exim
943 3999 1126 4078 spectandus,
1136 3999 1184 4059 vel
1198 4003 1367 4078 quajaatea,

160 4059 241 4107 ΗΜ
257 4065 404 4121 quujustua
424 4087 473 4146 vel
487 4106 545 4164 qua
553 4084 674 4162 primae.
718 4082 811 4142 Priori
830 4088 972 4159 respectu,
994 4081 1072 4140 vires
1091 4079 1194 4140 habuit
1212 4081 1369 4157 prestandi

160 4165 287 4226 officium
300 4168 520 4246 praecriptum:
542 4165 629 4226 U'nde
643 4163 789 4223 oriebatur
809 4161 948 4239 obligatio
967 4160 1042 4222 illud
1054 4159 1201 4238 implendi,
1217 4181 1282 4241 quaa
1296 4161 1368 4220 alias

313 4300 319 4312 .
423 4247 519 4306 locum
533 4245 640 4306 habere
654 4263 713 4303 non
726 4243 888 4322 potuissat3
910 4261 977 4300 cum
990 4240 1028 4300 ed
1044 4239 1223 4317 impossibile
1236 4239 1369 4300 absolute

179 4299 213 4346 E*
224 4313 274 4358 ‘¹¹¹⁸
283 4314 383 4358 primus.
422 4344 508 4386 nemo
521 4333 672 4401 teneatur3
695 4323 861 4396 Posteriori,
883 4321 1016 4382 Adamns
1029 4320 1196 4380 universum
1210 4339 1303 4398 genus
1316 4321 1370 4380 hu·

160 4423 288 4480 manum,
303 4405 383 4482 qnod
396 4424 435 4468 ex
448 4407 512 4482 ipso
525 4405 703 4464 nasciturum
716 4401 1006 4480 eratquodemmodo
1020 4400 1146 4474 inclusit,
1156 4409 1217 4459 tum
1231 4407 1264 4459 ut
1271 4401 1369 4475 rante,

158 4485 369 4562 etpritctpitam
376 4486 517 4560 anomale,
527 4505 546 4544 a
555 4504 613 4561 quo
622 4483 723 4544 debuit
732 4481 906 4544 descendere
914 4490 1008 4541 totum
1022 4501 1114 4558 genua
1127 4481 1294 4554 humanum,
1301 4479 1369 4540 Act.

159 4564 233 4624 xvii.
249 4567 298 4641 26,
322 4573 386 4626 tum
399 4575 432 4627 ut
451 4583 580 4641 peram
597 4564 721 4640 publica,
737 4570 766 4623 et
786 4571 872 4638 caput
891 4561 1157 4638 representamus,
1172 4559 1251 4638 quod
1270 4579 1370 4622 omnes

159 4644 294 4706 homines
307 4664 345 4706 ex
360 4663 391 4706 se
405 4643 577 4704 naturaliter
590 4642 728 4702 oriundos
740 4649 967 4720 representaret.
1010 4640 1096 4702 Unde
1110 4639 1206 4700 foedus
1219 4640 1298 4700 istud
1311 4659 1370 4698 non
