3158 5190
106 363 227 416 oum.
242 344 306 428 ru]
609 363 647 408 os
662 363 850 418 murmura,
1290 349 1328 406 65

107 507 150 568 ad
164 526 265 567 mores
279 513 312 566 et
326 505 474 583 ingenium
487 505 661 586 humanum
682 527 747 585 quas
761 526 934 586 perpaucos
952 505 1038 566 rudes
1052 515 1082 568 ct
1095 507 1223 566 infirmos
1237 505 1328 566 homi-

107 607 165 646 nes
179 585 373 667 promulgata
386 595 437 662 cst,
453 607 471 644 a
484 585 613 664 fingendi
627 607 686 647 uon
698 587 785 648 modo
799 587 899 648 fraude
908 587 960 646 sed
974 596 1003 647 et
1017 587 1179 666 suspicione
1188 586 1342 648 alienissi.

106 688 186 743 mos,
210 667 296 727 nullo
319 666 491 743 eloquentiae
513 667 680 745 adjumento
704 669 867 743 instructos,
892 668 974 728 nullo
994 667 1185 728 simmationis
1208 667 1330 726 artificio

106 747 255 822 eruditos,
272 755 387 824 spretos
401 755 431 804 et
445 747 642 824 despicabiles,
665 749 727 807 sola
746 749 939 826 persuasione,
956 749 1017 814 sine
1031 749 1090 808 ullo
1105 747 1286 808 authoritatis
1300 756 1331 804 et
1359 755 1361 760 “

107 827 226 889 favoris
239 826 353 905 publici
368 827 509 904 praesidio,
525 827 587 887 sine
608 847 751 888 armorum
772 828 890 904 auxilio,
905 848 958 906 per
970 829 1048 888 mille
1065 837 1171 888 mortes
1185 836 1214 887 et
1228 826 1328 886 discri-

107 907 203 982 mina,
228 905 406 966 brevissimo
433 915 529 965 tamen
556 915 683 984 tempore
706 908 812 984 uhIque
835 909 964 968 Iocorum
987 908 1083 983 ferme,
1109 908 1149 968 ita
1170 915 1330 985 propagata

107 985 212 1062 fuerit,
229 996 263 1046 ut
277 985 376 1044 omnia
388 985 538 1046 obstacula
550 989 718 1066 perruperit,
734 997 763 1046 et
777 988 897 1048 alierum
913 987 1097 1066 Religionum
1111 1006 1176 1064 quae
1190 987 1254 1046 istis
1267 1007 1328 1046 om-

108 1067 204 1126 nihus
218 1065 363 1143 praesidiis
377 1066 559 1126 communitas
573 1077 655 1146 erant
663 1068 769 1126 victrix
778 1068 911 1144 evaserit,
920 1076 953 1127 ut
961 1067 1067 1145 integri
1080 1067 1179 1145 populi
1194 1075 1222 1126 et
1232 1067 1330 1144 Reges

109 1147 181 1224 ipsi,
197 1146 310 1205 relictis
323 1145 426 1222 patriis
447 1146 649 1223 Religionibus
670 1147 700 1230 in
721 1148 827 1224 quibus
847 1149 908 1207 nati
922 1156 1003 1207 erant
1016 1155 1046 1206 et
1062 1147 1185 1223 educati,
1201 1147 1263 1206 sine
1278 1167 1329 1225 spe

110 1225 274 1300 wmmodi,
289 1225 348 1283 imo
361 1245 428 1284 mam
442 1235 521 1284 certa
528 1225 669 1285 malorum
680 1228 888 1305 expectatione,
904 1227 998 1303 istann
1008 1247 1073 1304 quse
1087 1227 1191 1286 rationi
1205 1227 1330 1286 absurda

111 1315 146 1366 et
160 1305 242 1364 carni
256 1305 374 1382 ingrata
388 1316 458 1380 erat,
473 1315 503 1364 et
517 1325 582 1382 que
595 1308 733 1384 repellere
747 1307 843 1384 potius
857 1328 875 1366 a
888 1326 920 1366 se
933 1305 1064 1366 homines
1078 1327 1164 1384 quam
1173 1307 1211 1366 ad
1226 1326 1256 1366 se
1265 1307 1328 1365 alli·

112 1405 183 1444 oere
197 1382 361 1459 ridebatur,
378 1385 504 1462 amplexi
517 1383 631 1445 fuerint.
1322 1451 1325 1457 ¹

159 1464 275 1522 XXII.
299 1464 445 1524 Certiuado
467 1464 573 1542 triplex
594 1473 784 1544 potestesse,
810 1469 836 1525 1.
858 1467 1069 1544 Mathematicus,
1094 1471 1122 1526 2.
1144 1466 1275 1542 Merulae,
1300 1469 1328 1525 3.

116 1545 298 1622 Ibeoloyica.
339 1545 551 1620 Mathematica,
574 1564 625 1604 seu
645 1545 842 1624 metaphysica
862 1547 913 1606 illa
927 1555 979 1624 est,
995 1567 1060 1625 quae
1074 1547 1211 1624 competit
1230 1546 1331 1624 primis

114 1625 269 1702 principiis
284 1631 387 1683 natura
399 1631 430 1683 et
443 1644 495 1701 per
508 1643 539 1684 se
553 1625 639 1701 notis,
654 1635 683 1685 et
698 1626 930 1686 conclusionibus
943 1647 995 1705 per
1011 1627 1177 1706 hujusmodi
1190 1625 1331 1705 principia

112 1702 344 1780 demonstratis;
366 1711 399 1764 ut
412 1704 527 1782 quando
543 1707 643 1764 Tutiam
656 1707 758 1765 dicitur
771 1727 828 1766 esse
840 1709 932 1784 naajua
944 1728 997 1766 aaa
1005 1717 1101 1784 purte,
1117 1715 1146 1766 et
1159 1705 1238 1784 quud
1259 1705 1332 1764 idem

114 1807 175 1844 non
184 1785 277 1862 possit
295 1785 380 1843 amul
398 1804 455 1844 esse
476 1793 503 1842 et
521 1805 577 1844 noa
597 1807 662 1844 ease.
704 1790 732 1845 2.
753 1787 885 1863 Morabh,
898 1808 963 1864 quae
983 1787 1109 1846 cernitur
1121 1787 1152 1846 in
1166 1785 1252 1846 rehus
1266 1805 1331 1862 quae

114 1865 239 1942 quidam
252 1863 445 1924 demonstrari
459 1883 518 1923 non
532 1874 661 1943 possunt,
677 1865 730 1925 sed
743 1867 850 1927 talibus
870 1875 967 1926 tamen
980 1866 1095 1926 indiciis
1108 1874 1139 1926 et
1152 1865 1331 1942 argumentis

115 1954 179 2005 tam
193 1943 395 2022 probabilibus
416 1943 580 2020 suadentur,
603 1954 636 2006 ut
656 1945 692 2004 de
716 1945 753 2004 iis
771 1945 817 2004 vir
837 1946 963 2024 prudeus
985 1945 1116 2004 dubitare
1137 1953 1277 2022 nequeot3
1299 1954 1332 2005 ut

116 2024 279 2084 AEneidem
295 2023 432 2102 scriptam
445 2043 508 2084 esse
529 2045 547 2083 a
567 2025 702 2102 Virgilio,
719 2032 748 2084 et
760 2025 910 2084 historiam
932 2025 1009 2082 Livii
1023 2045 1041 2082 a
1056 2025 1159 2100 Livio;
1182 2025 1237 2083 etsi
1256 2023 1330 2083 enim

115 2125 166 2164 res
180 2125 240 2164 non
253 2114 300 2164 est
312 2123 364 2182 per
378 2123 409 2164 se
423 2111 507 2180 uota
515 2113 574 2164 tum
589 2105 734 2164 constanti
747 2114 844 2164 tamen
858 2105 934 2162 fama
947 2112 1053 2164 testata
1066 2113 1119 2180 est,
1134 2113 1167 2164 ut
1181 2104 1217 2162 de
1231 2123 1266 2162 ee
1279 2104 1332 2164 du·-

116 2185 213 2244 hitare
227 2203 314 2244 nemo
333 2184 434 2261 possit,
460 2183 511 2261 qui
532 2179 659 2262 aliquam
675 2204 770 2243 rerum
791 2193 821 2245 et
840 2185 987 2244 literarum
1012 2184 1143 2244 notitiem
1165 2183 1261 2243 habet.
1303 2187 1332 2244 3.

118 2265 300 2341 Ibeolcpicu,
315 2283 381 2341 qua
394 2263 517 2323 habetur
530 2263 561 2322 in
581 2264 676 2341 rebus,
692 2284 758 2342 quas
772 2264 827 2324 etsi
841 2265 1031 2324 demonstrari
1045 2273 1198 2342 nequeant,
1213 2264 1262 2322 vel
1282 2283 1332 2341 pet

116 2365 150 2404 se
165 2352 197 2404 et
211 2353 315 2404 natura
328 2351 404 2402 nota
418 2343 484 2418 siut,
500 2363 558 2403 non
577 2353 673 2404 tamen
694 2344 892 2422 probahilibus
912 2354 1025 2405 tantum
1046 2343 1160 2404 indiciis
1175 2353 1204 2403 et
1217 2345 1332 2403 morali·
1420 2417 1422 2422 Ι

116 2424 176 2484 hus
190 2423 369 2502 argumentis
382 2422 521 2499 nituntur,
537 2423 589 2483 sed
603 2445 671 2484 vere
685 2424 869 2503 Theologicis
883 2433 912 2484 et
926 2425 1042 2501 divinis,
1055 2425 1154 2484 divina
1168 2434 1238 2504 puta
1251 2444 1332 2484 reve·

116 2505 239 2580 latione,
254 2523 319 2582 quae
339 2502 460 2581 proinde
480 2522 538 2562 non
559 2504 760 2564 certitudinem
780 2513 893 2564 tantum
913 2505 1051 2565 moralem
1065 2514 1095 2564 et
1108 2505 1333 2582 conjecturalem

116 2583 233 2644 faciunt
246 2584 299 2643 sed
311 2583 399 2642 fidem
413 2602 480 2642 vera
501 2582 639 2642 divinam.
682 2585 830 2661 Scriptura
844 2605 902 2644 non
922 2587 1011 2645 habet
1031 2585 1231 2646 certitudinem
1246 2595 1332 2644 nuar-

113 2665 267 2742 physicam
274 2689 287 2737 ,·
307 2663 380 2722 alias
393 2682 528 2723 assensus
542 2683 627 2741 quem
642 2663 685 2722 illi
699 2664 860 2742 praebemus
875 2665 1023 2725 scientiam
1034 2675 1146 2744 pareret
1155 2685 1214 2724 non
1228 2664 1333 2724 fidem:

118 2765 181 2804 non
195 2743 285 2804 habet
297 2743 385 2803 etiam
399 2743 568 2821 slmpliciter
588 2747 724 2803 moralem
738 2753 768 2804 et
781 2745 968 2822 probabilem,
984 2746 1057 2805 alias
1070 2744 1142 2804 fides
1156 2752 1255 2804 nostra
1275 2765 1334 2803 non

118 2824 229 2884 certior
242 2831 319 2884 esset
332 2822 463 2901 quolibet
476 2842 595 2883 assensu
608 2823 745 2883 historico
759 2825 810 2902 qui
819 2824 933 2902 scriptis
941 2826 1075 2885 humanis
1089 2825 1259 2901 adhibetur;
1283 2823 1334 2884 sed

118 2905 212 2964 habet
225 2903 427 2964 certitudinem
449 2904 643 2980 Theoloyicam
664 2912 693 2963 et
713 2904 902 2981 infallibilem,
918 2925 983 2982 quae
1003 2905 1147 2964 homiuem
1169 2903 1284 2963 fidelem
1305 2911 1335 2962 et

120 2983 237 3062 Spiritu
251 2984 308 3042 Dei
321 2983 495 3042 illustratum
510 2982 641 3062 decipere
655 3003 713 3042 nou
726 2993 831 3062 potest.

315 3123 321 3134 ,
426 3061 557 3122 XXIII.
579 3063 731 3142 Prophetae
745 3083 803 3123 non
818 3073 948 3124 errarunt
962 3063 993 3122 in
1007 3063 1065 3122 illis
1079 3084 1143 3141 quae
1158 3063 1334 3140 scripserunt

137 3120 347 3226 Fffllffllu‘w'
382 3141 545 3209 Sannina
555 3151 586 3202 et
598 3165 656 3221 qua
669 3145 827 3220 Prophetae,
840 3143 993 3220 nequidem
1004 3144 1034 3201 in
1043 3144 1128 3202 rebus
1141 3141 1261 3201 minoris
1274 3161 1334 3201 mo·

384 3224 483 3290 monti,
498 3223 566 3302 quia
586 3225 658 3283 alias
674 3223 817 3283 universa
840 3223 995 3300 Scripturas
1014 3223 1087 3281 fides
1101 3222 1189 3283 dubia
1203 3221 1334 3282 reddere-

118 3309 180 3362 tur.
224 3299 283 3361 Sed
296 3309 452 3379 potuerunt
465 3323 559 3362 errare
580 3303 611 3362 in
630 3304 696 3363 aliis
710 3324 768 3381 pua
786 3303 916 3380 ὴοτηίησε,
938 3323 995 3381 quo
1009 3302 1096 3362 modo
1112 3302 1208 3362 David
1229 3303 1336 3362 erravit

119 3383 152 3440 in
168 3380 303 3458 Epistola
316 3381 352 3441 de
368 3381 441 3442 Uria
454 3382 620 3462 occidendo,
636 3404 701 3462 quse
722 3383 900 3443 authentiam
914 3383 1030 3460 quidem
1041 3383 1129 3443 habet
1142 3384 1268 3443 historiae
1283 3383 1335 3444 sed

119 3481 182 3521 non
195 3481 312 3536 nome,
328 3470 358 3522 et
371 3463 487 3522 Nathan
508 3463 537 3522 in
559 3463 678 3524 consilio
693 3463 771 3542 quod
785 3463 865 3523 dedit
887 3463 994 3522 Davidi
1008 3463 1151 3524 condendi
1172 3464 1332 3542 Templum,

120 3541 176 3604 aed
190 3542 353 3602 inconsulto
369 3542 441 3618 Deo,
457 3547 475 3602 2
492 3545 570 3604 Sam.
584 3543 634 3604 vii.
653 3547 681 3620 3,
697 3544 766 3622 quia
779 3564 832 3603 nec
846 3543 1027 3621 universalis,
1043 3565 1096 3604 nec
1113 3545 1266 3604 continuus
1280 3543 1335 3604 fuit

123 3620 252 3699 Spiritus
273 3622 373 3761 SRbefi
397 3621 518 3699 afflatus,
541 3644 579 3684 ne
592 3632 741 3702 putaretur
762 3643 824 3684 esse
845 3633 940 3685 motus
963 3624 1131 3700 ordinarius,
1147 3625 1194 3684 vel
1216 3623 1335 3683 effectus

121 3709 235 3762 naturae
259 3704 278 3760 2
361 3747 368 3761 .
384 3703 413 3762 ii.
430 3705 477 3762 17.

165 3747 292 3840 xx'IV.
314 3723 450 3875 Abostoli
465 3782 580 3844 hrenmt
593 3783 760 3844 infallibiles
770 3784 800 3843 iu
810 3784 875 3861 fide,
890 3805 949 3845 non
963 3785 994 3844 in
1007 3785 1155 3860 mon‘bus;
1171 3791 1200 3842 et
1211 3781 1336 3860 Spiritus

124 3860 302 3922 deducturus
310 3861 365 3921 furt
374 3882 424 3922 eos
437 3863 468 3922 in
482 3883 595 3924 omnem
607 3863 757 3923 veritatem
774 3885 811 3924 ne
821 3885 948 3942 unquam
957 3874 1092 3940 errarent,
1108 3882 1167 3922 non
1180 3863 1210 3920 in
1222 3881 1335 3919 omnem

123 3943 261 4020 metatam
281 3961 318 4001 ne
341 3961 468 4020 unquam
490 3952 650 4021 peccarent,
674 3945 743 4021 quia
766 3944 875 4004 similes
896 3944 981 4004 nobis
1003 3945 1119 4004 bierunt
1139 3943 1170 4000 in
1192 3940 1335 4000 omnibus.

123 4021 206 4082 Petri
223 4023 366 4081 mactatio
380 4033 409 4083 et
421 4023 592 4101 hypocrisis,
603 4022 639 4082 de
653 4044 710 4102 qua
725 4024 822 4084 Galat.
836 4024 866 4084 ii.
884 4027 929 4098 12,
946 4024 1001 4083 fuit
1021 4030 1171 4100 peccatum
1185 4021 1262 4094 vitae,
1278 4039 1337 4080 nou

125 4122 203 4162 error
216 4101 303 4178 fideI;
327 4102 426 4180 lapsus
447 4103 567 4163 moralis
588 4103 816 4164 conversationis
837 4124 875 4162 ex
896 4103 1062 4161 infirmitate
1076 4111 1106 4160 et
1121 4100 1232 4174 timore,
1247 4119 1284 4158 ne
1305 4099 1335 4158 in

124 4181 222 4244 odium
243 4181 405 4244 incurreret
429 4183 616 4259 Judaeorum3
639 4203 696 4243 uon
711 4203 781 4243 vero
803 4203 883 4242 error
896 4181 1002 4240 mentis
1023 4201 1060 4240 ex
1082 4178 1225 4238 libertatis
1240 4179 1335 4240 Chris·

123 4263 207 4323 tiana
218 4261 395 4342 ignorantia,
412 4282 498 4339 quam
509 4283 539 4322 se
554 4283 729 4341 cognoscere
744 4263 774 4321 in
789 4261 925 4320 familiari
939 4281 1004 4318 cum
1017 4257 1184 4336 Gentilibus
1199 4278 1336 4319 commer-

125 4343 165 4402 cio
179 4351 247 4403 ante
262 4341 438 4403 Judseorum
452 4342 608 4402 adventum
623 4343 694 4403 satis
707 4340 874 4420 testabatur.

159 4423 272 4483 XXV.
295 4422 396 4498 Quum
411 4421 519 4481 Paulus
540 4423 589 4498 ait,
607 4424 704 4483 1001.
726 4421 777 4480 vii.
794 4423 840 4498 lu·
883 4422 948 4497 Epo
962 4420 1024 4479 dico
1038 4441 1094 4480 noa
1108 4421 1255 4495 Dominus,
1279 4441 1336 4480 non

123 4517 205 4584 negat
219 4502 446 4582 inspirationem
462 4503 578 4562 Domini
593 4503 640 4562 cui
655 4502 732 4561 dicta
746 4519 798 4560 sua
811 4499 950 4576 vindicat,
965 4521 994 4559 v.
1009 4503 1057 4577 40,
1073 4500 1125 4559 sed
1139 4508 1250 4560 tantum
1264 4521 1336 4577 prae·

122 4595 232 4666 ceptum
255 4585 327 4658 hoc,
352 4599 404 4640 seu
426 4581 501 4642 hanc
517 4583 619 4661 ¹legem
632 4602 651 4641 a
666 4580 790 4641 Domino
813 4600 949 4659 expresse
968 4591 1034 4640 ante
1049 4601 1080 4640 se
1094 4581 1182 4639 latam
1203 4599 1283 4652 esse;
1305 4587 1338 4636 ut

120 4685 217 4729 ansus
244 4665 296 4742 sit,
320 4662 548 4724 controversiam
569 4661 650 4722 illam
673 4661 708 4722 de
731 4661 874 4722 malitiosa
895 4659 1064 4738 desertione,
1081 4659 1187 4719 Christi
1210 4667 1337 4735 tempore

1158 4754 1176 4794 a
