3044 5180
172 397 174 400 ·
243 377 301 434 324
752 388 843 430 nouus
857 387 1001 438 cernuus.
1263 365 1381 449 [conss.
1395 387 1434 429 ιιι.

243 535 369 608 demunt,
385 531 504 589 damnet
518 529 691 604 incredulos,
707 528 732 588 si
746 528 837 606 eligit,
852 529 935 606 eligit
948 527 1117 604 credentes;
1139 545 1205 586 cum
1220 545 1291 606 ergo
1303 527 1372 586 nihil
1384 529 1434 588 tale

243 613 356 687 efficiat,
372 610 425 670 sed
438 609 528 670 solius
540 609 714 687 beneplaciti
728 610 903 670 mentionem
916 607 1011 684 facist,
1027 627 1061 667 eo
1075 609 1271 686 ipsotcststur
1281 607 1435 682 clarissime,

244 711 275 751 se
289 691 398 750 nullam
412 689 587 749 discnmmrs
601 698 684 748 rst1us
698 707 814 748 ceusem
824 707 980 766 agnoscere
989 705 1075 766 quem
1091 687 1182 746 solem
1196 687 1262 766 ejus
1275 683 1385 762 silubr,
1398 698 1435 748 st·

243 790 299 848 que
313 769 386 829 edeo
400 768 571 830 electionem
585 788 643 828 non
657 787 720 827 esse
735 789 773 827 ex
786 767 843 827 fide
856 766 989 845 praeviss

568 847 676 907 XXV.
687 847 838 907 Aliemtio
852 847 1011 907 estanoris
1021 847 1437 927 benevolentioeetbmptcentioe,

280 915 451 1018 fflfflffi'lu'
507 929 564 988 slis
577 929 683 987 amoris
697 928 903 1006 complacentioe
917 937 944 985 et
956 927 1085 985 amidtioe
1094 951 1106 998 ;
1127 925 1177 984 ille
1196 925 1315 1003 quidem
1335 934 1438 986 entere-

409 1001 415 1015 ’
507 1008 551 1068 dit
563 1007 650 1067 fidem
659 1008 829 1082 necessario,
839 1009 907 1085 quis
918 1007 997 1064 illem
1008 1006 1066 1081 det,
1081 1005 1129 1063 hic
1139 1025 1209 1064 vero
1218 1025 1283 1064 eum
1295 1007 1422 1084 supponit
1432 1029 1438 1082 ;

244 1091 295 1151 ille
308 1112 347 1151 ex
361 1090 483 1150 ementis
497 1087 674 1166 dignatione,
696 1096 725 1146 et
739 1087 800 1146 sols
814 1088 878 1164 ejus
892 1083 988 1164 siim?
1000 1085 1114 1164 pendet,
1131 1085 1185 1144 iste
1200 1105 1238 1144 ex
1252 1087 1342 1144 amnti
1354 1085 1439 1164 digui-

245 1179 313 1246 tate‚
330 1190 383 1230 eeu
397 1167 579 1229 convenienti
593 1166 780 1244 dispositione
801 1165 874 1226 fluit.
916 1167 1011 1241 Quum
1027 1165 1135 1224 Paulus
1148 1165 1190 1223 ait
1203 1165 1243 1223 ed
1258 1165 1404 1239 Hebraeos,
1417 1185 1439 1224 c.

246 1251 287 1310 xi.
303 1253 330 1327 6,
345 1251 405 1308 eine
438 1251 472 1307 de
485 1247 649 1324 impossbile
663 1267 720 1305 esse
733 1249 851 1322 plaeere
863 1249 937 1320 Deo,
951 1264 1011 1305 non
1023 1244 1161 1322 intelligit
1174 1245 1301 1321 primum
1315 1263 1439 1319 amorem,

246 1330 298 1390 sed
313 1349 401 1388 secun
422 1347 480 1402 um,
495 1327 564 1404 quie
577 1325 706 1403 loquitur
718 1326 755 1385 de
769 1325 826 1384 lide
840 1325 945 1384 eobmli
963 1326 1090 1400 Petrum,
1106 1343 1255 1402 perquem
1265 1324 1441 1384 obtinuerunt

246 1409 443 1468 testimonium
453 1405 589 1484 justitiae3
604 1405 672 1498 binc
686 1425 756 1482 ergo
769 1413 846 1464 recte
860 1404 981 1464 infertur
994 1404 1095 1480 quales
1109 1404 1173 1463 Deo
1186 1403 1322 1480 placeant
1335 1403 1365 1462 in
1376 1411 1440 1466 tem·

245 1483 1138 1640 ”titt,qlttt{tetsttt‘ttttttttttttt
1153 1564 1273 1638 pum
1286 1565 1350 1622 nn
1363 1564 1441 1621 nn.

245 1665 308 1705 nem
322 1647 445 1722 ὤμνυ
464 1643 545 1721 prius
559 1643 696 1721 supponit
709 1643 795 1702 fidem
810 1643 840 1701 in
855 1644 986 1722 subjecto
999 1641 1180 1718 existentem,
1193 1651 1223 1701 et
1237 1641 1274 1700 de
1288 1642 1344 1700 hoc
1357 1643 1442 1719 loqui-

246 1734 294 1784 tur
309 1724 417 1784 Paulus
432 1723 524 1782 Hebr.
539 1723 580 1781 xi
596 1726 623 1798 6,
647 1721 779 1782 sednon
801 1723 965 1800 posteriue:
993 1721 1055 1781 Nec
1076 1721 1101 1781 si
1122 1721 1186 1781 Deo
1207 1721 1306 1800 plecet
1326 1723 1442 1800 gratim

245 1803 356 1864 homiui
377 1803 479 1878 facere,
501 1803 598 1861 statim
618 1801 748 1880 sequitur
771 1802 1018 1862 hominemillum
1037 1801 1151 1880 plecere
1171 1801 1235 1860 Deo
1246 1823 1254 1876 ;
1277 1799 1386 1879 elioqui
1405 1821 1439 1860 se·

243 1891 391 1962 queretur,
406 1882 475 1961 quia
488 1883 597 1959 plecuit
609 1881 750 1941 mundum
765 1882 820 1940 sibi
833 1881 1026 1957 reconciliare,
1041 1881 1181 1940 mundum
1200 1881 1289 1940 etism
1308 1881 1444 1958 placuisse

246 1963 310 2024 Deo
324 1971 478 2041 antequam
491 1962 693 2022 reconciliatus
707 1969 792 2036 esset,
810 1961 889 2040 quod
902 1971 946 2022 est
960 1960 1118 2036 &aaron
1133 1960 1214 2038 prius
1227 1968 1311 2020 notet
1325 1960 1443 2039 compla-

247 2044 373 2104 centium
386 2063 451 2121 quse
470 2042 640 2102 terminetur
653 2042 683 2100 iu
696 2041 821 2118 homiue,
836 2051 866 2102 et
879 2049 975 2101 ectum
989 2042 1053 2118 ejus
1070 2040 1214 2118 supponit,
1229 2040 1376 2118 posterius
1388 2049 1444 2099 tsn-

247 2131 388 2183 tumeam
403 2141 468 2198 quae
487 2123 657 2181 terminetur
670 2121 700 2179 in
718 2121 782 2198 ipsc
796 2121 920 2196 decreto,
944 2131 973 2180 et
994 2128 1090 2180 sctum
1106 2120 1163 2178 Dei
1184 2119 1264 2178 dicit.
1308 2119 1445 2194 Quemvis

136 2275 142 2280 ι
247 2222 317 2261 vero
338 2202 400 2260 sine
414 2201 470 2259 tide
491 2201 604 2277 placent
619 2201 682 2260 Deo
697 2220 750 2260 nos
770 2201 878 2278 eligere
899 2201 936 2260 sb
956 2208 1072 2276 eetemo,
1087 2219 1147 2258 non
1167 2219 1198 2258 se
1219 2199 1299 2258 uitur
1317 2199 1383 2258 sine
1395 2199 1446 2258 fide

266 2281 354 2340 sriter
373 2299 426 2338 nos
447 2279 561 2356 placere
581 2299 666 2356 posse
682 2279 745 2338 Deo
766 2280 796 2338 iu
813 2288 961 2358 tempore;
990 2279 1058 2356 quie
1077 2289 1174 2356 potest
1194 2299 1214 2356 p
1277 2297 1310 2338 re
1330 2279 1404 2354 Deo,
1418 2291 1447 2341 ut

246 2301 320 2418 bene
334 2358 406 2417 velit
420 2365 557 2417 ereeturae
571 2358 775 2418 antecedenter
787 2359 825 2418 ed
838 2359 934 2435 fidem,
955 2359 1006 2419 sed
1020 2378 1077 2418 non
1091 2366 1187 2436 potest
1207 2359 1290 2418 Deus
1304 2357 1363 2418 sibi
1376 2377 1447 2418 com-

248 2437 363 2514 placere
377 2437 408 2494 in
424 2437 561 2495 erectum
574 2437 630 2495 uisi
645 2446 854 2514 consequenter
867 2439 905 2497 ed
918 2439 1020 2516 ipsum.
1251 2449 1254 2460 ’

289 2515 432 2574 XXVII.
455 2515 593 2596 nglmune
616 2515 653 2574 de
673 2537 732 2594 qus
747 2517 832 2577 Rom.
847 2518 909 2577 viii.
924 2521 973 2595 29,
995 2535 1053 2577 non
1073 2517 1240 2593 φεοιιιαιίυι
1260 2517 1357 2576 iutelli
1395 2517 1449 2575 nds

246 2605 291 2654 cst
304 2615 356 2673 pro
370 2594 449 2653 nuda
462 2594 652 2672 prescientia,
667 2596 736 2673 quic
748 2596 822 2654 nihil
835 2606 931 2674 potest
945 2597 1103 2676 previdere
1121 2597 1151 2654 in
1165 2596 1281 2655 homine
1296 2615 1338 2674 qu
1392 2597 1448 2676 ipsc

246 2695 303 2732 non
319 2673 438 2750 dederit,
455 2674 507 2734 sed
514 2676 643 2750 practice
656 2695 708 2753 pro
722 2675 849 2753 gratuita
862 2679 926 2755 ejus
940 2677 1088 2752 electione,
1103 2683 1137 2734 ut
1151 2695 1237 2753 supm
1251 2676 1367 2754 visum3
1392 2677 1447 2734 Nee

247 2755 270 2811 si
284 2754 392 2812 Paulus
403 2754 452 2830 sit,
466 2753 561 2813 Deum
575 2773 649 2832 quos
658 2757 857 2832 prcecoynovit,
864 2758 1079 2832 praedestinasse
1088 2755 1249 2837 συμμιςφους
1260 2755 1450 2832 inmqinIFr'tii

245 2834 297 2908 sni,
312 2832 452 2911 intelligit
465 2833 539 2893 telos
552 2832 642 2893 fuisse
656 2834 877 2911 antecedenter,
899 2836 1037 2914 quiahoc
1056 2855 1117 2894 non
1134 2843 1292 2914 potuerunt
1310 2835 1446 2908 obtinere,

246 2913 355 2972 nisiex
369 2913 520 2973 vocatione
534 2933 599 2990 quae
621 2914 758 2992 sequitur,
774 2916 827 2974 sed
839 2923 873 2974 ut
893 2923 990 2976 essent
1007 2915 1081 2975 tales
1102 2923 1321 2992 consequenter,
1337 2923 1372 2974 ut
1386 2933 1447 2992 sup

246 2992 384 3070 plendum
399 2993 437 3054 sit
450 2998 509 3075 πςὶς
523 2998 551 3052 τι
564 2991 631 3070 siras,
647 3003 680 3054 ut
693 2993 856 3054 indicentur
863 2995 1121 3072 predestinationis
1128 2996 1225 3070 effecta
1239 3003 1267 3053 et
1279 2995 1384 3068 medrb,
1393 3013 1447 3052 uon

247 3093 342 3133 eeusae
356 3081 386 3133 et
399 3074 508 3134 motiva
520 3096 527 3133 ι
542 3083 628 3152 etque
643 3074 710 3133 hinc
723 3083 810 3152 petet,
823 3093 880 3133 non
895 3094 983 3151 quere
993 3075 1071 3134 hune
1084 3093 1144 3152 pree
1157 3074 1214 3132 alio
1228 3073 1445 3152 predestinarit,

248 3153 299 3210 scd
314 3152 351 3211 nd
365 3152 437 3231 quid
449 3154 643 3231 predestinet,
659 3162 688 3213 et
702 3154 807 3231 quibus
821 3153 931 3230 mediis,
947 3155 1082 3214 ulmirum
1091 3153 1129 3212 cd
1143 3153 1274 3232 gloriam,
1287 3162 1318 3213 et
1331 3153 1372 3212 ed
1384 3174 1446 3212 cou-

248 3231 421 3290 formitetem
437 3253 501 3291 cum
517 3234 641 3308 Christo,
656 3242 718 3292 tum
732 3234 762 3291 in
777 3233 937 3309 sanctitate,
952 3242 1014 3294 tum
1028 3234 1059 3292 in
1072 3253 1174 3292 cruce:
1196 3233 1237 3291 ite
1251 3232 1388 3314 seipsum
1402 3234 1446 3292 de-

247 3319 356 3367 cretum
368 3311 404 3367 de
415 3310 472 3369 fine
487 3331 538 3371 seu
549 3311 770 3372 destinationem
784 3312 821 3371 ed
835 3313 965 3388 salutem,
978 3318 1124 3395 πςκςισμις
1138 3312 1285 3372 decretum
1296 3313 1334 3372 de
1348 3313 1448 3372 mediis

246 3387 284 3443 ed
298 3387 385 3446 linem
399 3388 480 3445 illum
496 3391 730 3466 consequendum
744 3392 913 3452 necessariis
926 3401 1016 3468 notat,
1031 3402 1065 3452 ut
1079 3393 1155 3471 pr.
1170 3392 1188 3450 i.
1204 3393 1232 3451 5.

286 3464 447 3525 XXVIII.
464 3467 548 3540 Quod
559 3469 690 3528 Jacobus
703 3470 775 3531 dicit
785 3491 847 3549 esp.
862 3471 891 3530 ii.
906 3491 935 3530 v.
945 3473 973 3547 5,
985 3475 1080 3530 Deum
1090 3471 1202 3548 eleprbse
1210 3491 1357 3548 pauperes
1369 3473 1449 3547 bajus

245 3543 345 3602 mnndi
356 3544 528 3623 dinusfide,
545 3547 639 3605 innuit
653 3548 769 3624 quidem
784 3550 822 3609 ed
835 3549 906 3627 quid
921 3551 1001 3611 Deus
1015 3550 1144 3628 elegerit,
1154 3549 1289 3609 nimirum
1300 3549 1339 3609 ed
1353 3550 1447 3624 fidem,

245 3621 370 3680 sednon
383 3642 435 3704 per
448 3623 520 3700 quid
533 3633 562 3684 et
575 3629 771 3704 propterquid
785 3649 835 3688 eos
848 3629 976 3708 elegerit,
991 3639 1024 3689 ut
1033 3629 1124 3690 verbs
1137 3631 1193 3688 iste
1202 3630 1378 3710 dieitesfide,
1392 3649 1449 3688 non

245 3703 404 3778 causaliter,
421 3702 607 3781 sedfinaliter
628 3705 686 3765 sint
706 3708 873 3784 accipienda
886 3729 937 3786 per
953 3709 1077 3786 ellipsim
1092 3708 1228 3768 infinitivi
1241 3707 1310 3784 rivas,
1326 3719 1362 3770 ιιι
1374 3709 1449 3787 Eph.

245 3783 264 3838 i.
280 3785 309 3840 4.
324 3782 402 3858 quod
415 3790 495 3858 petet
509 3803 526 3840 s
539 3783 610 3860 pari,
626 3785 694 3861 quie
708 3806 742 3845 eo
757 3789 842 3846 modo
863 3788 952 3865 elegit
966 3788 1072 3847 divites
1092 3788 1158 3862 fido,
1174 3795 1208 3846 ut
1221 3790 1348 3848 loeredea
1361 3791 1449 3866 repni,

246 3860 297 3919 sed
311 3860 440 3920 haeredes
453 3862 536 3938 regni
551 3863 636 3922 electi
650 3875 718 3924 sunt
728 3873 760 3926 ut
774 3867 846 3925 teies
860 3867 1055 3941 redderentur,
1067 3887 1125 3926 non
1135 3867 1213 3944 quod
1223 3868 1286 3946 jam
1300 3877 1370 3928 ectu
1377 3870 1450 3928 tales

245 3947 342 3998 essent
356 3947 422 3999 ente
437 3941 482 4000 sui
495 3942 674 4002 electionem.

286 4017 415 4078 XXIX.
438 4019 531 4080 Aliud
545 4029 589 4080 est
603 4023 681 4081 nolle
694 4023 864 4083 electionem
878 4024 1053 4103 suspendere
1067 4025 1152 4084 efide
1167 4034 1196 4085 et
1209 4025 1357 4103 operibus,
1372 4027 1452 4103 quod

244 4097 396 4174 volumus;
419 4098 511 4158 Aliud
525 4108 650 4160 statuere
665 4103 787 4160 sulutem
801 4103 884 4162 nobis
905 4123 968 4163 esse
983 4103 1128 4164 decretem
1142 4106 1215 4164 eitra
1228 4105 1321 4163 ullum
1336 4125 1451 4182 respec-

244 4182 306 4231 tum
321 4177 493 4237 obedientiae
505 4185 537 4238 'et
550 4179 627 4254 fidei,
637 4181 716 4258 quod
728 4201 781 4258 per
794 4183 966 4241 calumniam
976 4184 1061 4243 nobis
1070 4183 1225 4262 effingitur.
1241 4183 1402 4242 Decretum
1415 4185 1452 4244 de

243 4253 336 4343 salute
349 4254 380 4312 iu
394 4257 445 4314 tali
459 4267 592 4334 respectu
605 4278 663 4318 non
678 4259 823 4336 fundetur,
845 4261 896 4320 sed
910 4269 1007 4322 temen
1021 4263 1084 4340 ipss
1098 4263 1176 4322 sulus
1190 4263 1307 4322 decreta
1328 4283 1369 4321 ex
1383 4265 1452 4322 obe-

243 4329 352 4390 dientia
365 4333 433 4392 fidei
446 4337 562 4412 pendet,
578 4357 664 4414 quam
680 4337 761 4397 Deus
775 4340 804 4396 in
819 4341 903 4399 nobis
917 4351 1060 4418 operetur.

230 4479 235 4488 ι
259 4481 265 4495 ,
284 4408 396 4469 XXX.
419 4413 512 4473 Aliud
525 4425 570 4475 est
584 4417 692 4476 electos
706 4437 769 4476 esse
784 4419 963 4496 credituros3
985 4420 1064 4479 aliud
1079 4421 1187 4496 electos
1207 4439 1271 4478 esse
1285 4421 1452 4496 reduplica-

241 4489 344 4575 bonet
359 4493 518 4574 cantaber,
541 4495 609 4571 quie
623 4497 671 4554 vel
685 4516 743 4574 que
757 4497 915 4574 eredentes,
931 4509 960 4560 et
981 4499 1160 4575 credituros;
1175 4499 1254 4577 prius
1268 4499 1364 4574 detur,
1381 4501 1452 4578 quis

241 4574 384 4650 ”Vllum
399 4585 514 4659 servare
528 4573 665 4648 decrevit,
688 4576 758 4652 quin
772 4595 886 4653 quoque
902 4577 1063 4638 decreverit
1076 4579 1119 4637 illi
1133 4577 1217 4637 tidem
1233 4577 1311 4650 dere,
1327 4585 1362 4637 ut
1383 4598 1450 4656 pro

239 4645 396 4705 positiones
418 4653 480 4703 1stee
502 4649 560 4708 siut
584 4655 795 4730 convertibiles,
821 4659 914 4717 omnis
945 4658 1065 4717 credens
1087 4667 1133 4722 est
1155 4656 1272 4734 electus,
1297 4667 1327 4716 et
1352 4660 1450 4716 omnis
