3174 5174
145 373 261 423 eumer.
278 353 358 434 vnn]
652 374 691 414 ue
706 375 840 415 exueras.
1291 366 1346 422 501

142 535 252 589 aarum,
278 515 328 590 qui
350 514 445 574 omnia
467 515 622 588 moliretur,
648 525 680 574 ut
700 524 838 593 perpetuo
865 517 963 577 Judaei
983 519 1037 578 sub
1066 519 1162 578 Persis
1189 531 1346 598 manerent,

140 595 212 672 quia
237 594 310 652 nihil
332 594 453 672 aggredi
478 595 618 671 potuisset
643 594 704 654 siue
726 595 782 654 Dei
802 596 946 672 mandato,
967 599 1017 674 qui
1037 600 1131 659 voluit
1151 619 1201 659 eos
1221 622 1258 659 ex
1280 621 1346 680 cap-

139 675 256 736 tivitate
276 674 408 751 liberare,
428 674 479 734 sed
499 674 606 752 optime
625 674 746 736 refertur
766 675 804 734 ad
825 677 988 753 occupem
1009 679 1077 756 Cyri
1098 679 1198 754 filium,
1213 681 1346 758 quidum

141 755 232 813 Pater
259 754 381 831 trajecto
401 754 473 812 mari
493 754 642 832 pugnabat
668 755 699 812 in
719 754 794 814 Asia
813 764 843 814 et
863 765 963 815 contra
985 758 1117 836 Scythas,
1143 759 1265 820 infestus
1284 770 1348 822 erat

138 833 315 894 Judreorum
339 834 523 911 restitutioni,
547 841 577 894 et
597 833 712 898 crudele
733 834 859 895 edictum
879 836 993 913 tulerat,
1015 857 1052 897 ne
1072 848 1226 916 pergerent
1246 840 1346 900 Judaei

139 916 171 972 in
186 915 308 991 Templo
323 913 492 976 extruendo.
535 913 621 974 Unde
635 933 752 976 necesse
773 914 866 975 luerat
880 915 1028 994 Angelum
1045 918 1211 979 Gabrielem
1231 920 1273 979 ibi
1293 921 1344 979 ali-

138 993 271 1071 quandiu
291 995 405 1068 moran',
420 1002 453 1053 ut
474 993 627 1070 Cambysis
647 993 771 1054 furorem
792 1005 992 1072 compesceret,
1008 1017 1044 1057 ne
1065 998 1177 1059 seilicet
1196 1000 1291 1077 magis
1311 1020 1344 1061 ae

137 1073 236 1150 magis
250 1074 366 1134 seruet
379 1075 409 1132 in
423 1073 561 1151 populum
576 1074 641 1149 Dci,
656 1073 734 1150 quod
748 1075 933 1135 continuetur
946 1097 974 1135 v.
990 1080 1037 1136 20.
1053 1078 1104 1137 ubi
1117 1078 1194 1138 idem
1209 1078 1344 1157 Angelus

136 1155 188 1228 sit,
203 1153 284 1230 quod
297 1173 461 1214 reversurae
474 1162 543 1214 caret
554 1157 596 1212 ad
603 1157 790 1231 pagrsundum
809 1176 871 1215 rum
891 1157 1024 1233 Primae
1043 1158 1207 1234 Persarum,
1223 1170 1250 1218 et
1268 1165 1346 1236 qaod

138 1235 188 1292 ubi
198 1253 326 1309 opressus
339 1235 400 1308 ml,
415 1234 551 1310 Pn'nccpe
560 1235 658 1292 Jama
671 1234 707 1292 sit
718 1243 857 1310 uenturus,
872 1235 1007 1296 nimirum
1021 1246 1054 1298 ut
1066 1238 1168 1298 innuat
1181 1259 1212 1298 se
1227 1259 1342 1316 operam

138 1333 223 1372 snam
237 1313 333 1372 adhuc
354 1333 391 1372 cx
413 1313 513 1373 ordine
527 1313 585 1372 Dei
605 1313 819 1390 collocaturum,
835 1316 864 1373 in
886 1316 1046 1380 cohibenda
1066 1318 1235 1378 crudelitate
1251 1320 1342 1396 Regis

140 1394 296 1452 Persarum
311 1401 411 1452 contra
418 1393 556 1470 populum
568 1394 632 1468 Dci,
645 1394 753 1453 interea
767 1395 836 1454 dum
847 1395 986 1472 Princeps
994 1396 1100 1472 Javan,
1113 1397 1152 1456 id.
1162 1397 1338 1474 Graecorum,

137 1473 251 1611 3511111551
266 1472 435 1532 Alexander
449 1473 584 1550 Magnus,
597 1482 736 1534 venturus
744 1483 829 1551 esset,
836 1475 886 1551 qui
901 1475 1034 1552 Regnum
1050 1475 1197 1538 Persicum
1211 1487 1340 1538 evertere

161 1573 177 1612 e
198 1552 251 1612 uit.

350 1685 356 1698 .
445 1632 501 1692 VI.
523 1632 629 1708 Tertio,
646 1631 770 1692 officium
785 1632 966 1711 Angelorum
981 1633 1056 1694 eirca
1069 1637 1219 1712 Mundum,
1234 1655 1293 1695 non
1307 1637 1339 1697 in

152 1683 365 1743 ammi
405 1733 440 1772 eo
463 1713 550 1772 sittun
576 1721 629 1788 est,
653 1720 686 1772 ut
713 1713 797 1772 orbes
824 1714 956 1774 coelestes
977 1724 1121 1791 moveant,
1147 1716 1226 1794 quod
1247 1716 1340 1777 voluit

140 1790 325 1866 Aristoteles,
336 1791 387 1850 sed
396 1801 427 1851 ut
435 1812 482 1852 res
491 1800 609 1868 creatae,
622 1801 651 1851 et
659 1811 757 1850 carum
766 1793 895 1852 ordinem
905 1801 1040 1854 tueantur
1048 1803 1077 1856 et
1085 1804 1256 1856 conservent
1268 1797 1337 1856 Pro-

140 1869 278 1930 videntia
294 1871 409 1930 Divinae
423 1871 623 1947 ministrando,
639 1891 696 1948 quo
710 1873 855 1948 pertinent
867 1873 970 1949 Ampelt'
981 1877 1172 1934 descendentes
1192 1885 1222 1935 et
1241 1897 1337 1937 ascea-

140 1953 241 2026 deatm,
257 1951 309 2030 qui
322 1951 353 2009 in
369 1952 453 2012 Scala
466 1951 573 2012 Jacobi
586 1951 642 2009 visi
657 1961 732 2028 suut,
748 1961 778 2010 ct
791 1952 870 2029 quod
884 1951 991 2012 Psalm.
1006 1955 1062 2013 civ.
1077 1954 1182 2014 dicitnr
1197 1955 1276 2014 Deus
1295 1957 1336 2016 fa·

139 2049 204 2090 cere
218 2041 312 2092 uentos
324 2032 448 2109 Angelos
460 2052 525 2091 auos
538 2039 568 2090 et
582 2033 733 2108 flammam
746 2031 817 2108 ignis
830 2031 977 2091 Ministroa
999 2053 1071 2092 mos.
1101 2033 1187 2093 Unde
1206 2032 1336 2094 Athena-

139 2129 226 2184 goras
248 2111 279 2168 in
301 2111 445 2188 legatione
468 2131 523 2170 sua
544 2131 596 2188 pro
612 2110 790 2187 Christianis,
813 2111 861 2187 ait,
884 2117 973 2177 exaltu
993 2113 1109 2184 ἅγγίλνι
1127 2137 1164 2172 u
1196 2117 1337 2194 ιιιτουςγὸι

139 2193 221 2266 φιμὶι
235 2196 275 2256 οὓς
289 2195 301 2248 ὁ
315 2195 411 2257 ποιητὴς
425 2197 469 2250 mi
483 2189 626 2271 deueroug-pls
646 2194 741 2266 ao'rpuu
753 2194 816 2266 θιὶς,
831 2189 873 2250 lul
892 2199 937 2250 τοῦ
956 2193 1017 2273 πᾶς’
1036 2191 1114 2253 aei'rra
1134 2198 1212 2263 l'rqw
1232 2191 1335 2268 drittun,

138 2276 184 2329 rexi
197 2268 291 2342 dolrada
305 2277 359 2351 mel
373 2276 407 2330 rel
420 2297 446 2330 π
466 2277 580 2347 nuntia
596 2277 662 2344 sisar,
677 2276 722 2330 ui
743 2273 798 2337 τοὺς
820 2272 938 2352 erigeretis,
952 2278 997 2330 arri
1017 2277 1056 2330 τὶν
1075 2288 1173 2348 κόσμει,
1193 2278 1238 2331 aar*
1258 2277 1292 2330 rol
1316 2275 1337 2332 lt

139 2354 218 2427 αὐτᾷ,
233 2357 279 2409 ul
293 2355 333 2413 riv
346 2352 435 2410 roien·
449 2355 577 2427 ιῦιιβιιι,
590 2352 659 2410 binc
673 2351 766 2428 Apoc.
783 2351 844 2411 xiv.
861 2354 906 2426 18,
919 2351 1017 2429 agitur
1030 2352 1066 2411 de
1081 2351 1206 2429 Angelo,
1221 2353 1273 2429 qui
1281 2373 1335 2429 po·

139 2441 262 2490 testatem
277 2433 373 2490 tamir
385 2435 414 2490 in
427 2433 526 2508 ignem,
542 2439 571 2490 et
585 2451 647 2508 cap.
662 2432 722 2490 xvi.
745 2434 773 2504 5,
797 2432 833 2490 de
846 2433 954 2508 Aspelo
976 2452 1126 2508 aquamm.
1169 2432 1232 2490 Imo
1256 2433 1337 2492 Deus

139 2530 197 2570 non
211 2531 277 2570 raro
290 2512 327 2570 iis
349 2513 439 2572 utitur
462 2511 499 2570 ad
520 2511 641 2570 tutelam
666 2511 832 2588 Regnorum
856 2520 885 2571 et
909 2512 1107 2590 Imperiorum,
1130 2517 1163 2571 ut
1184 2511 1276 2588 liquet
1299 2531 1337 2570 ex

141 2591 217 2652 Dan.
232 2611 262 2651 x.
278 2601 307 2651 et
321 2591 361 2650 xi.

307 2697 328 2734 .·
448 2671 521 2730 VII.
544 2670 660 2746 Quarto,
683 2681 809 2748 respecta
832 2672 980 2746 bominum,
995 2679 1055 2731 tam
1076 2672 1226 2748 bonorum,
1250 2691 1336 2748 quam

138 2721 380 2782 ⁴⁸&⁸p'h⁰¹¹¹¹¹¹¹¹m'
401 2751 560 2826 malorum;
583 2751 623 2809 Et
635 2751 711 2811 circa
725 2754 814 2810 malos
834 2751 950 2829 quidem
971 2751 1001 2810 in
1019 2751 1195 2830 judiciorum
1217 2751 1272 2808 Dei
1293 2751 1335 2807 in·

139 2827 274 2905 dictione,
290 2837 322 2889 ut
336 2838 416 2906 patet
428 2831 459 2889 in
475 2830 640 2905 Sodomitis,
653 2831 758 2890 Genea.
774 2831 836 2888 xix.
853 2835 908 2907 11,
924 2831 1084 2908 AEgyptiis,
1100 2831 1195 2889 Exod.
1210 2830 1261 2888 xii.
1276 2832 1334 2905 23,

141 2907 279 2968 Exercitu
296 2910 490 2985 Senacheribi,
506 2915 524 2968 2
541 2910 614 2986 ch.
630 2910 691 2968 xix.
707 2913 754 2984 35,
777 2909 835 2968 Isa.
856 2911 971 2970 xxxvii.
991 2913 1049 2986 36,
1071 2908 1335 2984 Nebucadnetzare,

142 2986 214 3046 Dan.
230 2987 270 3048 iv.
283 2992 329 3064 13,
342 2993 387 3065 14,
404 2993 451 3067 23,
464 2992 500 3050 31
513 3013 520 3064 ,
537 2988 663 3064 Herode,
679 2989 747 3048 Aet.
762 2989 813 3048 xii.
826 2992 866 3049 23
879 3013 886 3064 3
902 2997 931 3048 ct
944 2989 1082 3066 reprobis,
1092 3007 1166 3064 quos
1176 2987 1279 3046 ultimo
1290 2987 1336 3046 die

141 3065 169 3123 in
183 3087 284 3144 poenas
298 3079 419 3127 aeternas
434 3069 598 3147 conjicient,
615 3069 701 3127 Matt.
723 3068 784 3124 xiii.
800 3071 847 3143 41,
864 3071 912 3125 42.

180 3146 271 3206 VIII.
293 3149 376 3208 Citea
389 3151 502 3210 Elector
516 3149 646 3227 etfidclea
660 3147 722 3206 sive
736 3147 766 3204 in
786 3147 845 3206 illis
858 3146 1043 3224 castigandis,
1059 3144 1192 3221 exemplo
1214 3143 1336 3202 Davidis

141 3231 169 3283 et
182 3227 281 3303 populi
295 3229 367 3305 ejus,
384 3232 402 3287 2
419 3229 496 3289 Sam.
511 3229 593 3286 xxiv.
611 3229 656 3300 16,
673 3226 734 3285 sive
748 3226 779 3284 in
792 3225 940 3285 benefieiis
955 3226 1010 3283 Dei
1024 3222 1226 3301 dispensandis
1240 3222 1277 3280 ad
1290 3241 1335 3280 sa·

140 3304 228 3364 lntem
240 3327 338 3366 eorum
353 3308 587 3385 promovendam,
600 3307 691 3365 Hebr.
706 3306 725 3364 i.
743 3309 789 3365 14.
811 3305 962 3364 Trifariam
976 3313 1072 3364 autem
1086 3304 1142 3382 piis
1155 3303 1336 3379 berefactam,

145 3387 168 3442 l.
178 3387 320 3458 decenam·
334 3391 362 3446 2.
372 3391 557 3459 οοηεοῑαηάο,
573 3390 600 3446 3.
610 3387 805 3458 crutode'cndo;
821 3389 847 3444 l.
859 3388 1003 3460 Ducenda,
1011 3405 1100 3462 quum
1107 3385 1188 3443 Deus
1201 3383 1237 3442 iis
1248 3383 1338 3441 utitur

140 3463 176 3522 sd
189 3466 349 3526 monendos
367 3467 468 3527 fideles
482 3467 518 3526 de
532 3465 625 3524 officio
646 3486 707 3540 suo,
722 3465 771 3524 vel
791 3465 827 3524 de
848 3466 933 3525 rebus
954 3465 1065 3546 futuris,
1081 3473 1114 3524 ut
1127 3465 1214 3523 variae
1228 3469 1339 3534 ἅγγελο-

140 3543 235 3610 φιίιιιιι
250 3565 285 3604 eo
299 3545 421 3606 tendunt
434 3547 559 3620 invu,
573 3546 678 3605 Genes.
686 3547 755 3621 xvi,
771 3546 862 3620 xviii,
873 3545 944 3621 xix,
955 3545 1068 3621 xxviii,
1078 3545 1186 3620 xxxii.;
1204 3545 1277 3602 Dan.
1288 3543 1337 3616 vi.,

140 3622 189 3698 ix,
201 3645 241 3700 ιι,
252 3625 308 3699 xi.;
325 3627 444 3686 Zaelrar.
454 3627 482 3700 ἰ.,
492 3626 537 3701 ἱί.,
554 3625 659 3685 Ezech.
674 3625 707 3701 i.;
730 3635 759 3685 et
773 3626 892 3686 inNovo
907 3624 1193 3702 lungunturmunere
1203 3625 1337 3697 Evange-

142 3701 280 3778 listarum,
297 3705 368 3764 Luc.
387 3706 404 3763 i.
424 3709 468 3779 11,
493 3714 523 3764 et
535 3705 564 3764 ii.
583 3707 628 3779 10,
652 3705 815 3764 nunciando
830 3705 936 3764 Christi
950 3704 1139 3776 nativitatem,
1155 3701 1338 3779 praedicendo

141 3782 203 3856 ojus
209 3784 455 3860 resurrectionem,
464 3785 569 3843 Matth.
581 3784 694 3857 xxviii,
704 3791 734 3842 et
744 3783 949 3857 ascensionem,
960 3781 1027 3840 Act.
1038 3783 1066 3854 ἰ.,
1077 3791 1106 3838 et
1114 3779 1273 3855 inApocal.
1283 3778 1336 3837 Jo-

141 3860 264 3921 hannem
278 3873 396 3923 monent
410 3863 446 3923 de
460 3863 547 3923 rebus
560 3863 673 3937 futuris.
695 3865 723 3919 2.
739 3862 799 3920 Eos
816 3863 993 3934 cormobrndo,
1016 3868 1077 3917 tum
1101 3858 1242 3916 adversus
1262 3856 1338 3913 mala

142 3942 300 4016 praesentia,
324 3952 386 4001 tum
413 3943 552 4002 adversus
580 3941 707 4018 pericada
731 3939 925 4012 imminentia;
949 3937 1082 4014 exempla
1105 3935 1281 3995 obviarunt
1308 3935 1343 3992 in·

144 4019 248 4095 Agara,
266 4021 341 4080 Gen.
357 4023 435 4098 xvi.;
457 4021 580 4096 Jacobo,
597 4021 671 4078 Gen.
686 4018 798 4093 xxxii.;
822 4018 951 4091 Daniele,
969 4018 1043 4075 Dan.
1058 4037 1087 4073 x.
1102 4037 1109 4092 ,
1131 4013 1205 4090 Elia,
1230 4019 1245 4073 l
1263 4015 1336 4090 Reg.

140 4098 220 4173 xix.;
244 4101 346 4176 Maria
364 4101 435 4160 Luc.
450 4102 487 4175 i.;
509 4098 669 4177 Apostolis,
685 4097 790 4156 Matth.
811 4096 914 4154 xxviii.
937 4099 964 4154 3.
982 4095 1178 4168 Otutodieado,
1194 4094 1337 4170 quiaoas-

141 4185 330 4239 transeantur
343 4181 419 4239 circa
433 4181 568 4239 timentes
577 4178 742 4252 Dominum,
756 4175 862 4236 Psalm.
878 4175 981 4232 xxxiv.
998 4179 1025 4250 t,
1038 4175 1144 4232 Genea.
1157 4173 1260 4247 xxxii,
1272 4193 1337 4250 pro·
1362 4183 1365 4191 ’

140 4263 242 4333 tegunt
256 4279 315 4332 eos,
332 4259 439 4319 Psalm.
455 4259 510 4318 xci.
529 4263 574 4332 11,
594 4265 726 4335 pugnant
745 4275 797 4334 pro
817 4255 897 4332 ipsis,
920 4255 986 4312 Dan
1000 4275 1030 4312 x.
1048 4257 1093 4326 13,
1109 4253 1275 4312 custodiunt
1296 4252 1337 4309 in-

140 4333 241 4412 santes,
259 4339 365 4398 llatth.
380 4339 462 4398 xviii.
480 4341 525 4412 10,
540 4338 664 4397 liberant
677 4336 809 4394 fidelesa
829 4353 915 4393 manu
937 4333 1125 4407 inimicorum,
1140 4354 1158 4390 a
1178 4351 1299 4405 carcere,
1322 4352 1340 4389 a

140 4424 239 4492 morte,
256 4419 422 4494 apericulis
437 4417 660 4490 imminentibus,
676 4424 709 4475 ut
722 4424 801 4492 patet
816 4415 845 4472 in
860 4414 943 4487 Loto,
959 4413 1033 4472 Gen.
1056 4413 1117 4470 xix.
1142 4415 1187 4485 15,
1213 4414 1260 4484 16,
1285 4414 1338 4484 17,

140 4493 258 4570 liliaeeo,
274 4503 292 4555 2
309 4497 382 4574 Reg.
398 4499 437 4556 vi.
456 4501 510 4571 17,
532 4494 795 4571 Jcrosolymitanis,
819 4499 837 4554 2
862 4494 935 4570 Reg.
958 4493 1019 4550 xix.
1043 4495 1102 4568 35,
1128 4491 1220 4550 tribus
1248 4490 1340 4549 Sociis

140 4573 279 4652 Danielis,
297 4577 370 4636 Dan.
387 4576 426 4634 iii.
442 4579 489 4650 25,
505 4577 564 4651 28,
588 4573 708 4632 Daniele
727 4573 799 4652 ipso,
816 4594 878 4651 cap.
894 4573 932 4631 vi.
955 4577 1013 4646 22,
1038 4571 1196 4648 Apostolis,
1220 4571 1288 4628 Act.
1310 4591 1339 4629 v.

141 4655 196 4730 13,
222 4655 317 4730 Petro,
343 4675 404 4733 cap.
429 4655 479 4714 xii.
496 4659 523 4714 t.
567 4655 611 4712 Eo
632 4653 756 4732 pertinet
777 4653 863 4712 etiam
884 4652 1083 4728 ministerium,
1106 4651 1184 4730 quod
1205 4649 1340 4710 fidelibus
