<?xml version="1.0" encoding="UTF-8"?>
<!DOCTYPE html PUBLIC "-//W3C//DTD XHTML 1.0 Transitional//EN"
    "http://www.w3.org/TR/xhtml1/DTD/xhtml1-transitional.dtd">
<html xmlns="http://www.w3.org/1999/xhtml" xml:lang="en" lang="en">
 <head>
  <title>
</title>
<meta http-equiv="Content-Type" content="text/html;charset=utf-8" />
  <meta name='ocr-system' content='tesseract 3.04.00' />
  <meta name='ocr-capabilities' content='ocr_page ocr_carea ocr_par ocr_line ocrx_word'/>
</head>
<body>
  <div class='ocr_page' id='page_1' title='image "./francisciturret01pictgoog_0631.png"; bbox 0 0 3250 5176; ppageno 0'>
   <div class='ocr_carea' id='block_1_1' title="bbox 291 313 1570 407">
    <p class='ocr_par' dir='ltr' id='par_1_1' title="bbox 291 313 1570 407">
     <span class='ocr_line' id='line_1_1' title="bbox 291 313 1570 407; baseline -0.003 -13"><span class='ocrx_word' id='word_1_1' title='bbox 291 337 349 396; x_wconf 84' lang='grc'><strong>576</strong></span> <span class='ocrx_word' id='word_1_2' title='bbox 785 351 875 394; x_wconf 78' lang='lat' dir='ltr'><strong>cocus</strong></span> <span class='ocrx_word' id='word_1_3' title='bbox 889 349 993 391; x_wconf 76' lang='lat' dir='ltr'><strong>rosus.</strong></span> <span class='ocrx_word' id='word_1_4' title='bbox 1308 326 1434 407; x_wconf 76' lang='lat' dir='ltr'><strong>[coner.</strong></span> <span class='ocrx_word' id='word_1_5' title='bbox 1449 352 1490 390; x_wconf 71' lang='grc' dir='ltr'><strong>ιιι,</strong></span> <span class='ocrx_word' id='word_1_6' title='bbox 1569 313 1570 390; x_wconf 63' lang='lat' dir='ltr'><strong>l</strong></span> 
     </span>
    </p>
   </div>
   <div class='ocr_carea' id='block_1_2' title="bbox 197 486 1490 653">
    <p class='ocr_par' dir='ltr' id='par_1_2' title="bbox 197 486 1490 653">
     <span class='ocr_line' id='line_1_2' title="bbox 197 486 1489 573; baseline -0.005 -19"><span class='ocrx_word' id='word_1_7' title='bbox 197 545 201 554; x_wconf 91' lang='lat'>.</span> <span class='ocrx_word' id='word_1_8' title='bbox 288 495 356 572; x_wconf 90' lang='lat' dir='ltr'><strong>plus</strong></span> <span class='ocrx_word' id='word_1_9' title='bbox 370 494 483 556; x_wconf 83' lang='lat' dir='ltr'><strong>differre</strong></span> <span class='ocrx_word' id='word_1_10' title='bbox 498 517 516 554; x_wconf 91' lang='lat' dir='ltr'><strong>a</strong></span> <span class='ocrx_word' id='word_1_11' title='bbox 530 496 625 573; x_wconf 86' lang='lat' dir='ltr'><strong>seipso</strong></span> <span class='ocrx_word' id='word_1_12' title='bbox 638 499 704 553; x_wconf 89' lang='lat' dir='ltr'><strong>aute</strong></span> <span class='ocrx_word' id='word_1_13' title='bbox 717 493 840 571; x_wconf 83' lang='lat' dir='ltr'><strong>lapsam,</strong></span> <span class='ocrx_word' id='word_1_14' title='bbox 849 509 939 569; x_wconf 86' lang='lat' dir='ltr'><strong>quam</strong></span> <span class='ocrx_word' id='word_1_15' title='bbox 952 486 1124 566; x_wconf 86' lang='lat' dir='ltr'><strong>languidum</strong></span> <span class='ocrx_word' id='word_1_16' title='bbox 1138 507 1190 546; x_wconf 88' lang='lat' dir='ltr'><strong>seu</strong></span> <span class='ocrx_word' id='word_1_17' title='bbox 1203 493 1345 564; x_wconf 82' lang='lat' dir='ltr'><strong>aegrotum</strong></span> <span class='ocrx_word' id='word_1_18' title='bbox 1359 509 1377 546; x_wconf 88' lang='lat' dir='ltr'><strong>a</strong></span> <span class='ocrx_word' id='word_1_19' title='bbox 1387 501 1489 567; x_wconf 88' lang='lat' dir='ltr'><strong>vegeto</strong></span> 
     </span>
     <span class='ocr_line' id='line_1_3' title="bbox 288 566 1490 653; baseline -0.002 -23"><span class='ocrx_word' id='word_1_20' title='bbox 288 575 337 632; x_wconf 89' lang='lat' dir='ltr'><strong>vel</strong></span> <span class='ocrx_word' id='word_1_21' title='bbox 352 595 432 652; x_wconf 82' lang='lat' dir='ltr'><strong>aeno,</strong></span> <span class='ocrx_word' id='word_1_22' title='bbox 447 575 570 653; x_wconf 88' lang='lat' dir='ltr'><strong>ligatum</strong></span> <span class='ocrx_word' id='word_1_23' title='bbox 584 595 602 633; x_wconf 90' lang='lat' dir='ltr'><strong>a</strong></span> <span class='ocrx_word' id='word_1_24' title='bbox 615 575 718 642; x_wconf 90' lang='lat' dir='ltr'><strong>soluto,</strong></span> <span class='ocrx_word' id='word_1_25' title='bbox 733 580 766 631; x_wconf 89' lang='lat' dir='ltr'><strong>ut</strong></span> <span class='ocrx_word' id='word_1_26' title='bbox 779 592 814 631; x_wconf 91' lang='lat' dir='ltr'><strong>ea</strong></span> <span class='ocrx_word' id='word_1_27' title='bbox 827 571 938 630; x_wconf 89' lang='lat' dir='ltr'><strong>ratione</strong></span> <span class='ocrx_word' id='word_1_28' title='bbox 951 570 1076 629; x_wconf 91' lang='lat' dir='ltr'><strong>liberum</strong></span> <span class='ocrx_word' id='word_1_29' title='bbox 1089 568 1239 628; x_wconf 82' lang='lat' dir='ltr'><strong>arbitrium</strong></span> <span class='ocrx_word' id='word_1_30' title='bbox 1253 566 1291 625; x_wconf 89' lang='lat' dir='ltr'><strong>ed</strong></span> <span class='ocrx_word' id='word_1_31' title='bbox 1310 568 1419 628; x_wconf 91' lang='lat' dir='ltr'><strong>bonum</strong></span> <span class='ocrx_word' id='word_1_32' title='bbox 1432 579 1490 629; x_wconf 88' lang='lat' dir='ltr'><strong>sta·</strong></span> 
     </span>
    </p>
   </div>
   <div class='ocr_carea' id='block_1_3' title="bbox 273 647 1570 2715">
    <p class='ocr_par' dir='ltr' id='par_1_3' title="bbox 288 647 1490 968">
     <span class='ocr_line' id='line_1_4' title="bbox 288 647 1488 732; baseline -0.003 -21"><span class='ocrx_word' id='word_1_33' title='bbox 288 652 400 732; x_wconf 86' lang='lat' dir='ltr'><strong>biliant,</strong></span> <span class='ocrx_word' id='word_1_34' title='bbox 417 663 446 714; x_wconf 89' lang='lat' dir='ltr'><strong>et</strong></span> <span class='ocrx_word' id='word_1_35' title='bbox 459 675 518 713; x_wconf 94' lang='lat' dir='ltr'><strong>non</strong></span> <span class='ocrx_word' id='word_1_36' title='bbox 528 663 587 713; x_wconf 86' lang='lat' dir='ltr'><strong>tam</strong></span> <span class='ocrx_word' id='word_1_37' title='bbox 601 652 798 731; x_wconf 87' lang='lat' dir='ltr'><strong>impotentiam</strong></span> <span class='ocrx_word' id='word_1_38' title='bbox 811 651 843 708; x_wconf 91' lang='lat' dir='ltr'><strong>in</strong></span> <span class='ocrx_word' id='word_1_39' title='bbox 853 670 887 708; x_wconf 89' lang='lat' dir='ltr'><strong>co</strong></span> <span class='ocrx_word' id='word_1_40' title='bbox 902 669 975 725; x_wconf 89' lang='lat' dir='ltr'><strong>esse,</strong></span> <span class='ocrx_word' id='word_1_41' title='bbox 985 669 1073 726; x_wconf 91' lang='lat' dir='ltr'><strong>quam</strong></span> <span class='ocrx_word' id='word_1_42' title='bbox 1083 647 1281 708; x_wconf 86' lang='lat' dir='ltr'><strong>difficultatem</strong></span> <span class='ocrx_word' id='word_1_43' title='bbox 1291 648 1365 707; x_wconf 91' lang='lat' dir='ltr'><strong>bene</strong></span> <span class='ocrx_word' id='word_1_44' title='bbox 1375 650 1488 726; x_wconf 85' lang='lat' dir='ltr'><strong>agendi,</strong></span> 
     </span>
     <span class='ocr_line' id='line_1_5' title="bbox 548 727 1490 810; baseline -0.002 -20"><span class='ocrx_word' id='word_1_45' title='bbox 548 731 707 810; x_wconf 78' lang='lat' dir='ltr'><strong>prasertim</strong></span> <span class='ocrx_word' id='word_1_46' title='bbox 721 751 787 790; x_wconf 91' lang='lat' dir='ltr'><strong>cum</strong></span> <span class='ocrx_word' id='word_1_47' title='bbox 808 729 953 808; x_wconf 86' lang='lat' dir='ltr'><strong>justitiam</strong></span> <span class='ocrx_word' id='word_1_48' title='bbox 967 728 1137 805; x_wconf 77' lang='lat' dir='ltr'>originalem</span> <span class='ocrx_word' id='word_1_49' title='bbox 1158 727 1265 786; x_wconf 80' lang='lat' dir='ltr'><strong>faciam</strong></span> <span class='ocrx_word' id='word_1_50' title='bbox 1289 737 1490 804; x_wconf 86' lang='lat' dir='ltr'><strong>supernatura·</strong></span> 
     </span>
     <span class='ocr_line' id='line_1_6' title="bbox 288 795 1488 901; baseline -0.001 -32"><span class='ocrx_word' id='word_1_51' title='bbox 288 795 521 901; x_wconf 48' lang='lat' dir='ltr'><strong>Sfflfflssuss‘ffi*</strong></span> <span class='ocrx_word' id='word_1_52' title='bbox 545 813 612 870; x_wconf 89' lang='lat' dir='ltr'><strong>lem.</strong></span> <span class='ocrx_word' id='word_1_53' title='bbox 654 811 716 868; x_wconf 88' lang='lat' dir='ltr'><strong>Nos</strong></span> <span class='ocrx_word' id='word_1_54' title='bbox 726 830 797 870; x_wconf 85' lang='lat' dir='ltr'><strong>vero</strong></span> <span class='ocrx_word' id='word_1_55' title='bbox 811 810 869 868; x_wconf 89' lang='lat' dir='ltr'><strong>duo</strong></span> <span class='ocrx_word' id='word_1_56' title='bbox 883 809 932 867; x_wconf 88' lang='lat' dir='ltr'><strong>hic</strong></span> <span class='ocrx_word' id='word_1_57' title='bbox 944 808 1106 867; x_wconf 85' lang='lat' dir='ltr'><strong>necessario</strong></span> <span class='ocrx_word' id='word_1_58' title='bbox 1117 807 1227 866; x_wconf 90' lang='lat' dir='ltr'><strong>includi</strong></span> <span class='ocrx_word' id='word_1_59' title='bbox 1241 825 1410 885; x_wconf 83' lang='lat' dir='ltr'><strong>censemus;</strong></span> <span class='ocrx_word' id='word_1_60' title='bbox 1425 809 1488 868; x_wconf 92' lang='lat' dir='ltr'><strong>Pri·</strong></span> 
     </span>
     <span class='ocr_line' id='line_1_7' title="bbox 461 885 1489 968; baseline -0.002 -18"><span class='ocrx_word' id='word_1_61' title='bbox 461 890 467 903; x_wconf 92' lang='lat'>&#39;</span> <span class='ocrx_word' id='word_1_62' title='bbox 544 911 593 950; x_wconf 91' lang='lat' dir='ltr'><strong>mc</strong></span> <span class='ocrx_word' id='word_1_63' title='bbox 614 889 807 968; x_wconf 79' lang='lat' dir='ltr'><strong>privationem</strong></span> <span class='ocrx_word' id='word_1_64' title='bbox 826 888 949 967; x_wconf 86' lang='lat' dir='ltr'><strong>justitiae</strong></span> <span class='ocrx_word' id='word_1_65' title='bbox 971 887 1137 964; x_wconf 79' lang='lat' dir='ltr'><strong>originalis3</strong></span> <span class='ocrx_word' id='word_1_66' title='bbox 1161 885 1296 946; x_wconf 87' lang='lat' dir='ltr'><strong>Secundo</strong></span> <span class='ocrx_word' id='word_1_67' title='bbox 1317 886 1489 965; x_wconf 78' lang='lat' dir='ltr'><strong>positionem</strong></span> 
     </span>
    </p>

    <p class='ocr_par' dir='ltr' id='par_1_4' title="bbox 287 969 726 1047">
     <span class='ocr_line' id='line_1_8' title="bbox 287 969 726 1047; baseline 0 -19"><span class='ocrx_word' id='word_1_68' title='bbox 287 970 422 1028; x_wconf 89' lang='lat' dir='ltr'><strong>contrarii</strong></span> <span class='ocrx_word' id='word_1_69' title='bbox 434 969 552 1029; x_wconf 88' lang='lat' dir='ltr'><strong>habitus</strong></span> <span class='ocrx_word' id='word_1_70' title='bbox 565 970 726 1047; x_wconf 78' lang='lat' dir='ltr'><strong>injustitie.</strong></span> 
     </span>
    </p>

    <p class='ocr_par' dir='ltr' id='par_1_5' title="bbox 283 1043 1570 1523">
     <span class='ocr_line' id='line_1_9' title="bbox 326 1043 1570 1126; baseline 0 -20"><span class='ocrx_word' id='word_1_71' title='bbox 326 1049 416 1106; x_wconf 88' lang='lat' dir='ltr'>VIII.</span> <span class='ocrx_word' id='word_1_72' title='bbox 439 1049 579 1108; x_wconf 79' lang='lat' dir='ltr'><strong>Rationes</strong></span> <span class='ocrx_word' id='word_1_73' title='bbox 593 1057 669 1108; x_wconf 90' lang='lat' dir='ltr'><strong>sunt.</strong></span> <span class='ocrx_word' id='word_1_74' title='bbox 713 1053 740 1106; x_wconf 90' lang='grc'><strong>1.</strong></span> <span class='ocrx_word' id='word_1_75' title='bbox 756 1047 831 1122; x_wconf 88' lang='lat' dir='ltr'><strong>Quia</strong></span> <span class='ocrx_word' id='word_1_76' title='bbox 847 1046 995 1126; x_wconf 81' lang='lat' dir='ltr'><strong>Scriptura</strong></span> <span class='ocrx_word' id='word_1_77' title='bbox 1008 1047 1163 1106; x_wconf 87' lang='lat' dir='ltr'><strong>Peccatum</strong></span> <span class='ocrx_word' id='word_1_78' title='bbox 1177 1045 1256 1104; x_wconf 89' lang='lat' dir='ltr'><strong>istud</strong></span> <span class='ocrx_word' id='word_1_79' title='bbox 1276 1043 1415 1107; x_wconf 80' lang='lat' dir='ltr'><strong>describit</strong></span> <span class='ocrx_word' id='word_1_80' title='bbox 1429 1067 1486 1106; x_wconf 91' lang='lat' dir='ltr'><strong>non</strong></span> <span class='ocrx_word' id='word_1_81' title='bbox 1569 1119 1570 1124; x_wconf 7' lang='grc' dir='ltr'>ἵ</span> 
     </span>
     <span class='ocr_line' id='line_1_10' title="bbox 285 1125 1487 1208; baseline 0.001 -22"><span class='ocrx_word' id='word_1_82' title='bbox 285 1135 397 1188; x_wconf 89' lang='lat' dir='ltr'><strong>tantum</strong></span> <span class='ocrx_word' id='word_1_83' title='bbox 409 1132 552 1208; x_wconf 55' lang='lat' dir='ltr'><strong>meminis</strong></span> <span class='ocrx_word' id='word_1_84' title='bbox 566 1136 596 1187; x_wconf 89' lang='lat' dir='ltr'><strong>et</strong></span> <span class='ocrx_word' id='word_1_85' title='bbox 608 1148 660 1206; x_wconf 90' lang='lat' dir='ltr'><strong>per</strong></span> <span class='ocrx_word' id='word_1_86' title='bbox 673 1131 787 1186; x_wconf 83' lang='lat' dir='ltr'><strong>modam</strong></span> <span class='ocrx_word' id='word_1_87' title='bbox 800 1127 963 1202; x_wconf 70' lang='lat' dir='ltr'><strong>nepotiorus,</strong></span> <span class='ocrx_word' id='word_1_88' title='bbox 980 1127 1064 1184; x_wconf 89' lang='lat' dir='ltr'><strong>Rom.</strong></span> <span class='ocrx_word' id='word_1_89' title='bbox 1079 1126 1120 1184; x_wconf 92' lang='lat' dir='ltr'><strong>iii.</strong></span> <span class='ocrx_word' id='word_1_90' title='bbox 1135 1127 1183 1200; x_wconf 83' lang='lat'><strong>23,</strong></span> <span class='ocrx_word' id='word_1_91' title='bbox 1199 1133 1229 1184; x_wconf 90' lang='lat' dir='ltr'><strong>et</strong></span> <span class='ocrx_word' id='word_1_92' title='bbox 1241 1125 1292 1182; x_wconf 94' lang='lat' dir='ltr'><strong>vii.</strong></span> <span class='ocrx_word' id='word_1_93' title='bbox 1307 1128 1365 1200; x_wconf 84' lang='lat'><strong>¹18;</strong></span> <span class='ocrx_word' id='word_1_94' title='bbox 1389 1129 1405 1184; x_wconf 96' lang='grc'>1</span> <span class='ocrx_word' id='word_1_95' title='bbox 1422 1127 1487 1188; x_wconf 87' lang='lat' dir='ltr'><strong>Cor.</strong></span> 
     </span>
     <span class='ocr_line' id='line_1_11' title="bbox 284 1206 1486 1285; baseline 0.002 -21"><span class='ocrx_word' id='word_1_96' title='bbox 284 1207 313 1265; x_wconf 93' lang='lat' dir='ltr'><strong>ii.</strong></span> <span class='ocrx_word' id='word_1_97' title='bbox 332 1210 386 1283; x_wconf 77' lang='lat'><strong>14;</strong></span> <span class='ocrx_word' id='word_1_98' title='bbox 403 1209 478 1284; x_wconf 89' lang='lat' dir='ltr'><strong>Eph.</strong></span> <span class='ocrx_word' id='word_1_99' title='bbox 493 1210 533 1267; x_wconf 87' lang='lat' dir='ltr'><strong>iv.</strong></span> <span class='ocrx_word' id='word_1_100' title='bbox 551 1210 607 1285; x_wconf 79' lang='lat'><strong>183</strong></span> <span class='ocrx_word' id='word_1_101' title='bbox 632 1207 691 1266; x_wconf 87' lang='lat' dir='ltr'><strong>Sed</strong></span> <span class='ocrx_word' id='word_1_102' title='bbox 704 1208 791 1266; x_wconf 90' lang='lat' dir='ltr'><strong>etiam</strong></span> <span class='ocrx_word' id='word_1_103' title='bbox 803 1209 915 1282; x_wconf 62' lang='grc' dir='ltr'><strong>θπικός,</strong></span> <span class='ocrx_word' id='word_1_104' title='bbox 931 1215 960 1264; x_wconf 93' lang='lat' dir='ltr'><strong>et</strong></span> <span class='ocrx_word' id='word_1_105' title='bbox 973 1225 1024 1284; x_wconf 89' lang='lat' dir='ltr'><strong>per</strong></span> <span class='ocrx_word' id='word_1_106' title='bbox 1037 1207 1151 1264; x_wconf 81' lang='lat' dir='ltr'><strong>modum</strong></span> <span class='ocrx_word' id='word_1_107' title='bbox 1170 1206 1375 1280; x_wconf 61' lang='lat' dir='ltr'><strong>affirmationes,</strong></span> <span class='ocrx_word' id='word_1_108' title='bbox 1396 1225 1486 1282; x_wconf 87' lang='lat' dir='ltr'><strong>quum</strong></span> 
     </span>
     <span class='ocr_line' id='line_1_12' title="bbox 283 1285 1570 1364; baseline -0.002 -21"><span class='ocrx_word' id='word_1_109' title='bbox 283 1286 358 1344; x_wconf 90' lang='lat' dir='ltr'><strong>illud</strong></span> <span class='ocrx_word' id='word_1_110' title='bbox 371 1296 457 1346; x_wconf 87' lang='lat' dir='ltr'><strong>vocat</strong></span> <span class='ocrx_word' id='word_1_111' title='bbox 472 1290 622 1362; x_wconf 69' lang='lat' dir='ltr'><strong>“carnem</strong></span> <span class='ocrx_word' id='word_1_112' title='bbox 638 1287 908 1364; x_wconf 77' lang='lat' dir='ltr'><strong>concupiscentiam,</strong></span> <span class='ocrx_word' id='word_1_113' title='bbox 924 1285 1033 1362; x_wconf 83' lang='lat' dir='ltr'><strong>Legem</strong></span> <span class='ocrx_word' id='word_1_114' title='bbox 1054 1285 1256 1361; x_wconf 89' lang='lat' dir='ltr'><strong>membrorum,</strong></span> <span class='ocrx_word' id='word_1_115' title='bbox 1271 1294 1423 1360; x_wconf 88' lang='lat' dir='ltr'><strong>peccatum</strong></span> <span class='ocrx_word' id='word_1_116' title='bbox 1442 1287 1485 1344; x_wconf 93' lang='lat' dir='ltr'><strong>in-</strong></span> <span class='ocrx_word' id='word_1_117' title='bbox 1569 1323 1570 1340; x_wconf 52' lang='grc' dir='ltr'>ι</span> 
     </span>
     <span class='ocr_line' id='line_1_13' title="bbox 283 1361 1570 1444; baseline 0.002 -22"><span class='ocrx_word' id='word_1_118' title='bbox 283 1366 427 1441; x_wconf 90' lang='lat' dir='ltr'><strong>habitans,</strong></span> <span class='ocrx_word' id='word_1_119' title='bbox 442 1385 548 1444; x_wconf 90' lang='lat' dir='ltr'><strong>corpus</strong></span> <span class='ocrx_word' id='word_1_120' title='bbox 567 1367 676 1441; x_wconf 88' lang='lat' dir='ltr'><strong>mortis,</strong></span> <span class='ocrx_word' id='word_1_121' title='bbox 691 1375 819 1425; x_wconf 91' lang='lat' dir='ltr'><strong>veterem</strong></span> <span class='ocrx_word' id='word_1_122' title='bbox 832 1365 1008 1442; x_wconf 82' lang='lat' dir='ltr'><strong>hominem,&#39;&#39;</strong></span> <span class='ocrx_word' id='word_1_123' title='bbox 1024 1361 1079 1424; x_wconf 80' lang='lat' dir='ltr'><strong>&amp;a</strong></span> <span class='ocrx_word' id='word_1_124' title='bbox 1093 1364 1116 1425; x_wconf 88' lang='lat' dir='ltr'>J</span> <span class='ocrx_word' id='word_1_125' title='bbox 1117 1384 1143 1424; x_wconf 88' lang='lat' dir='ltr'><strong>o.</strong></span> <span class='ocrx_word' id='word_1_126' title='bbox 1164 1364 1206 1422; x_wconf 92' lang='lat' dir='ltr'><strong>iii.</strong></span> <span class='ocrx_word' id='word_1_127' title='bbox 1221 1367 1258 1441; x_wconf 78' lang='lat'><strong>63</strong></span> <span class='ocrx_word' id='word_1_128' title='bbox 1280 1363 1357 1423; x_wconf 86' lang='lat' dir='ltr'><strong>Rom</strong></span> <span class='ocrx_word' id='word_1_129' title='bbox 1370 1365 1421 1424; x_wconf 90' lang='lat' dir='ltr'><strong>vii.</strong></span> <span class='ocrx_word' id='word_1_130' title='bbox 1438 1369 1484 1444; x_wconf 82' lang='lat'><strong>18,</strong></span> <span class='ocrx_word' id='word_1_131' title='bbox 1569 1421 1570 1424; x_wconf 74' lang='grc'>,</span> 
     </span>
     <span class='ocr_line' id='line_1_14' title="bbox 286 1447 1570 1523; baseline 0.007 -20"><span class='ocrx_word' id='word_1_132' title='bbox 286 1447 333 1520; x_wconf 83' lang='grc'><strong>20,</strong></span> <span class='ocrx_word' id='word_1_133' title='bbox 350 1449 398 1522; x_wconf 88' lang='lat'><strong>23,</strong></span> <span class='ocrx_word' id='word_1_134' title='bbox 414 1449 471 1522; x_wconf 84' lang='lat'><strong>24;</strong></span> <span class='ocrx_word' id='word_1_135' title='bbox 488 1447 563 1523; x_wconf 87' lang='lat' dir='ltr'><strong>Eph.</strong></span> <span class='ocrx_word' id='word_1_136' title='bbox 578 1447 618 1504; x_wconf 81' lang='lat' dir='ltr'><strong>lv.</strong></span> <span class='ocrx_word' id='word_1_137' title='bbox 633 1450 681 1504; x_wconf 88' lang='lat'><strong>22.</strong></span> <span class='ocrx_word' id='word_1_138' title='bbox 1569 1509 1570 1512; x_wconf 74' lang='grc'>,</span> 
     </span>
    </p>

    <p class='ocr_par' dir='ltr' id='par_1_6' title="bbox 282 1521 1570 1761">
     <span class='ocr_line' id='line_1_15' title="bbox 325 1521 1485 1602; baseline 0.003 -21"><span class='ocrx_word' id='word_1_139' title='bbox 325 1524 384 1584; x_wconf 85' lang='grc' dir='ltr'><strong>ΙΧ.</strong></span> <span class='ocrx_word' id='word_1_140' title='bbox 407 1529 435 1584; x_wconf 92' lang='lat'><strong>2.</strong></span> <span class='ocrx_word' id='word_1_141' title='bbox 452 1525 527 1601; x_wconf 75' lang='lat' dir='ltr'><strong>eria</strong></span> <span class='ocrx_word' id='word_1_142' title='bbox 540 1533 606 1585; x_wconf 88' lang='lat' dir='ltr'><strong>actu</strong></span> <span class='ocrx_word' id='word_1_143' title='bbox 619 1535 649 1585; x_wconf 90' lang='lat' dir='ltr'><strong>ot</strong></span> <span class='ocrx_word' id='word_1_144' title='bbox 663 1525 823 1602; x_wconf 89' lang='lat' dir='ltr'><strong>subjective</strong></span> <span class='ocrx_word' id='word_1_145' title='bbox 837 1524 958 1584; x_wconf 80' lang='lat' dir='ltr'><strong>inhaeret</strong></span> <span class='ocrx_word' id='word_1_146' title='bbox 970 1523 1089 1599; x_wconf 90' lang='lat' dir='ltr'><strong>homini,</strong></span> <span class='ocrx_word' id='word_1_147' title='bbox 1105 1532 1134 1583; x_wconf 90' lang='lat' dir='ltr'><strong>et</strong></span> <span class='ocrx_word' id='word_1_148' title='bbox 1146 1542 1238 1601; x_wconf 91' lang='lat' dir='ltr'><strong>prava</strong></span> <span class='ocrx_word' id='word_1_149' title='bbox 1251 1521 1396 1583; x_wconf 88' lang='lat' dir='ltr'><strong>desideria</strong></span> <span class='ocrx_word' id='word_1_150' title='bbox 1410 1525 1440 1582; x_wconf 92' lang='lat' dir='ltr'><strong>in</strong></span> <span class='ocrx_word' id='word_1_151' title='bbox 1450 1545 1485 1585; x_wconf 92' lang='lat' dir='ltr'><strong>eo</strong></span> 
     </span>
     <span class='ocr_line' id='line_1_16' title="bbox 283 1603 1570 1682; baseline 0.002 -20"><span class='ocrx_word' id='word_1_152' title='bbox 283 1605 420 1663; x_wconf 85' lang='lat' dir='ltr'><strong>continuo</strong></span> <span class='ocrx_word' id='word_1_153' title='bbox 434 1605 550 1680; x_wconf 86' lang='lat' dir='ltr'><strong>excitat,</strong></span> <span class='ocrx_word' id='word_1_154' title='bbox 566 1613 595 1664; x_wconf 88' lang='lat' dir='ltr'><strong>et</strong></span> <span class='ocrx_word' id='word_1_155' title='bbox 609 1606 703 1681; x_wconf 88' lang='lat' dir='ltr'><strong>reipsa</strong></span> <span class='ocrx_word' id='word_1_156' title='bbox 716 1625 768 1682; x_wconf 89' lang='lat' dir='ltr'><strong>per</strong></span> <span class='ocrx_word' id='word_1_157' title='bbox 781 1605 996 1681; x_wconf 83' lang='lat' dir='ltr'><strong>generationem</strong></span> <span class='ocrx_word' id='word_1_158' title='bbox 1012 1604 1116 1664; x_wconf 80' lang='lat' dir='ltr'><strong>transit</strong></span> <span class='ocrx_word' id='word_1_159' title='bbox 1135 1603 1173 1662; x_wconf 87' lang='lat' dir='ltr'><strong>ad</strong></span> <span class='ocrx_word' id='word_1_160' title='bbox 1192 1610 1333 1681; x_wconf 89' lang='lat' dir='ltr'><strong>posteros,</strong></span> <span class='ocrx_word' id='word_1_161' title='bbox 1348 1603 1429 1681; x_wconf 90' lang='lat' dir='ltr'><strong>quod</strong></span> <span class='ocrx_word' id='word_1_162' title='bbox 1448 1606 1485 1665; x_wconf 91' lang='lat' dir='ltr'><strong>de</strong></span> <span class='ocrx_word' id='word_1_163' title='bbox 1569 1619 1570 1624; x_wconf 76' lang='grc'>’</span> 
     </span>
     <span class='ocr_line' id='line_1_17' title="bbox 282 1683 1570 1761; baseline 0.003 -20"><span class='ocrx_word' id='word_1_164' title='bbox 282 1703 361 1742; x_wconf 91' lang='lat' dir='ltr'><strong>mera</strong></span> <span class='ocrx_word' id='word_1_165' title='bbox 374 1685 501 1744; x_wconf 87' lang='lat' dir='ltr'><strong>carentia</strong></span> <span class='ocrx_word' id='word_1_166' title='bbox 514 1684 563 1743; x_wconf 90' lang='lat' dir='ltr'><strong>vel</strong></span> <span class='ocrx_word' id='word_1_167' title='bbox 576 1685 737 1761; x_wconf 90' lang='lat' dir='ltr'><strong>privatione</strong></span> <span class='ocrx_word' id='word_1_168' title='bbox 752 1683 810 1742; x_wconf 89' lang='lat' dir='ltr'><strong>dici</strong></span> <span class='ocrx_word' id='word_1_169' title='bbox 823 1685 932 1761; x_wconf 89' lang='lat' dir='ltr'><strong>nequit.</strong></span> <span class='ocrx_word' id='word_1_170' title='bbox 1569 1751 1570 1760; x_wconf 10' lang='grc' dir='ltr'>χ</span> 
     </span>
    </p>

    <p class='ocr_par' dir='ltr' id='par_1_7' title="bbox 273 1761 1570 2715">
     <span class='ocr_line' id='line_1_18' title="bbox 321 1761 1570 1841; baseline 0.004 -22"><span class='ocrx_word' id='word_1_171' title='bbox 321 1762 364 1820; x_wconf 91' lang='lat' dir='ltr'><strong>X.</strong></span> <span class='ocrx_word' id='word_1_172' title='bbox 387 1766 414 1822; x_wconf 89' lang='lat'><strong>3.</strong></span> <span class='ocrx_word' id='word_1_173' title='bbox 431 1763 506 1837; x_wconf 84' lang='lat' dir='ltr'><strong>Quia</strong></span> <span class='ocrx_word' id='word_1_174' title='bbox 528 1763 658 1822; x_wconf 89' lang='lat' dir='ltr'><strong>homines</strong></span> <span class='ocrx_word' id='word_1_175' title='bbox 678 1783 737 1822; x_wconf 89' lang='lat' dir='ltr'><strong>non</strong></span> <span class='ocrx_word' id='word_1_176' title='bbox 757 1771 869 1822; x_wconf 86' lang='lat' dir='ltr'><strong>tantum</strong></span> <span class='ocrx_word' id='word_1_177' title='bbox 891 1771 958 1822; x_wconf 89' lang='lat' dir='ltr'><strong>sunt</strong></span> <span class='ocrx_word' id='word_1_178' title='bbox 975 1762 1090 1841; x_wconf 88' lang='lat' dir='ltr'><strong>justitia</strong></span> <span class='ocrx_word' id='word_1_179' title='bbox 1110 1762 1203 1838; x_wconf 86' lang='lat' dir='ltr'><strong>vacui,</strong></span> <span class='ocrx_word' id='word_1_180' title='bbox 1219 1762 1271 1820; x_wconf 88' lang='lat' dir='ltr'><strong>sed</strong></span> <span class='ocrx_word' id='word_1_181' title='bbox 1291 1770 1321 1821; x_wconf 91' lang='lat' dir='ltr'><strong>et</strong></span> <span class='ocrx_word' id='word_1_182' title='bbox 1339 1761 1485 1839; x_wconf 87' lang='lat' dir='ltr'><strong>injustitia</strong></span> <span class='ocrx_word' id='word_1_183' title='bbox 1569 1769 1570 1806; x_wconf 61' lang='lat' dir='ltr'><strong>l</strong></span> 
     </span>
     <span class='ocr_line' id='line_1_19' title="bbox 279 1841 1483 1920; baseline 0.002 -21"><span class='ocrx_word' id='word_1_184' title='bbox 279 1841 367 1920; x_wconf 90' lang='lat' dir='ltr'><strong>pleni,</strong></span> <span class='ocrx_word' id='word_1_185' title='bbox 381 1842 473 1920; x_wconf 86' lang='lat' dir='ltr'><strong>inepti</strong></span> <span class='ocrx_word' id='word_1_186' title='bbox 486 1841 524 1900; x_wconf 89' lang='lat' dir='ltr'><strong>ad</strong></span> <span class='ocrx_word' id='word_1_187' title='bbox 536 1843 654 1919; x_wconf 87' lang='lat' dir='ltr'><strong>bonum,</strong></span> <span class='ocrx_word' id='word_1_188' title='bbox 670 1842 722 1902; x_wconf 90' lang='lat' dir='ltr'><strong>sed</strong></span> <span class='ocrx_word' id='word_1_189' title='bbox 736 1851 765 1901; x_wconf 90' lang='lat' dir='ltr'><strong>et</strong></span> <span class='ocrx_word' id='word_1_190' title='bbox 777 1844 913 1920; x_wconf 78' lang='lat' dir='ltr'><strong>propensi</strong></span> <span class='ocrx_word' id='word_1_191' title='bbox 921 1843 959 1902; x_wconf 90' lang='lat' dir='ltr'><strong>ad</strong></span> <span class='ocrx_word' id='word_1_192' title='bbox 972 1843 1088 1918; x_wconf 84' lang='lat' dir='ltr'><strong>malum,</strong></span> <span class='ocrx_word' id='word_1_193' title='bbox 1104 1843 1200 1901; x_wconf 88' lang='lat' dir='ltr'><strong>aversi</strong></span> <span class='ocrx_word' id='word_1_194' title='bbox 1213 1862 1231 1901; x_wconf 89' lang='lat' dir='ltr'><strong>a</strong></span> <span class='ocrx_word' id='word_1_195' title='bbox 1242 1842 1314 1920; x_wconf 89' lang='lat' dir='ltr'><strong>Deo,</strong></span> <span class='ocrx_word' id='word_1_196' title='bbox 1325 1851 1359 1902; x_wconf 89' lang='lat' dir='ltr'><strong>ut</strong></span> <span class='ocrx_word' id='word_1_197' title='bbox 1373 1843 1483 1902; x_wconf 92' lang='lat' dir='ltr'><strong>incom-</strong></span> 
     </span>
     <span class='ocr_line' id='line_1_20' title="bbox 280 1921 1485 1998; baseline 0.003 -19"><span class='ocrx_word' id='word_1_198' title='bbox 280 1922 413 1980; x_wconf 83' lang='lat' dir='ltr'><strong>mutabili</strong></span> <span class='ocrx_word' id='word_1_199' title='bbox 427 1930 456 1981; x_wconf 90' lang='lat' dir='ltr'><strong>et</strong></span> <span class='ocrx_word' id='word_1_200' title='bbox 476 1931 583 1981; x_wconf 87' lang='lat' dir='ltr'><strong>eetemo</strong></span> <span class='ocrx_word' id='word_1_201' title='bbox 606 1923 691 1998; x_wconf 92' lang='lat' dir='ltr'><strong>bono,</strong></span> <span class='ocrx_word' id='word_1_202' title='bbox 715 1921 768 1981; x_wconf 91' lang='lat' dir='ltr'><strong>sed</strong></span> <span class='ocrx_word' id='word_1_203' title='bbox 782 1930 811 1981; x_wconf 89' lang='lat' dir='ltr'><strong>et</strong></span> <span class='ocrx_word' id='word_1_204' title='bbox 825 1923 958 1982; x_wconf 89' lang='lat' dir='ltr'><strong>conversi</strong></span> <span class='ocrx_word' id='word_1_205' title='bbox 972 1923 1010 1981; x_wconf 89' lang='lat' dir='ltr'><strong>ad</strong></span> <span class='ocrx_word' id='word_1_206' title='bbox 1024 1930 1176 1998; x_wconf 88' lang='lat' dir='ltr'><strong>creaturas,</strong></span> <span class='ocrx_word' id='word_1_207' title='bbox 1192 1929 1222 1981; x_wconf 88' lang='lat' dir='ltr'><strong>et</strong></span> <span class='ocrx_word' id='word_1_208' title='bbox 1243 1921 1281 1980; x_wconf 90' lang='lat' dir='ltr'><strong>ad</strong></span> <span class='ocrx_word' id='word_1_209' title='bbox 1299 1923 1397 1981; x_wconf 86' lang='lat' dir='ltr'><strong>omnia</strong></span> <span class='ocrx_word' id='word_1_210' title='bbox 1410 1923 1485 1983; x_wconf 85' lang='lat' dir='ltr'><strong>vitia</strong></span> 
     </span>
     <span class='ocr_line' id='line_1_21' title="bbox 277 2001 1483 2080; baseline 0.002 -21"><span class='ocrx_word' id='word_1_211' title='bbox 277 2001 417 2062; x_wconf 87' lang='lat' dir='ltr'><strong>inclinati.</strong></span> <span class='ocrx_word' id='word_1_212' title='bbox 460 2002 502 2062; x_wconf 90' lang='lat' dir='ltr'><strong>Ut</strong></span> <span class='ocrx_word' id='word_1_213' title='bbox 515 2002 633 2062; x_wconf 82' lang='lat' dir='ltr'><strong>morbus</strong></span> <span class='ocrx_word' id='word_1_214' title='bbox 647 2009 676 2062; x_wconf 90' lang='lat' dir='ltr'><strong>et</strong></span> <span class='ocrx_word' id='word_1_215' title='bbox 689 2021 779 2080; x_wconf 88' lang='lat' dir='ltr'><strong>prava</strong></span> <span class='ocrx_word' id='word_1_216' title='bbox 792 2003 919 2080; x_wconf 89' lang='lat' dir='ltr'><strong>corporis</strong></span> <span class='ocrx_word' id='word_1_217' title='bbox 932 2001 1083 2080; x_wconf 85' lang='lat' dir='ltr'><strong>dispositio</strong></span> <span class='ocrx_word' id='word_1_218' title='bbox 1097 2020 1161 2078; x_wconf 85' lang='lat' dir='ltr'><strong>quae</strong></span> <span class='ocrx_word' id='word_1_219' title='bbox 1175 2001 1303 2060; x_wconf 89' lang='lat' dir='ltr'><strong>dolorem</strong></span> <span class='ocrx_word' id='word_1_220' title='bbox 1323 2002 1407 2079; x_wconf 86' lang='lat' dir='ltr'><strong>parit,</strong></span> <span class='ocrx_word' id='word_1_221' title='bbox 1423 2023 1483 2061; x_wconf 94' lang='lat' dir='ltr'><strong>non</strong></span> 
     </span>
     <span class='ocr_line' id='line_1_22' title="bbox 278 2080 1482 2160; baseline 0.002 -22"><span class='ocrx_word' id='word_1_222' title='bbox 278 2080 349 2140; x_wconf 92' lang='lat' dir='ltr'><strong>dicit</strong></span> <span class='ocrx_word' id='word_1_223' title='bbox 363 2101 471 2140; x_wconf 87' lang='lat' dir='ltr'><strong>meram</strong></span> <span class='ocrx_word' id='word_1_224' title='bbox 484 2081 675 2160; x_wconf 87' lang='lat' dir='ltr'><strong>privationem</strong></span> <span class='ocrx_word' id='word_1_225' title='bbox 689 2082 829 2158; x_wconf 89' lang='lat' dir='ltr'><strong>sanitatis,</strong></span> <span class='ocrx_word' id='word_1_226' title='bbox 855 2081 906 2140; x_wconf 88' lang='lat' dir='ltr'><strong>sed</strong></span> <span class='ocrx_word' id='word_1_227' title='bbox 931 2084 1018 2142; x_wconf 91' lang='lat' dir='ltr'><strong>etiam</strong></span> <span class='ocrx_word' id='word_1_228' title='bbox 1041 2081 1259 2158; x_wconf 83' lang='lat' dir='ltr'><strong>temperamenti</strong></span> <span class='ocrx_word' id='word_1_229' title='bbox 1277 2088 1306 2140; x_wconf 92' lang='lat' dir='ltr'><strong>et</strong></span> <span class='ocrx_word' id='word_1_230' title='bbox 1327 2082 1482 2141; x_wconf 89' lang='lat' dir='ltr'><strong>humorum</strong></span> 
     </span>
     <span class='ocr_line' id='line_1_23' title="bbox 277 2155 1482 2242; baseline 0.003 -24"><span class='ocrx_word' id='word_1_231' title='bbox 277 2155 436 2242; x_wconf 51' lang='lat' dir='ltr'><strong>&gt;ememtes</strong></span> <span class='ocrx_word' id='word_1_232' title='bbox 452 2170 485 2221; x_wconf 88' lang='lat' dir='ltr'><strong>ut</strong></span> <span class='ocrx_word' id='word_1_233' title='bbox 498 2162 578 2239; x_wconf 89' lang='lat' dir='ltr'><strong>lepra</strong></span> <span class='ocrx_word' id='word_1_234' title='bbox 591 2181 649 2220; x_wconf 91' lang='lat' dir='ltr'><strong>non</strong></span> <span class='ocrx_word' id='word_1_235' title='bbox 663 2170 776 2221; x_wconf 89' lang='lat' dir='ltr'><strong>tantum</strong></span> <span class='ocrx_word' id='word_1_236' title='bbox 797 2170 841 2221; x_wconf 89' lang='lat' dir='ltr'><strong>est</strong></span> <span class='ocrx_word' id='word_1_237' title='bbox 860 2162 984 2240; x_wconf 87' lang='lat' dir='ltr'><strong>privatio</strong></span> <span class='ocrx_word' id='word_1_238' title='bbox 997 2162 1063 2239; x_wconf 87' lang='lat' dir='ltr'><strong>puri</strong></span> <span class='ocrx_word' id='word_1_239' title='bbox 1077 2161 1234 2238; x_wconf 85' lang='lat' dir='ltr'><strong>sanguinis,</strong></span> <span class='ocrx_word' id='word_1_240' title='bbox 1250 2160 1402 2220; x_wconf 89' lang='lat' dir='ltr'><strong>sedetiam</strong></span> <span class='ocrx_word' id='word_1_241' title='bbox 1417 2163 1482 2239; x_wconf 90' lang='lat' dir='ltr'><strong>ejus</strong></span> 
     </span>
     <span class='ocr_line' id='line_1_24' title="bbox 277 2239 1570 2319; baseline 0.001 -20"><span class='ocrx_word' id='word_1_242' title='bbox 277 2242 423 2317; x_wconf 89' lang='lat' dir='ltr'><strong>corruptio</strong></span> <span class='ocrx_word' id='word_1_243' title='bbox 434 2264 442 2318; x_wconf 88' lang='lat'>;</span> <span class='ocrx_word' id='word_1_244' title='bbox 466 2241 513 2299; x_wconf 90' lang='lat' dir='ltr'><strong>Ita</strong></span> <span class='ocrx_word' id='word_1_245' title='bbox 526 2250 676 2318; x_wconf 90' lang='lat' dir='ltr'><strong>peccatum</strong></span> <span class='ocrx_word' id='word_1_246' title='bbox 690 2241 768 2318; x_wconf 92' lang='lat' dir='ltr'><strong>quod</strong></span> <span class='ocrx_word' id='word_1_247' title='bbox 782 2261 848 2300; x_wconf 83' lang='lat' dir='ltr'><strong>curn</strong></span> <span class='ocrx_word' id='word_1_248' title='bbox 861 2241 962 2300; x_wconf 91' lang='lat' dir='ltr'><strong>morbo</strong></span> <span class='ocrx_word' id='word_1_249' title='bbox 977 2239 1122 2300; x_wconf 82' lang='lat' dir='ltr'><strong>confertur</strong></span> <span class='ocrx_word' id='word_1_250' title='bbox 1144 2259 1203 2298; x_wconf 91' lang='lat' dir='ltr'><strong>non</strong></span> <span class='ocrx_word' id='word_1_251' title='bbox 1224 2248 1268 2300; x_wconf 87' lang='lat' dir='ltr'><strong>est</strong></span> <span class='ocrx_word' id='word_1_252' title='bbox 1287 2248 1401 2300; x_wconf 76' lang='lat' dir='ltr'><strong>ancum</strong></span> <span class='ocrx_word' id='word_1_253' title='bbox 1420 2243 1481 2319; x_wconf 89' lang='lat' dir='ltr'><strong>pri-</strong></span> <span class='ocrx_word' id='word_1_254' title='bbox 1569 2271 1570 2316; x_wconf 72' lang='lat'>1</span> 
     </span>
     <span class='ocr_line' id='line_1_25' title="bbox 276 2320 1570 2404; baseline 0.003 -27"><span class='ocrx_word' id='word_1_255' title='bbox 276 2321 356 2380; x_wconf 87' lang='lat' dir='ltr'><strong>vatio</strong></span> <span class='ocrx_word' id='word_1_256' title='bbox 370 2321 559 2397; x_wconf 80' lang='lat' dir='ltr'><strong>rectitudinis,</strong></span> <span class='ocrx_word' id='word_1_257' title='bbox 573 2321 724 2380; x_wconf 88' lang='lat' dir='ltr'><strong>sedetiam</strong></span> <span class='ocrx_word' id='word_1_258' title='bbox 738 2320 864 2396; x_wconf 87' lang='lat' dir='ltr'><strong>positiva</strong></span> <span class='ocrx_word' id='word_1_259' title='bbox 878 2321 1103 2404; x_wconf 67' lang='lat' dir='ltr'><strong>corruptioque</strong></span> <span class='ocrx_word' id='word_1_260' title='bbox 1117 2320 1309 2380; x_wconf 89' lang='lat' dir='ltr'><strong>universalem</strong></span> <span class='ocrx_word' id='word_1_261' title='bbox 1324 2329 1434 2380; x_wconf 75' lang='lat' dir='ltr'><strong>naturae</strong></span> <span class='ocrx_word' id='word_1_262' title='bbox 1448 2333 1480 2382; x_wconf 91' lang='lat' dir='ltr'><strong>et</strong></span> <span class='ocrx_word' id='word_1_263' title='bbox 1569 2333 1570 2358; x_wconf 79' lang='lat'>³</span> 
     </span>
     <span class='ocr_line' id='line_1_26' title="bbox 277 2399 1480 2478; baseline 0.003 -22"><span class='ocrx_word' id='word_1_264' title='bbox 277 2401 404 2458; x_wconf 91' lang='lat' dir='ltr'><strong>omnium</strong></span> <span class='ocrx_word' id='word_1_265' title='bbox 425 2401 488 2477; x_wconf 90' lang='lat' dir='ltr'><strong>ejus</strong></span> <span class='ocrx_word' id='word_1_266' title='bbox 508 2400 677 2460; x_wconf 86' lang='lat' dir='ltr'><strong>facultatum</strong></span> <span class='ocrx_word' id='word_1_267' title='bbox 699 2401 803 2471; x_wconf 71' lang='grc' dir='ltr'><strong>ἀτιξὰιι</strong></span> <span class='ocrx_word' id='word_1_268' title='bbox 823 2400 942 2475; x_wconf 76' lang='lat' dir='ltr'><strong>invehit,</strong></span> <span class='ocrx_word' id='word_1_269' title='bbox 959 2408 988 2460; x_wconf 94' lang='lat' dir='ltr'><strong>et</strong></span> <span class='ocrx_word' id='word_1_270' title='bbox 1007 2420 1059 2478; x_wconf 90' lang='lat' dir='ltr'><strong>per</strong></span> <span class='ocrx_word' id='word_1_271' title='bbox 1080 2400 1240 2474; x_wconf 87' lang='lat' dir='ltr'><strong>stultitiam,</strong></span> <span class='ocrx_word' id='word_1_272' title='bbox 1260 2399 1422 2459; x_wconf 89' lang='lat' dir='ltr'><strong>coecitatem</strong></span> <span class='ocrx_word' id='word_1_273' title='bbox 1443 2421 1480 2460; x_wconf 86' lang='lat' dir='ltr'><strong>ac</strong></span> 
     </span>
     <span class='ocr_line' id='line_1_27' title="bbox 275 2477 1570 2554; baseline 0.004 -19"><span class='ocrx_word' id='word_1_274' title='bbox 275 2477 468 2554; x_wconf 85' lang='lat' dir='ltr'><strong>ignorantiam</strong></span> <span class='ocrx_word' id='word_1_275' title='bbox 482 2480 512 2537; x_wconf 92' lang='lat' dir='ltr'><strong>in</strong></span> <span class='ocrx_word' id='word_1_276' title='bbox 526 2487 630 2554; x_wconf 90' lang='lat' dir='ltr'><strong>mente,</strong></span> <span class='ocrx_word' id='word_1_277' title='bbox 645 2479 785 2538; x_wconf 90' lang='lat' dir='ltr'><strong>malitiam</strong></span> <span class='ocrx_word' id='word_1_278' title='bbox 799 2485 828 2538; x_wconf 90' lang='lat' dir='ltr'><strong>et</strong></span> <span class='ocrx_word' id='word_1_279' title='bbox 842 2480 1052 2538; x_wconf 88' lang='lat' dir='ltr'><strong>contumaciam</strong></span> <span class='ocrx_word' id='word_1_280' title='bbox 1066 2499 1117 2539; x_wconf 90' lang='lat' dir='ltr'><strong>seu</strong></span> <span class='ocrx_word' id='word_1_281' title='bbox 1130 2479 1317 2538; x_wconf 88' lang='lat' dir='ltr'><strong>rebellionem</strong></span> <span class='ocrx_word' id='word_1_282' title='bbox 1327 2481 1358 2537; x_wconf 92' lang='lat' dir='ltr'><strong>in</strong></span> <span class='ocrx_word' id='word_1_283' title='bbox 1371 2480 1478 2540; x_wconf 91' lang='lat' dir='ltr'><strong>volun·</strong></span> <span class='ocrx_word' id='word_1_284' title='bbox 1569 2490 1570 2522; x_wconf 51' lang='lat' dir='ltr'>f</span> 
     </span>
     <span class='ocr_line' id='line_1_28' title="bbox 273 2557 1570 2638; baseline 0.004 -23"><span class='ocrx_word' id='word_1_285' title='bbox 273 2565 342 2634; x_wconf 88' lang='lat' dir='ltr'><strong>tate,</strong></span> <span class='ocrx_word' id='word_1_286' title='bbox 353 2566 382 2616; x_wconf 93' lang='lat' dir='ltr'><strong>et</strong></span> <span class='ocrx_word' id='word_1_287' title='bbox 395 2558 636 2620; x_wconf 87' lang='lat' dir='ltr'><strong>inordinationem</strong></span> <span class='ocrx_word' id='word_1_288' title='bbox 648 2579 699 2616; x_wconf 89' lang='lat' dir='ltr'><strong>seu</strong></span> <span class='ocrx_word' id='word_1_289' title='bbox 713 2559 822 2638; x_wconf 66' lang='grc' dir='ltr'><strong>κάμω</strong></span> <span class='ocrx_word' id='word_1_290' title='bbox 836 2559 866 2615; x_wconf 91' lang='lat' dir='ltr'><strong>in</strong></span> <span class='ocrx_word' id='word_1_291' title='bbox 880 2557 1030 2618; x_wconf 85' lang='lat' dir='ltr'><strong>affectibus</strong></span> <span class='ocrx_word' id='word_1_292' title='bbox 1045 2559 1119 2618; x_wconf 91' lang='lat' dir='ltr'><strong>solet</strong></span> <span class='ocrx_word' id='word_1_293' title='bbox 1133 2559 1265 2636; x_wconf 87' lang='lat' dir='ltr'><strong>describi,</strong></span> <span class='ocrx_word' id='word_1_294' title='bbox 1272 2559 1378 2637; x_wconf 85' lang='lat' dir='ltr'><strong>quibus</strong></span> <span class='ocrx_word' id='word_1_295' title='bbox 1387 2560 1478 2620; x_wconf 91' lang='lat' dir='ltr'><strong>homo</strong></span> <span class='ocrx_word' id='word_1_296' title='bbox 1569 2567 1570 2572; x_wconf 76' lang='grc'>’</span> 
     </span>
     <span class='ocr_line' id='line_1_29' title="bbox 273 2637 1277 2715; baseline 0.003 -22"><span class='ocrx_word' id='word_1_297' title='bbox 273 2655 332 2696; x_wconf 85' lang='grc' dir='ltr'>ιιοιι</span> <span class='ocrx_word' id='word_1_298' title='bbox 345 2645 458 2696; x_wconf 90' lang='lat' dir='ltr'><strong>tantum</strong></span> <span class='ocrx_word' id='word_1_299' title='bbox 472 2637 579 2694; x_wconf 92' lang='lat' dir='ltr'><strong>abono</strong></span> <span class='ocrx_word' id='word_1_300' title='bbox 593 2656 721 2713; x_wconf 88' lang='lat' dir='ltr'><strong>aversus,</strong></span> <span class='ocrx_word' id='word_1_301' title='bbox 738 2638 790 2696; x_wconf 89' lang='lat' dir='ltr'><strong>sed</strong></span> <span class='ocrx_word' id='word_1_302' title='bbox 803 2637 881 2696; x_wconf 88' lang='lat' dir='ltr'><strong>etad</strong></span> <span class='ocrx_word' id='word_1_303' title='bbox 895 2657 978 2697; x_wconf 90' lang='lat' dir='ltr'><strong>omne</strong></span> <span class='ocrx_word' id='word_1_304' title='bbox 992 2639 1101 2698; x_wconf 87' lang='lat' dir='ltr'><strong>malum</strong></span> <span class='ocrx_word' id='word_1_305' title='bbox 1114 2637 1147 2697; x_wconf 86' lang='lat' dir='ltr'><strong>fit</strong></span> <span class='ocrx_word' id='word_1_306' title='bbox 1159 2658 1277 2715; x_wconf 85' lang='lat' dir='ltr'><strong>pronus.</strong></span> 
     </span>
    </p>
   </div>
   <div class='ocr_carea' id='block_1_4' title="bbox 313 2716 1570 2795">
    <p class='ocr_par' dir='ltr' id='par_1_8' title="bbox 313 2716 1570 2795">
     <span class='ocr_line' id='line_1_30' title="bbox 313 2716 1570 2795; baseline 0.008 -21"><span class='ocrx_word' id='word_1_307' title='bbox 313 2716 373 2774; x_wconf 89' lang='lat' dir='ltr'><strong>XI.</strong></span> <span class='ocrx_word' id='word_1_308' title='bbox 395 2719 423 2774; x_wconf 87' lang='grc'><strong>4.</strong></span> <span class='ocrx_word' id='word_1_309' title='bbox 439 2716 514 2791; x_wconf 83' lang='lat' dir='ltr'><strong>Quia</strong></span> <span class='ocrx_word' id='word_1_310' title='bbox 522 2716 645 2793; x_wconf 85' lang='lat' dir='ltr'><strong>justitiae</strong></span> <span class='ocrx_word' id='word_1_311' title='bbox 655 2716 789 2794; x_wconf 89' lang='lat' dir='ltr'><strong>originali</strong></span> <span class='ocrx_word' id='word_1_312' title='bbox 803 2737 861 2774; x_wconf 93' lang='lat' dir='ltr'><strong>non</strong></span> <span class='ocrx_word' id='word_1_313' title='bbox 875 2717 961 2776; x_wconf 89' lang='lat' dir='ltr'><strong>modo</strong></span> <span class='ocrx_word' id='word_1_314' title='bbox 974 2718 1118 2794; x_wconf 89' lang='lat' dir='ltr'><strong>privative</strong></span> <span class='ocrx_word' id='word_1_315' title='bbox 1139 2719 1300 2795; x_wconf 91' lang='lat' dir='ltr'><strong>opponitur,</strong></span> <span class='ocrx_word' id='word_1_316' title='bbox 1317 2718 1368 2776; x_wconf 89' lang='lat' dir='ltr'><strong>sed</strong></span> <span class='ocrx_word' id='word_1_317' title='bbox 1385 2720 1478 2780; x_wconf 89' lang='lat' dir='ltr'><strong>etiam</strong></span> <span class='ocrx_word' id='word_1_318' title='bbox 1569 2770 1570 2784; x_wconf 48' lang='grc' dir='ltr'>ι</span> 
     </span>
    </p>
   </div>
   <div class='ocr_carea' id='block_1_5' title="bbox 264 2785 1570 3751">
    <p class='ocr_par' dir='ltr' id='par_1_9' title="bbox 271 2785 1570 2955">
     <span class='ocr_line' id='line_1_31' title="bbox 271 2785 1570 2878; baseline 0 -24"><span class='ocrx_word' id='word_1_319' title='bbox 271 2795 412 2854; x_wconf 85' lang='lat' dir='ltr'><strong>contrarie</strong></span> <span class='ocrx_word' id='word_1_320' title='bbox 423 2804 560 2873; x_wconf 89' lang='lat' dir='ltr'><strong>tanquam</strong></span> <span class='ocrx_word' id='word_1_321' title='bbox 571 2796 720 2873; x_wconf 85' lang='lat' dir='ltr'><strong>originalis</strong></span> <span class='ocrx_word' id='word_1_322' title='bbox 730 2797 880 2874; x_wconf 89' lang='lat' dir='ltr'><strong>injustitia,</strong></span> <span class='ocrx_word' id='word_1_323' title='bbox 892 2805 926 2856; x_wconf 93' lang='lat' dir='ltr'><strong>ut</strong></span> <span class='ocrx_word' id='word_1_324' title='bbox 934 2798 1012 2875; x_wconf 89' lang='lat' dir='ltr'><strong>apud</strong></span> <span class='ocrx_word' id='word_1_325' title='bbox 1021 2798 1214 2875; x_wconf 89' lang='lat' dir='ltr'><strong>Philosophos</strong></span> <span class='ocrx_word' id='word_1_326' title='bbox 1224 2798 1296 2858; x_wconf 89' lang='lat' dir='ltr'><strong>vitia</strong></span> <span class='ocrx_word' id='word_1_327' title='bbox 1305 2799 1475 2878; x_wconf 88' lang='lat' dir='ltr'><strong>virtutibus,</strong></span> <span class='ocrx_word' id='word_1_328' title='bbox 1569 2785 1570 2854; x_wconf 77' lang='lat' dir='ltr'><strong>i</strong></span> 
     </span>
     <span class='ocr_line' id='line_1_32' title="bbox 271 2875 1570 2955; baseline 0.003 -22"><span class='ocrx_word' id='word_1_329' title='bbox 271 2895 330 2934; x_wconf 88' lang='lat' dir='ltr'><strong>non</strong></span> <span class='ocrx_word' id='word_1_330' title='bbox 344 2883 456 2935; x_wconf 90' lang='lat' dir='ltr'><strong>tantum</strong></span> <span class='ocrx_word' id='word_1_331' title='bbox 467 2884 500 2934; x_wconf 89' lang='lat' dir='ltr'><strong>ut</strong></span> <span class='ocrx_word' id='word_1_332' title='bbox 513 2876 697 2954; x_wconf 82' lang='lat' dir='ltr'><strong>privationes,</strong></span> <span class='ocrx_word' id='word_1_333' title='bbox 713 2875 765 2936; x_wconf 91' lang='lat' dir='ltr'><strong>sed</strong></span> <span class='ocrx_word' id='word_1_334' title='bbox 779 2877 865 2935; x_wconf 87' lang='lat' dir='ltr'><strong>etiam</strong></span> <span class='ocrx_word' id='word_1_335' title='bbox 879 2885 913 2936; x_wconf 88' lang='lat' dir='ltr'><strong>ut</strong></span> <span class='ocrx_word' id='word_1_336' title='bbox 927 2878 1061 2936; x_wconf 75' lang='lat' dir='ltr'><strong>conuarii</strong></span> <span class='ocrx_word' id='word_1_337' title='bbox 1076 2877 1192 2936; x_wconf 89' lang='lat' dir='ltr'><strong>habitus</strong></span> <span class='ocrx_word' id='word_1_338' title='bbox 1206 2886 1399 2955; x_wconf 87' lang='lat' dir='ltr'><strong>opponuntur.</strong></span> <span class='ocrx_word' id='word_1_339' title='bbox 1569 2879 1570 2921; x_wconf 68' lang='lat' dir='ltr'><strong>l</strong></span> 
     </span>
    </p>

    <p class='ocr_par' dir='ltr' id='par_1_10' title="bbox 266 2955 1480 3510">
     <span class='ocr_line' id='line_1_33' title="bbox 311 2955 1480 3034; baseline 0.004 -21"><span class='ocrx_word' id='word_1_340' title='bbox 311 2955 390 3015; x_wconf 89' lang='lat' dir='ltr'>XII.</span> <span class='ocrx_word' id='word_1_341' title='bbox 412 2957 440 3014; x_wconf 82' lang='lat'><strong>5.</strong></span> <span class='ocrx_word' id='word_1_342' title='bbox 453 2955 527 3030; x_wconf 84' lang='lat' dir='ltr'><strong>Quia</strong></span> <span class='ocrx_word' id='word_1_343' title='bbox 540 2955 659 3015; x_wconf 88' lang='lat' dir='ltr'><strong>effectus</strong></span> <span class='ocrx_word' id='word_1_344' title='bbox 672 2957 784 3034; x_wconf 90' lang='lat' dir='ltr'><strong>peccati</strong></span> <span class='ocrx_word' id='word_1_345' title='bbox 797 2956 947 3034; x_wconf 89' lang='lat' dir='ltr'><strong>originalis</strong></span> <span class='ocrx_word' id='word_1_346' title='bbox 960 2977 1019 3015; x_wconf 94' lang='lat' dir='ltr'><strong>non</strong></span> <span class='ocrx_word' id='word_1_347' title='bbox 1038 2964 1151 3016; x_wconf 90' lang='lat' dir='ltr'><strong>tantum</strong></span> <span class='ocrx_word' id='word_1_348' title='bbox 1172 2965 1239 3016; x_wconf 88' lang='lat' dir='ltr'><strong>sunt</strong></span> <span class='ocrx_word' id='word_1_349' title='bbox 1259 2957 1405 3034; x_wconf 85' lang='lat' dir='ltr'><strong>privativi,</strong></span> <span class='ocrx_word' id='word_1_350' title='bbox 1422 2961 1480 3018; x_wconf 90' lang='lat' dir='ltr'><strong>sed</strong></span> 
     </span>
     <span class='ocr_line' id='line_1_34' title="bbox 269 3035 1477 3114; baseline 0.004 -21"><span class='ocrx_word' id='word_1_351' title='bbox 269 3036 356 3094; x_wconf 88' lang='lat' dir='ltr'><strong>etiam</strong></span> <span class='ocrx_word' id='word_1_352' title='bbox 370 3035 497 3114; x_wconf 86' lang='lat' dir='ltr'><strong>positivi,</strong></span> <span class='ocrx_word' id='word_1_353' title='bbox 512 3055 571 3094; x_wconf 93' lang='lat' dir='ltr'><strong>non</strong></span> <span class='ocrx_word' id='word_1_354' title='bbox 585 3043 697 3095; x_wconf 89' lang='lat' dir='ltr'><strong>tantum</strong></span> <span class='ocrx_word' id='word_1_355' title='bbox 707 3043 826 3114; x_wconf 88' lang='lat' dir='ltr'><strong>peccata</strong></span> <span class='ocrx_word' id='word_1_356' title='bbox 837 3036 1008 3112; x_wconf 85' lang='lat' dir='ltr'><strong>omissionis,</strong></span> <span class='ocrx_word' id='word_1_357' title='bbox 1021 3036 1168 3095; x_wconf 88' lang='lat' dir='ltr'><strong>sedetiam</strong></span> <span class='ocrx_word' id='word_1_358' title='bbox 1178 3036 1395 3114; x_wconf 87' lang='lat' dir='ltr'><strong>commissionis,</strong></span> <span class='ocrx_word' id='word_1_359' title='bbox 1406 3057 1477 3114; x_wconf 84' lang='lat' dir='ltr'><strong>quae</strong></span> 
     </span>
     <span class='ocr_line' id='line_1_35' title="bbox 269 3102 1477 3194; baseline 0.006 -22"><span class='ocrx_word' id='word_1_360' title='bbox 269 3114 336 3174; x_wconf 91' lang='lat' dir='ltr'><strong>ideo</strong></span> <span class='ocrx_word' id='word_1_361' title='bbox 350 3135 467 3176; x_wconf 88' lang='lat' dir='ltr'><strong>causam</strong></span> <span class='ocrx_word' id='word_1_362' title='bbox 481 3115 612 3194; x_wconf 90' lang='lat' dir='ltr'><strong>ejusdcm</strong></span> <span class='ocrx_word' id='word_1_363' title='bbox 626 3117 741 3193; x_wconf 87' lang='lat' dir='ltr'><strong>generis</strong></span> <span class='ocrx_word' id='word_1_364' title='bbox 754 3116 911 3194; x_wconf 90' lang='lat' dir='ltr'><strong>postulant.</strong></span> <span class='ocrx_word' id='word_1_365' title='bbox 921 3102 939 3134; x_wconf 70' lang='lat'>⁴</span> <span class='ocrx_word' id='word_1_366' title='bbox 954 3116 1033 3174; x_wconf 90' lang='lat' dir='ltr'><strong>Hinc</strong></span> <span class='ocrx_word' id='word_1_367' title='bbox 1046 3115 1104 3175; x_wconf 79' lang='lat' dir='ltr'><strong>Tit.</strong></span> <span class='ocrx_word' id='word_1_368' title='bbox 1119 3117 1159 3174; x_wconf 87' lang='lat' dir='ltr'><strong>iri.</strong></span> <span class='ocrx_word' id='word_1_369' title='bbox 1174 3119 1202 3174; x_wconf 85' lang='lat'><strong>3.</strong></span> <span class='ocrx_word' id='word_1_370' title='bbox 1217 3123 1382 3194; x_wconf 88' lang='lat' dir='ltr'><strong>peccatores</strong></span> <span class='ocrx_word' id='word_1_371' title='bbox 1403 3127 1477 3179; x_wconf 87' lang='lat' dir='ltr'><strong>ante</strong></span> 
     </span>
     <span class='ocr_line' id='line_1_36' title="bbox 268 3195 1478 3273; baseline 0.003 -20"><span class='ocrx_word' id='word_1_372' title='bbox 268 3195 392 3270; x_wconf 84' lang='lat' dir='ltr'><strong>gratiam</strong></span> <span class='ocrx_word' id='word_1_373' title='bbox 416 3195 552 3256; x_wconf 80' lang='lat' dir='ltr'><strong>dicrmtur</strong></span> <span class='ocrx_word' id='word_1_374' title='bbox 576 3198 743 3262; x_wconf 83' lang='lat' dir='ltr'><strong>“ementes,</strong></span> <span class='ocrx_word' id='word_1_375' title='bbox 768 3196 899 3269; x_wconf 87' lang='lat' dir='ltr'><strong>rebelles,</strong></span> <span class='ocrx_word' id='word_1_376' title='bbox 922 3203 1059 3270; x_wconf 87' lang='lat' dir='ltr'><strong>errantes,</strong></span> <span class='ocrx_word' id='word_1_377' title='bbox 1082 3195 1240 3254; x_wconf 65' lang='lat' dir='ltr'><strong>seruantes</strong></span> <span class='ocrx_word' id='word_1_378' title='bbox 1262 3195 1478 3273; x_wconf 87' lang='lat' dir='ltr'><strong>cupiditatibus</strong></span> 
     </span>
     <span class='ocr_line' id='line_1_37' title="bbox 268 3275 1476 3354; baseline 0.003 -24"><span class='ocrx_word' id='word_1_379' title='bbox 268 3275 393 3350; x_wconf 51' lang='lat' dir='ltr'><strong>vatia*</strong></span> <span class='ocrx_word' id='word_1_380' title='bbox 410 3283 439 3334; x_wconf 91' lang='lat' dir='ltr'><strong>et</strong></span> <span class='ocrx_word' id='word_1_381' title='bbox 464 3275 549 3334; x_wconf 89' lang='lat' dir='ltr'><strong>Matt.</strong></span> <span class='ocrx_word' id='word_1_382' title='bbox 572 3295 623 3335; x_wconf 87' lang='lat' dir='ltr'><strong>xv.</strong></span> <span class='ocrx_word' id='word_1_383' title='bbox 644 3277 691 3351; x_wconf 82' lang='lat'><strong>19,</strong></span> <span class='ocrx_word' id='word_1_384' title='bbox 706 3295 745 3334; x_wconf 85' lang='lat' dir='ltr'><strong>ex</strong></span> <span class='ocrx_word' id='word_1_385' title='bbox 763 3275 848 3334; x_wconf 90' lang='lat' dir='ltr'><strong>corde</strong></span> <span class='ocrx_word' id='word_1_386' title='bbox 873 3275 1008 3334; x_wconf 87' lang='lat' dir='ltr'><strong>dicuntur</strong></span> <span class='ocrx_word' id='word_1_387' title='bbox 1027 3275 1108 3333; x_wconf 85' lang='lat' dir='ltr'><strong>exire</strong></span> <span class='ocrx_word' id='word_1_388' title='bbox 1130 3275 1347 3351; x_wconf 87' lang='lat' dir='ltr'><strong>“cogitationes</strong></span> <span class='ocrx_word' id='word_1_389' title='bbox 1360 3295 1476 3354; x_wconf 81' lang='lat' dir='ltr'><strong>pravae,</strong></span> 
     </span>
     <span class='ocr_line' id='line_1_38' title="bbox 267 3352 1477 3433; baseline 0.005 -22"><span class='ocrx_word' id='word_1_390' title='bbox 267 3352 370 3428; x_wconf 79' lang='lat' dir='ltr'><strong>cades,</strong></span> <span class='ocrx_word' id='word_1_391' title='bbox 386 3354 535 3430; x_wconf 87' lang='lat' dir='ltr'><strong>adulteria,</strong></span> <span class='ocrx_word' id='word_1_392' title='bbox 551 3352 624 3412; x_wconf 86' lang='lat' dir='ltr'><strong>falsa</strong></span> <span class='ocrx_word' id='word_1_393' title='bbox 636 3355 831 3431; x_wconf 86' lang='lat' dir='ltr'><strong>testimonia,”</strong></span> <span class='ocrx_word' id='word_1_394' title='bbox 847 3353 911 3431; x_wconf 65' lang='lat' dir='ltr'><strong>dc,</strong></span> <span class='ocrx_word' id='word_1_395' title='bbox 926 3363 955 3414; x_wconf 91' lang='lat' dir='ltr'><strong>et</strong></span> <span class='ocrx_word' id='word_1_396' title='bbox 968 3373 1035 3414; x_wconf 89' lang='lat' dir='ltr'><strong>caro</strong></span> <span class='ocrx_word' id='word_1_397' title='bbox 1049 3353 1155 3414; x_wconf 89' lang='lat' dir='ltr'><strong>dieitur</strong></span> <span class='ocrx_word' id='word_1_398' title='bbox 1176 3355 1408 3433; x_wconf 86' lang='lat' dir='ltr'><strong>“concupiscere</strong></span> <span class='ocrx_word' id='word_1_399' title='bbox 1419 3357 1477 3416; x_wconf 86' lang='lat' dir='ltr'><strong>ad-</strong></span> 
     </span>
     <span class='ocr_line' id='line_1_39' title="bbox 266 3433 739 3510; baseline 0.011 -22"><span class='ocrx_word' id='word_1_400' title='bbox 266 3449 368 3490; x_wconf 89' lang='lat' dir='ltr'><strong>versus</strong></span> <span class='ocrx_word' id='word_1_401' title='bbox 384 3433 553 3510; x_wconf 85' lang='lat' dir='ltr'><strong>Spiritum,”</strong></span> <span class='ocrx_word' id='word_1_402' title='bbox 566 3433 631 3492; x_wconf 85' lang='lat' dir='ltr'><strong>Gal.</strong></span> <span class='ocrx_word' id='word_1_403' title='bbox 647 3453 676 3492; x_wconf 92' lang='lat' dir='ltr'><strong>v.</strong></span> <span class='ocrx_word' id='word_1_404' title='bbox 693 3437 739 3494; x_wconf 78' lang='lat'><strong>17.</strong></span> 
     </span>
    </p>

    <p class='ocr_par' dir='ltr' id='par_1_11' title="bbox 264 3509 1479 3751">
     <span class='ocr_line' id='line_1_40' title="bbox 306 3509 1476 3591; baseline 0.009 -25"><span class='ocrx_word' id='word_1_405' title='bbox 306 3509 402 3568; x_wconf 87' lang='lat' dir='ltr'>XIII.</span> <span class='ocrx_word' id='word_1_406' title='bbox 424 3514 452 3570; x_wconf 85' lang='lat'><strong>6.</strong></span> <span class='ocrx_word' id='word_1_407' title='bbox 469 3511 613 3570; x_wconf 89' lang='lat' dir='ltr'><strong>Pontificii</strong></span> <span class='ocrx_word' id='word_1_408' title='bbox 627 3531 685 3570; x_wconf 93' lang='lat' dir='ltr'><strong>non</strong></span> <span class='ocrx_word' id='word_1_409' title='bbox 693 3511 779 3590; x_wconf 87' lang='lat' dir='ltr'><strong>pauci</strong></span> <span class='ocrx_word' id='word_1_410' title='bbox 792 3514 848 3572; x_wconf 93' lang='lat' dir='ltr'><strong>hoc</strong></span> <span class='ocrx_word' id='word_1_411' title='bbox 862 3513 1025 3589; x_wconf 87' lang='lat' dir='ltr'><strong>observant,</strong></span> <span class='ocrx_word' id='word_1_412' title='bbox 1037 3513 1164 3572; x_wconf 87' lang='lat' dir='ltr'><strong>Thomas</strong></span> <span class='ocrx_word' id='word_1_413' title='bbox 1176 3516 1203 3572; x_wconf 93' lang='lat' dir='ltr'><strong>l.</strong></span> <span class='ocrx_word' id='word_1_414' title='bbox 1218 3517 1247 3572; x_wconf 95' lang='lat'><strong>2.</strong></span> <span class='ocrx_word' id='word_1_415' title='bbox 1261 3532 1290 3591; x_wconf 88' lang='lat' dir='ltr'><strong>q.</strong></span> <span class='ocrx_word' id='word_1_416' title='bbox 1305 3515 1353 3573; x_wconf 86' lang='lat'><strong>82.</strong></span> <span class='ocrx_word' id='word_1_417' title='bbox 1369 3523 1424 3576; x_wconf 74' lang='lat' dir='ltr'><strong>aa</strong></span> <span class='ocrx_word' id='word_1_418' title='bbox 1444 3521 1476 3576; x_wconf 95' lang='lat'><strong>1.</strong></span> 
     </span>
     <span class='ocr_line' id='line_1_41' title="bbox 264 3589 1477 3672; baseline 0.009 -27"><span class='ocrx_word' id='word_1_419' title='bbox 264 3597 351 3649; x_wconf 88' lang='lat' dir='ltr'><strong>vocat</strong></span> <span class='ocrx_word' id='word_1_420' title='bbox 362 3589 522 3649; x_wconf 89' lang='lat' dir='ltr'><strong>“habitum</strong></span> <span class='ocrx_word' id='word_1_421' title='bbox 536 3599 701 3668; x_wconf 90' lang='lat' dir='ltr'><strong>corruptum</strong></span> <span class='ocrx_word' id='word_1_422' title='bbox 714 3592 745 3649; x_wconf 92' lang='lat' dir='ltr'><strong>in</strong></span> <span class='ocrx_word' id='word_1_423' title='bbox 759 3610 817 3669; x_wconf 89' lang='lat' dir='ltr'><strong>quo</strong></span> <span class='ocrx_word' id='word_1_424' title='bbox 831 3592 870 3651; x_wconf 89' lang='lat' dir='ltr'><strong>sit</strong></span> <span class='ocrx_word' id='word_1_425' title='bbox 889 3593 1000 3669; x_wconf 88' lang='lat' dir='ltr'><strong>aliquid</strong></span> <span class='ocrx_word' id='word_1_426' title='bbox 1018 3593 1204 3670; x_wconf 87' lang='lat' dir='ltr'><strong>privativum,</strong></span> <span class='ocrx_word' id='word_1_427' title='bbox 1219 3613 1322 3670; x_wconf 88' lang='lat' dir='ltr'><strong>nempe</strong></span> <span class='ocrx_word' id='word_1_428' title='bbox 1341 3594 1477 3672; x_wconf 87' lang='lat' dir='ltr'><strong>privatio</strong></span> 
     </span>
     <span class='ocr_line' id='line_1_42' title="bbox 264 3667 1479 3751; baseline 0.008 -25"><span class='ocrx_word' id='word_1_429' title='bbox 264 3667 548 3749; x_wconf 87' lang='lat' dir='ltr'><strong>originalisjustitiee,</strong></span> <span class='ocrx_word' id='word_1_430' title='bbox 559 3677 588 3729; x_wconf 89' lang='lat' dir='ltr'><strong>et</strong></span> <span class='ocrx_word' id='word_1_431' title='bbox 597 3671 708 3748; x_wconf 88' lang='lat' dir='ltr'><strong>aliquid</strong></span> <span class='ocrx_word' id='word_1_432' title='bbox 717 3671 883 3749; x_wconf 86' lang='lat' dir='ltr'><strong>positivum,</strong></span> <span class='ocrx_word' id='word_1_433' title='bbox 894 3690 998 3749; x_wconf 86' lang='lat' dir='ltr'><strong>nempe</strong></span> <span class='ocrx_word' id='word_1_434' title='bbox 1008 3671 1171 3730; x_wconf 83' lang='lat' dir='ltr'><strong>Inordinata</strong></span> <span class='ocrx_word' id='word_1_435' title='bbox 1181 3672 1331 3750; x_wconf 88' lang='lat' dir='ltr'><strong>dispositio</strong></span> <span class='ocrx_word' id='word_1_436' title='bbox 1341 3675 1479 3751; x_wconf 81' lang='lat' dir='ltr'><strong>partium</strong></span> 
     </span>
    </p>
   </div>
   <div class='ocr_carea' id='block_1_6' title="bbox 264 3749 1570 3832">
    <p class='ocr_par' dir='ltr' id='par_1_12' title="bbox 264 3749 1570 3832">
     <span class='ocr_line' id='line_1_43' title="bbox 264 3749 1570 3832; baseline 0.005 -24"><span class='ocrx_word' id='word_1_437' title='bbox 264 3749 397 3811; x_wconf 84' lang='lat' dir='ltr'><strong>animae.&#39;&#39;</strong></span> <span class='ocrx_word' id='word_1_438' title='bbox 440 3751 594 3810; x_wconf 81' lang='lat' dir='ltr'><strong>Caietanus</strong></span> <span class='ocrx_word' id='word_1_439' title='bbox 607 3751 645 3809; x_wconf 89' lang='lat' dir='ltr'><strong>ad</strong></span> <span class='ocrx_word' id='word_1_440' title='bbox 658 3751 687 3809; x_wconf 93' lang='lat' dir='ltr'><strong>h.</strong></span> <span class='ocrx_word' id='word_1_441' title='bbox 702 3751 738 3810; x_wconf 91' lang='lat' dir='ltr'><strong>l.:</strong></span> <span class='ocrx_word' id='word_1_442' title='bbox 754 3750 906 3827; x_wconf 89' lang='lat' dir='ltr'><strong>“privatio</strong></span> <span class='ocrx_word' id='word_1_443' title='bbox 921 3751 991 3811; x_wconf 89' lang='lat' dir='ltr'><strong>dicit</strong></span> <span class='ocrx_word' id='word_1_444' title='bbox 1004 3751 1188 3828; x_wconf 83' lang='lat' dir='ltr'><strong>negationem</strong></span> <span class='ocrx_word' id='word_1_445' title='bbox 1201 3753 1232 3810; x_wconf 93' lang='lat' dir='ltr'><strong>in</strong></span> <span class='ocrx_word' id='word_1_446' title='bbox 1245 3752 1376 3830; x_wconf 90' lang='lat' dir='ltr'><strong>subjecto</strong></span> <span class='ocrx_word' id='word_1_447' title='bbox 1398 3763 1477 3832; x_wconf 88' lang='lat' dir='ltr'><strong>apto</strong></span> <span class='ocrx_word' id='word_1_448' title='bbox 1569 3781 1570 3819; x_wconf 67' lang='grc' dir='ltr'>ι</span> 
     </span>
    </p>
   </div>
   <div class='ocr_carea' id='block_1_7' title="bbox 259 3829 1479 4627">
    <p class='ocr_par' dir='ltr' id='par_1_13' title="bbox 263 3829 1477 4068">
     <span class='ocr_line' id='line_1_44' title="bbox 264 3829 1477 3909; baseline 0.005 -23"><span class='ocrx_word' id='word_1_449' title='bbox 264 3838 341 3906; x_wconf 91' lang='lat' dir='ltr'><strong>nato,</strong></span> <span class='ocrx_word' id='word_1_450' title='bbox 352 3831 496 3908; x_wconf 88' lang='lat' dir='ltr'><strong>corruptio</strong></span> <span class='ocrx_word' id='word_1_451' title='bbox 505 3850 574 3890; x_wconf 90' lang='lat' dir='ltr'><strong>vero</strong></span> <span class='ocrx_word' id='word_1_452' title='bbox 585 3831 667 3891; x_wconf 89' lang='lat' dir='ltr'><strong>addit</strong></span> <span class='ocrx_word' id='word_1_453' title='bbox 674 3830 832 3908; x_wconf 86' lang='lat' dir='ltr'><strong>positivum</strong></span> <span class='ocrx_word' id='word_1_454' title='bbox 839 3830 1014 3890; x_wconf 90' lang='lat' dir='ltr'><strong>contrarium</strong></span> <span class='ocrx_word' id='word_1_455' title='bbox 1025 3829 1149 3890; x_wconf 80' lang='lat' dir='ltr'><strong>hundans</strong></span> <span class='ocrx_word' id='word_1_456' title='bbox 1159 3831 1239 3891; x_wconf 90' lang='lat' dir='ltr'><strong>illam</strong></span> <span class='ocrx_word' id='word_1_457' title='bbox 1250 3833 1477 3909; x_wconf 88' lang='lat' dir='ltr'><strong>negationem.’&#39;</strong></span> 
     </span>
     <span class='ocr_line' id='line_1_45' title="bbox 264 3908 1476 3990; baseline 0.007 -24"><span class='ocrx_word' id='word_1_458' title='bbox 264 3908 351 3969; x_wconf 86' lang='lat' dir='ltr'><strong>Hanc</strong></span> <span class='ocrx_word' id='word_1_459' title='bbox 364 3911 535 3970; x_wconf 89' lang='lat' dir='ltr'><strong>sententiam</strong></span> <span class='ocrx_word' id='word_1_460' title='bbox 545 3911 692 3986; x_wconf 78' lang='lat' dir='ltr'><strong>Bellarm,</strong></span> <span class='ocrx_word' id='word_1_461' title='bbox 707 3911 758 3970; x_wconf 91' lang='lat' dir='ltr'><strong>lib.</strong></span> <span class='ocrx_word' id='word_1_462' title='bbox 768 3930 797 3970; x_wconf 91' lang='lat' dir='ltr'><strong>v.</strong></span> <span class='ocrx_word' id='word_1_463' title='bbox 806 3931 869 3988; x_wconf 90' lang='lat' dir='ltr'><strong>cap.</strong></span> <span class='ocrx_word' id='word_1_464' title='bbox 882 3912 928 3987; x_wconf 83' lang='lat'><strong>15,</strong></span> <span class='ocrx_word' id='word_1_465' title='bbox 943 3910 1045 3971; x_wconf 90' lang='lat' dir='ltr'><strong>tribuit</strong></span> <span class='ocrx_word' id='word_1_466' title='bbox 1056 3910 1229 3989; x_wconf 88' lang='lat' dir='ltr'><strong>Lombardo,</strong></span> <span class='ocrx_word' id='word_1_467' title='bbox 1239 3912 1378 3990; x_wconf 89' lang='lat' dir='ltr'><strong>Henrico,</strong></span> <span class='ocrx_word' id='word_1_468' title='bbox 1389 3914 1476 3990; x_wconf 66' lang='lat' dir='ltr'><strong>Gre7</strong></span> 
     </span>
     <span class='ocr_line' id='line_1_46' title="bbox 263 3989 1378 4068; baseline 0.004 -22"><span class='ocrx_word' id='word_1_469' title='bbox 263 3989 346 4065; x_wconf 87' lang='lat' dir='ltr'><strong>gorio</strong></span> <span class='ocrx_word' id='word_1_470' title='bbox 360 3989 547 4066; x_wconf 84' lang='lat' dir='ltr'><strong>Ariminensi,</strong></span> <span class='ocrx_word' id='word_1_471' title='bbox 563 4008 636 4068; x_wconf 89' lang='lat' dir='ltr'><strong>qnos</strong></span> <span class='ocrx_word' id='word_1_472' title='bbox 649 3999 801 4068; x_wconf 88' lang='lat' dir='ltr'><strong>propterea</strong></span> <span class='ocrx_word' id='word_1_473' title='bbox 814 3991 918 4050; x_wconf 89' lang='lat' dir='ltr'><strong>erroris</strong></span> <span class='ocrx_word' id='word_1_474' title='bbox 929 3998 1053 4066; x_wconf 87' lang='lat' dir='ltr'><strong>accusat,</strong></span> <span class='ocrx_word' id='word_1_475' title='bbox 1068 4001 1098 4050; x_wconf 91' lang='lat' dir='ltr'><strong>et</strong></span> <span class='ocrx_word' id='word_1_476' title='bbox 1111 3991 1235 4050; x_wconf 85' lang='lat' dir='ltr'><strong>refutare</strong></span> <span class='ocrx_word' id='word_1_477' title='bbox 1249 3999 1378 4051; x_wconf 89' lang='lat' dir='ltr'><strong>conatur.</strong></span> 
     </span>
    </p>

    <p class='ocr_par' dir='ltr' id='par_1_14' title="bbox 259 4067 1479 4546">
     <span class='ocr_line' id='line_1_47' title="bbox 304 4067 1478 4148; baseline 0.006 -21"><span class='ocrx_word' id='word_1_478' title='bbox 304 4067 395 4128; x_wconf 89' lang='lat' dir='ltr'>XIV.</span> <span class='ocrx_word' id='word_1_479' title='bbox 411 4069 503 4128; x_wconf 83' lang='lat' dir='ltr'><strong>Aliud</strong></span> <span class='ocrx_word' id='word_1_480' title='bbox 517 4077 561 4128; x_wconf 89' lang='lat' dir='ltr'><strong>est</strong></span> <span class='ocrx_word' id='word_1_481' title='bbox 569 4071 722 4146; x_wconf 78' lang='lat' dir='ltr'><strong>positivam</strong></span> <span class='ocrx_word' id='word_1_482' title='bbox 729 4072 853 4148; x_wconf 72' lang='lat' dir='ltr'><strong>physice,</strong></span> <span class='ocrx_word' id='word_1_483' title='bbox 869 4090 927 4148; x_wconf 93' lang='lat' dir='ltr'><strong>quo</strong></span> <span class='ocrx_word' id='word_1_484' title='bbox 941 4089 1029 4130; x_wconf 87' lang='lat' dir='ltr'><strong>sensu</strong></span> <span class='ocrx_word' id='word_1_485' title='bbox 1042 4071 1104 4128; x_wconf 82' lang='lat' dir='ltr'><strong>Ena</strong></span> <span class='ocrx_word' id='word_1_486' title='bbox 1118 4070 1268 4130; x_wconf 87' lang='lat' dir='ltr'><strong>othonum</strong></span> <span class='ocrx_word' id='word_1_487' title='bbox 1289 4079 1478 4134; x_wconf 85' lang='lat' dir='ltr'><strong>convertun-</strong></span> 
     </span>
     <span class='ocr_line' id='line_1_48' title="bbox 262 4147 1479 4228; baseline 0.008 -22"><span class='ocrx_word' id='word_1_488' title='bbox 262 4155 317 4224; x_wconf 90' lang='lat' dir='ltr'><strong>tur,</strong></span> <span class='ocrx_word' id='word_1_489' title='bbox 333 4156 363 4208; x_wconf 90' lang='lat' dir='ltr'><strong>et</strong></span> <span class='ocrx_word' id='word_1_490' title='bbox 376 4147 449 4206; x_wconf 91' lang='lat' dir='ltr'><strong>nihil</strong></span> <span class='ocrx_word' id='word_1_491' title='bbox 463 4158 508 4210; x_wconf 88' lang='lat' dir='ltr'><strong>est</strong></span> <span class='ocrx_word' id='word_1_492' title='bbox 520 4150 677 4227; x_wconf 87' lang='lat' dir='ltr'><strong>positivum</strong></span> <span class='ocrx_word' id='word_1_493' title='bbox 692 4150 771 4228; x_wconf 90' lang='lat' dir='ltr'><strong>quod</strong></span> <span class='ocrx_word' id='word_1_494' title='bbox 784 4169 842 4209; x_wconf 91' lang='lat' dir='ltr'><strong>non</strong></span> <span class='ocrx_word' id='word_1_495' title='bbox 856 4151 894 4210; x_wconf 89' lang='lat' dir='ltr'><strong>sit</strong></span> <span class='ocrx_word' id='word_1_496' title='bbox 912 4171 930 4208; x_wconf 88' lang='lat' dir='ltr'><strong>a</strong></span> <span class='ocrx_word' id='word_1_497' title='bbox 945 4151 1027 4226; x_wconf 85' lang='lat' dir='ltr'><strong>Deo;</strong></span> <span class='ocrx_word' id='word_1_498' title='bbox 1050 4149 1144 4210; x_wconf 79' lang='lat' dir='ltr'><strong>Aliud</strong></span> <span class='ocrx_word' id='word_1_499' title='bbox 1159 4151 1311 4226; x_wconf 61' lang='lat' dir='ltr'><strong>poseant</strong></span> <span class='ocrx_word' id='word_1_500' title='bbox 1331 4153 1419 4212; x_wconf 75' lang='lat' dir='ltr'><strong>ethice</strong></span> <span class='ocrx_word' id='word_1_501' title='bbox 1441 4166 1479 4216; x_wconf 82' lang='lat' dir='ltr'><strong>et</strong></span> 
     </span>
     <span class='ocr_line' id='line_1_49' title="bbox 262 4227 1477 4308; baseline 0.007 -22"><span class='ocrx_word' id='word_1_502' title='bbox 262 4228 356 4304; x_wconf 67' lang='lat' dir='ltr'><strong>logice,</strong></span> <span class='ocrx_word' id='word_1_503' title='bbox 371 4227 450 4304; x_wconf 88' lang='lat' dir='ltr'><strong>quod</strong></span> <span class='ocrx_word' id='word_1_504' title='bbox 464 4229 620 4289; x_wconf 86' lang='lat' dir='ltr'><strong>affirmatur</strong></span> <span class='ocrx_word' id='word_1_505' title='bbox 633 4230 669 4288; x_wconf 88' lang='lat' dir='ltr'><strong>de</strong></span> <span class='ocrx_word' id='word_1_506' title='bbox 681 4230 819 4308; x_wconf 88' lang='lat' dir='ltr'><strong>subjecto,</strong></span> <span class='ocrx_word' id='word_1_507' title='bbox 832 4231 879 4289; x_wconf 92' lang='lat' dir='ltr'><strong>cui</strong></span> <span class='ocrx_word' id='word_1_508' title='bbox 889 4229 1018 4305; x_wconf 73' lang='lat' dir='ltr'><strong>inheret,</strong></span> <span class='ocrx_word' id='word_1_509' title='bbox 1031 4229 1092 4288; x_wconf 90' lang='lat' dir='ltr'><strong>sive</strong></span> <span class='ocrx_word' id='word_1_510' title='bbox 1104 4229 1142 4289; x_wconf 90' lang='lat' dir='ltr'><strong>sit</strong></span> <span class='ocrx_word' id='word_1_511' title='bbox 1151 4229 1259 4290; x_wconf 89' lang='lat' dir='ltr'><strong>bonum</strong></span> <span class='ocrx_word' id='word_1_512' title='bbox 1269 4231 1332 4291; x_wconf 91' lang='lat' dir='ltr'><strong>sive</strong></span> <span class='ocrx_word' id='word_1_513' title='bbox 1342 4232 1477 4295; x_wconf 90' lang='lat' dir='ltr'><strong>malum.</strong></span> 
     </span>
     <span class='ocr_line' id='line_1_50' title="bbox 261 4307 1478 4388; baseline 0.008 -24"><span class='ocrx_word' id='word_1_514' title='bbox 261 4307 417 4367; x_wconf 89' lang='lat' dir='ltr'><strong>Peccatum</strong></span> <span class='ocrx_word' id='word_1_515' title='bbox 438 4308 596 4386; x_wconf 89' lang='lat' dir='ltr'><strong>positivum</strong></span> <span class='ocrx_word' id='word_1_516' title='bbox 620 4309 733 4385; x_wconf 89' lang='lat' dir='ltr'><strong>dicitur,</strong></span> <span class='ocrx_word' id='word_1_517' title='bbox 756 4329 814 4369; x_wconf 92' lang='lat' dir='ltr'><strong>non</strong></span> <span class='ocrx_word' id='word_1_518' title='bbox 834 4309 923 4386; x_wconf 84' lang='lat' dir='ltr'><strong>priori</strong></span> <span class='ocrx_word' id='word_1_519' title='bbox 943 4329 1038 4384; x_wconf 88' lang='lat' dir='ltr'><strong>sensu,</strong></span> <span class='ocrx_word' id='word_1_520' title='bbox 1054 4309 1107 4368; x_wconf 89' lang='lat' dir='ltr'><strong>sed</strong></span> <span class='ocrx_word' id='word_1_521' title='bbox 1125 4309 1277 4387; x_wconf 90' lang='lat' dir='ltr'><strong>posteriori</strong></span> <span class='ocrx_word' id='word_1_522' title='bbox 1288 4333 1296 4388; x_wconf 90' lang='lat'>;</span> <span class='ocrx_word' id='word_1_523' title='bbox 1318 4318 1408 4388; x_wconf 86' lang='lat' dir='ltr'><strong>atque</strong></span> <span class='ocrx_word' id='word_1_524' title='bbox 1423 4313 1478 4374; x_wconf 85' lang='lat' dir='ltr'><strong>ita</strong></span> 
     </span>
     <span class='ocr_line' id='line_1_51' title="bbox 259 4387 1476 4467; baseline 0.007 -23"><span class='ocrx_word' id='word_1_525' title='bbox 259 4393 356 4462; x_wconf 85' lang='lat' dir='ltr'><strong>potest</strong></span> <span class='ocrx_word' id='word_1_526' title='bbox 375 4387 482 4448; x_wconf 89' lang='lat' dir='ltr'><strong>habere</strong></span> <span class='ocrx_word' id='word_1_527' title='bbox 503 4407 618 4448; x_wconf 88' lang='lat' dir='ltr'><strong>causam</strong></span> <span class='ocrx_word' id='word_1_528' title='bbox 638 4389 793 4467; x_wconf 87' lang='lat' dir='ltr'><strong>positivam</strong></span> <span class='ocrx_word' id='word_1_529' title='bbox 807 4408 866 4446; x_wconf 94' lang='lat' dir='ltr'><strong>non</strong></span> <span class='ocrx_word' id='word_1_530' title='bbox 879 4389 1008 4466; x_wconf 87' lang='lat' dir='ltr'><strong>physico,</strong></span> <span class='ocrx_word' id='word_1_531' title='bbox 1023 4389 1093 4466; x_wconf 90' lang='lat' dir='ltr'><strong>quia</strong></span> <span class='ocrx_word' id='word_1_532' title='bbox 1112 4389 1154 4448; x_wconf 88' lang='lat' dir='ltr'><strong>sic</strong></span> <span class='ocrx_word' id='word_1_533' title='bbox 1174 4398 1219 4449; x_wconf 90' lang='lat' dir='ltr'><strong>est</strong></span> <span class='ocrx_word' id='word_1_534' title='bbox 1239 4397 1351 4449; x_wconf 83' lang='lat' dir='ltr'><strong>tantum</strong></span> <span class='ocrx_word' id='word_1_535' title='bbox 1372 4411 1476 4454; x_wconf 86' lang='lat' dir='ltr'><strong>causa</strong></span> 
     </span>
     <span class='ocr_line' id='line_1_52' title="bbox 259 4465 1307 4546; baseline 0.005 -23"><span class='ocrx_word' id='word_1_536' title='bbox 259 4465 404 4543; x_wconf 88' lang='lat' dir='ltr'><strong>deficiens,</strong></span> <span class='ocrx_word' id='word_1_537' title='bbox 421 4467 473 4526; x_wconf 87' lang='lat' dir='ltr'><strong>sed</strong></span> <span class='ocrx_word' id='word_1_538' title='bbox 486 4469 580 4546; x_wconf 89' lang='lat' dir='ltr'><strong>logice</strong></span> <span class='ocrx_word' id='word_1_539' title='bbox 594 4477 624 4528; x_wconf 89' lang='lat' dir='ltr'><strong>et</strong></span> <span class='ocrx_word' id='word_1_540' title='bbox 637 4470 739 4544; x_wconf 87' lang='lat' dir='ltr'><strong>ethice,</strong></span> <span class='ocrx_word' id='word_1_541' title='bbox 755 4469 824 4546; x_wconf 86' lang='lat' dir='ltr'><strong>quia</strong></span> <span class='ocrx_word' id='word_1_542' title='bbox 836 4469 991 4546; x_wconf 85' lang='lat' dir='ltr'><strong>positivam</strong></span> <span class='ocrx_word' id='word_1_543' title='bbox 1005 4469 1173 4546; x_wconf 88' lang='lat' dir='ltr'><strong>qualitatem</strong></span> <span class='ocrx_word' id='word_1_544' title='bbox 1187 4469 1307 4528; x_wconf 89' lang='lat' dir='ltr'><strong>inducit.</strong></span> 
     </span>
    </p>

    <p class='ocr_par' dir='ltr' id='par_1_15' title="bbox 298 4543 1475 4627">
     <span class='ocr_line' id='line_1_53' title="bbox 298 4543 1475 4627; baseline 0.01 -27"><span class='ocrx_word' id='word_1_545' title='bbox 298 4543 371 4602; x_wconf 83' lang='lat' dir='ltr'><strong>XV.</strong></span> <span class='ocrx_word' id='word_1_546' title='bbox 394 4546 548 4606; x_wconf 82' lang='lat' dir='ltr'><strong>Peccatum</strong></span> <span class='ocrx_word' id='word_1_547' title='bbox 562 4549 702 4626; x_wconf 87' lang='lat' dir='ltr'><strong>originale</strong></span> <span class='ocrx_word' id='word_1_548' title='bbox 723 4569 781 4606; x_wconf 91' lang='lat' dir='ltr'><strong>non</strong></span> <span class='ocrx_word' id='word_1_549' title='bbox 801 4547 867 4606; x_wconf 92' lang='lat' dir='ltr'><strong>ideo</strong></span> <span class='ocrx_word' id='word_1_550' title='bbox 887 4567 947 4607; x_wconf 90' lang='lat' dir='ltr'><strong>non</strong></span> <span class='ocrx_word' id='word_1_551' title='bbox 967 4548 1148 4608; x_wconf 74' lang='lat' dir='ltr'><strong>est&#39;hehitus</strong></span> <span class='ocrx_word' id='word_1_552' title='bbox 1167 4549 1299 4626; x_wconf 88' lang='lat' dir='ltr'><strong>vitiosus,</strong></span> <span class='ocrx_word' id='word_1_553' title='bbox 1314 4550 1385 4627; x_wconf 89' lang='lat' dir='ltr'><strong>quia</strong></span> <span class='ocrx_word' id='word_1_554' title='bbox 1406 4571 1475 4613; x_wconf 83' lang='lat' dir='ltr'><strong>nec</strong></span> 
     </span>
    </p>
   </div>
   <div class='ocr_carea' id='block_1_8' title="bbox 140 4619 1475 4712">
    <p class='ocr_par' dir='ltr' id='par_1_16' title="bbox 140 4619 1475 4712">
     <span class='ocr_line' id='line_1_54' title="bbox 140 4619 1475 4712; baseline 0.013 -35"><span class='ocrx_word' id='word_1_555' title='bbox 140 4699 147 4712; x_wconf 86' lang='lat'>.</span> <span class='ocrx_word' id='word_1_556' title='bbox 255 4619 368 4681; x_wconf 76' lang='lat' dir='ltr'><strong>insusm</strong></span> <span class='ocrx_word' id='word_1_557' title='bbox 382 4632 427 4683; x_wconf 87' lang='lat' dir='ltr'><strong>ost</strong></span> <span class='ocrx_word' id='word_1_558' title='bbox 440 4645 494 4686; x_wconf 88' lang='lat' dir='ltr'><strong>nec</strong></span> <span class='ocrx_word' id='word_1_559' title='bbox 507 4628 683 4705; x_wconf 86' lang='lat' dir='ltr'><strong>acquisitus;</strong></span> <span class='ocrx_word' id='word_1_560' title='bbox 706 4628 811 4688; x_wconf 87' lang='lat' dir='ltr'><strong>dantur</strong></span> <span class='ocrx_word' id='word_1_561' title='bbox 824 4627 902 4686; x_wconf 87' lang='lat' dir='ltr'><strong>enim</strong></span> <span class='ocrx_word' id='word_1_562' title='bbox 915 4627 1032 4688; x_wconf 88' lang='lat' dir='ltr'><strong>habitus</strong></span> <span class='ocrx_word' id='word_1_563' title='bbox 1046 4628 1121 4688; x_wconf 88' lang='lat' dir='ltr'><strong>varii</strong></span> <span class='ocrx_word' id='word_1_564' title='bbox 1141 4628 1296 4707; x_wconf 86' lang='lat' dir='ltr'><strong>congeniti,</strong></span> <span class='ocrx_word' id='word_1_565' title='bbox 1312 4637 1344 4689; x_wconf 92' lang='lat' dir='ltr'><strong>ut</strong></span> <span class='ocrx_word' id='word_1_566' title='bbox 1364 4629 1475 4709; x_wconf 86' lang='lat' dir='ltr'><strong>liquet</strong></span> 
     </span>
    </p>
   </div>
   <div class='ocr_carea' id='block_1_9' title="bbox 0 0 1630 5176">
    <p class='ocr_par' dir='ltr' id='par_1_17' title="bbox 0 0 1630 5176">
     <span class='ocr_line' id='line_1_55' title="bbox 0 0 1630 5176; baseline 0 9"><span class='ocrx_word' id='word_1_567' title='bbox 0 0 1630 5176; x_wconf 95' lang='lat' dir='ltr'><strong> </strong></span> 
     </span>
    </p>
   </div>
  </div>
 </body>
</html>
