3044 5180
273 381 333 440 274
746 395 837 438 socos
851 393 986 438 ussurus.
1260 371 1383 456 [ounsr.
1397 395 1460 436 xxx.

272 547 409 616 tanquam
424 559 442 596 s
454 538 596 616 principio
610 546 639 597 et
653 557 749 598 oense.
771 537 900 615 itaquis
913 535 1067 614 Templum
1081 553 1183 594 snmus
1199 535 1327 612 Spiritus
1343 536 1381 612 S,
1396 537 1461 598 Psu·

272 619 319 678 Ius
333 617 444 695 colligit
457 618 542 677 nobis
555 638 618 677 esse
629 618 850 695 glorificandum
860 618 955 676 Deum
968 617 999 674 iu
1010 635 1127 693 corpore
1142 624 1174 676 et
1188 617 1289 674 animo
1302 625 1461 694 nostroque

273 707 341 758 sunt
356 698 421 774 Dei,
438 698 530 757 lOor.
546 697 585 756 vi.
600 701 659 776 203
675 717 761 776 quem
777 697 895 757 Deunfi
914 715 1019 774 nempe
1038 695 1122 756 illum
1142 697 1232 773 eujus
1252 695 1404 774 Templum
1422 717 1460 756 su·

271 797 345 852 mus,
357 797 416 836 non
429 777 612 837 excludendo
625 777 743 856 quidem
752 777 869 838 Putrem
877 783 907 834 et
915 777 1033 850 Filium,
1043 776 1094 834 sed
1104 775 1287 836 oeeonomioe
1297 775 1463 854 designando

274 858 413 936 Spiritum
430 857 469 934 S,
485 877 572 935 quem
592 857 736 933 invenere,
752 865 796 916 est
810 856 981 934 glorificare.
1003 854 1091 915 Unde
1111 856 1183 915 Aet.
1198 856 1241 914 iv.
1256 858 1307 933 ut,
1322 858 1369 932 ιδ,
1386 855 1462 934 SpIri·

272 945 320 997 tus
333 938 384 1016 qui
397 937 526 1014 loquitur
538 957 591 1014 per
605 937 765 1015 Prophetas
777 937 931 996 invocetur
949 936 987 995 nb
1002 936 1142 1013 Ecclesia,
1158 936 1296 1010 Domine,
1312 945 1342 995 tu
1355 955 1383 995 es
1395 939 1462 994 Deus

271 1018 318 1076 ille
370 1017 382 1076 i
385 1018 482 1093 fecisti
492 1020 590 1077 celum
603 1027 630 1076 et
642 1027 756 1092 urruns,
772 1017 887 1094 quipse·
899 1035 929 1076 os
942 1015 1065 1075 Desidet
1077 1016 1154 1076 mi
1166 1017 1211 1074 tui
1220 1016 1340 1089 metm
1353 1035 1407 1094 quo
1419 1035 1461 1073 ex·

270 1117 336 1174 emp
349 1117 367 1156 o
381 1105 410 1157 et
423 1097 655 1156 vetus-Eeelesis
668 1115 780 1174 semper
793 1115 859 1157 eum
876 1095 1033 1172 invoesvit,
1047 1096 1158 1174 hymno
1173 1095 1212 1154 de
1229 1095 1343 1174 Spiritu
1355 1095 1394 1171 S,
1404 1097 1464 1158 Veri

273 1177 397 1236 Creator
404 1177 535 1253 Spiritus,
551 1175 615 1252 Sto,
631 1177 671 1236 Et
687 1177 790 1238 Gloria
802 1178 896 1252 Patri,
911 1186 939 1236 et
950 1177 1035 1252 seeo,
1051 1185 1079 1234 et
1089 1176 1219 1254 »Spiritui
1229 1177 1272 1252 S,
1289 1173 1344 1235 Sto.

313 1257 404 1317 XVI.
422 1257 453 1316 Si
470 1257 617 1336 Scriptum
629 1257 723 1316 retius
735 1257 867 1316 meminit
880 1255 1057 1316 odorationis
1072 1265 1102 1316 et
1111 1257 1211 1316 uultus
1226 1255 1353 1334 Spin‘tus
1367 1251 1459 1330 Sancti,

271 1335 327 1396 boo
341 1357 399 1396 non
413 1337 489 1412 feeit,
502 1337 580 1415 quod
594 1357 652 1396 non
666 1337 705 1396 sit
718 1337 917 1398 coadorandus
931 1355 998 1396 eum
1012 1336 1099 1395 Putre
1113 1345 1143 1396 et
1158 1336 1258 1412 Filio;
1274 1355 1343 1394 nsm
1354 1335 1460 1394 nonde

271 1425 340 1476 sunt
354 1417 438 1476 istius
452 1415 628 1475 odorationis
641 1425 784 1494 precepta
798 1424 828 1476 et
841 1417 992 1495 exemplu:
1016 1415 1076 1476 Sed
1088 1415 1159 1494 quis
1173 1415 1207 1473 in
1224 1415 1385 1475 oeconomis
1397 1415 1459 1472 sulu-

271 1496 317 1570 tis,
334 1515 399 1573 quse
420 1495 514 1554 ordini
529 1497 720 1556 Personarum
736 1497 900 1574 respondet,
922 1505 955 1556 ut
970 1497 1058 1556 Peter
1077 1504 1219 1573 operetur
1239 1515 1292 1574 per
1309 1495 1417 1570 Filium,
1435 1503 1459 1553 et

271 1575 366 1634 Filius
379 1595 431 1654 per
446 1575 584 1654 Spiritum
601 1577 650 1652 S.;
674 1577 720 1636 Its
741 1577 834 1654 glorie
848 1575 1026 1652 Divinitetis,
1046 1595 1112 1654 quse
1131 1585 1180 1635 est
1200 1595 1240 1635 ex
1261 1574 1459 1648 odorstiones

272 1654 382 1731 Spiritu
398 1655 428 1714 S.
443 1655 493 1733 qui
512 1657 620 1715 excitet
640 1675 741 1734 preses
761 1657 792 1715 in
812 1657 948 1716 cordibus
963 1655 1117 1733 Fidelium,
1132 1675 1190 1733 per
1205 1655 1318 1716 Filium
1338 1663 1456 1731 tanqum

270 1733 462 1793 Mediatorem
485 1733 523 1793 sd
546 1735 662 1795 Patrem
686 1735 816 1796 refertur.
859 1737 925 1796 Hae
947 1735 984 1795 de
1006 1755 1094 1795 esuss
1115 1734 1295 1814 proponitur
1318 1734 1414 1812 sepius
1431 1743 1457 1791 ut

269 1813 374 1873 author
387 1823 417 1874 et
424 1815 598 1893 principiam
611 1835 737 1894 preeum,
750 1835 836 1894 quem
846 1825 881 1876 ut
894 1817 1025 1894 objeettaem
1038 1814 1077 1873 ed
1087 1817 1170 1893 quod
1185 1814 1365 1892 diriguntur,
1378 1811 1455 1873 utilis

270 1893 321 1971 qui
341 1895 439 1972 potius
452 1895 578 1971 invocet,
593 1895 624 1954 id
637 1905 683 1955 est
696 1916 749 1955 nos
763 1897 899 1956 invoesre
912 1895 989 1972 feeit,
1005 1915 1092 1972 quem
1106 1895 1159 1973 qui
1174 1895 1338 1955 invooetur.

459 2041 465 2054 ‚
572 1975 681 2036 XVII.
709 1979 825 2036 Donum
846 1977 906 2035 Dei
935 1973 1051 2040 οὖηυὶῢς
1078 1975 1269 2050 considerati,
1295 1991 1353 2032 non
1377 1979 1454 2049 potes

284 2040 375 2088 Fontes
386 2040 492 2088 ΜΨ
532 2075 596 2115 esse
620 2055 720 2133 Deue3
751 2056 803 2116 sed
824 2054 897 2115 nihil
924 2055 1028 2132 obstat,
1053 2055 1174 2114 Donum
1202 2055 1260 2114 Dei
1287 2051 1454 2132 personaliter

358 2113 422 2145 num.
533 2137 640 2212 sumpti
660 2155 724 2195 esse
748 2136 905 2196 Personam
925 2135 1062 2210 divinem,
1085 2135 1238 2212 quomodo
1262 2133 1395 2206 Christus,
1413 2129 1452 2205 qui

270 2224 316 2275 est
331 2217 459 2276 Persona
472 2215 580 2289 divine,
597 2223 718 2274 voestur
735 2223 833 2276 temen
853 2216 962 2276 donum
976 2215 1040 2292 Dei,
1056 2215 1127 2274 Joh.
1141 2215 1188 2274 iii.
1206 2217 1255 2290 16,
1270 2221 1301 2272 et
1321 2212 1359 2271 ir.
1374 2213 1412 2284 10,
1430 2215 1453 2266 ιι

270 2296 311 2353 Is.
326 2297 367 2353 ix.
383 2297 410 2354 6.
454 2296 501 2353 Its
517 2293 641 2371 Spiritus
658 2294 687 2352 S.
701 2303 798 2372 potest
811 2297 910 2354 voesri
924 2294 1032 2355 donum
1046 2295 1111 2354 Dei.
1156 2293 1222 2353 Nee
1235 2297 1375 2385 repugnet
1393 2307 1450 2347 sen·

268 2393 328 2452 per,
351 2385 385 2442 ut
406 2373 512 2452 uliquis
534 2373 579 2448 sit,
603 2379 634 2431 et
655 2372 772 2446 donum,
795 2381 826 2432 et
847 2373 971 2434 denotor
994 2373 1139 2452 suiipsius,
1165 2393 1236 2434 eum
1259 2373 1385 2432 Christus
1402 2369 1451 2448 ipsc

269 2453 396 2530 seipsum
410 2452 460 2512 det
480 2473 532 2530 pro
552 2451 645 2528 nobis,
661 2459 691 2511 et
704 2451 789 2511 nobis
809 2453 840 2510 in
860 2453 1030 2514 elimentum
1049 2454 1119 2513 vites
1139 2463 1270 2530 aeternae,
1286 2451 1371 2512 Ponti
1386 2467 1449 2526 quem

269 2553 319 2610 epo
333 2534 415 2606 debe,
433 2533 512 2592 Coro
525 2550 588 2589 msa
599 2539 646 2608 est,
662 2551 748 2609 quom
761 2551 812 2610 epo
826 2535 899 2592 dabo
907 2554 967 2610 pso
981 2533 1080 2594 mundi
1090 2533 1159 2609 vita,
1176 2535 1249 2596 Joh.
1265 2532 1305 2591 vi.
1320 2533 1364 2590 51.

309 2611 436 2671 XVIII.
460 2612 492 2670 Si
512 2610 645 2688 quedem
659 2611 833 2690 quandoque
846 2613 1013 2674 tribuuntur
1028 2614 1149 2692 spiritui
1167 2613 1200 2674 S.
1215 2633 1282 2691 quae
1295 2611 1384 2670 minus
1396 2625 1448 2664 oon·

269 2711 372 2769 gruem
386 2690 522 2751 videntur
535 2709 674 2769 personae,
696 2700 730 2750 ut
743 2691 823 2768 quod
843 2712 878 2753 eo
892 2714 1042 2770 unqmnur,
1057 2694 1244 2770 baptisemur,
1259 2701 1289 2752 et
1302 2693 1447 2766 repleam,

268 2772 347 2850 quod
361 2773 524 2849 effitndetur
537 2791 555 2829 e
570 2771 634 2830 Deo
650 2779 680 2831 et
692 2771 778 2831 nobis
792 2771 893 2850 det1u;
914 2774 972 2833 ists
985 2773 1021 2832 de
1035 2773 1120 2832 donis
1133 2776 1203 2852 ejus
1220 2775 1251 2832 in
1265 2771 1347 2830 nobis
1361 2763 1447 2826 iutelli-

268 2851 365 2930 gendo
388 2859 473 2929 sunt,
502 2851 652 2930 supposita
672 2859 770 2911 temen
793 2853 928 2912 Personas
951 2855 1015 2931 ejus
1028 2853 1172 2916 veritate:
1205 2863 1235 2912 et
1258 2851 1382 2911 cussus
1401 2861 1447 2902 non
1498 2849 1499 2857 ’

268 2931 364 2990 minus
378 2931 484 2992 dioitm
503 2931 594 3008 indui,
608 2932 707 3010 reeipi,
722 2933 891 2992 manducari
905 2953 923 2994 s
936 2933 1029 3012 nobis,
1049 2944 1079 2992 et
1092 2933 1180 2994 nobis
1195 2953 1213 2992 u
1228 2933 1292 2992 Deo
1305 2928 1371 3004 duri,
1390 2923 1447 2984 ciffi

270 3009 489 3072 Personulitstis
503 3032 563 3072 suae
577 3012 787 3092 prsejudioiurn.
1496 3043 1497 3047 ,

311 3093 406 3152 XIX.
428 3097 552 3174 Μιςιᾳιὶ
574 3091 707 3170 Spiritus,
724 3092 801 3152 Heb.
819 3092 849 3152 ii.
863 3097 891 3168 4,
906 3111 964 3151 nou
978 3099 1037 3152 tam
1054 3100 1159 3152 sonent
1173 3092 1289 3170 partios
1301 3083 1445 3168 partifi⁰1¹0⁸
1495 3119 1496 3142 ι

271 3171 404 3250 Spiritus,
416 3193 503 3249 quam
517 3173 605 3232 active
619 3171 837 3232 distributiones
850 3171 990 3232 donorum
1004 3190 1126 3249 quorum
1140 3173 1176 3233 iit
1189 3171 1307 3246 mentio,
1318 3185 1377 3246 qus
1388 3162 1444 3219 fiunt
1494 3205 1495 3237 ,

268 3271 287 3309 ιι
302 3251 411 3328 Spiritu
427 3251 457 3310 S.
472 3251 613 3329 quidone
634 3272 686 3311 sus
700 3251 847 3313 distribuit
859 3252 965 3331 quibus
982 3253 1083 3326 vulti
1100 3253 1166 3312 Cor.
1182 3253 1235 3312 xii
1252 3255 1298 3310 ll.
1319 3247 1391 3306 Lieet
1409 3257 1442 3296 er·
1493 3257 1494 3333 ι

268 3349 307 3406 go
321 3329 554 3390 dist1ibntionem
568 3331 709 3390 donorum
720 3331 844 3409 Spiritus
860 3331 889 3392 S.
905 3351 1105 3410 agnoscemus,
1116 3340 1217 3392 umen
1232 3331 1321 3409 ipsius
1332 3326 1442 3384 Pessonae

270 3407 521 3500 Spi1itusS.‚quae
535 3410 566 3467 in
581 3429 611 3468 se
626 3410 752 3472 indivise
762 3421 815 3489 est,
831 3420 861 3472 et
873 3411 969 3471 diviso
982 3430 1000 3471 s
1013 3411 1144 3489 quolibet
1157 3413 1226 3490 elio,
1238 3408 1396 3469 divisionem
1403 3403 1441 3456 ⁸11¹

267 3488 451 3564 partitionem
465 3507 616 3565 negamus.
1410 3555 1417 3569 .

310 3565 387 3625 XX.
410 3566 453 3626 Ut
473 3568 598 3646 Spiritus
623 3568 747 3629 Sanetus
768 3590 844 3650 sepe
869 3577 996 3648 metony.
1017 3570 1136 3648 ponitur
1155 3591 1209 3650 pro
1233 3562 1439 3647 donis³¹1i⁸‚¹‚tn

268 3645 374 3706 dieitur
387 3646 436 3705 vei
454 3647 555 3724 sugeri
568 3649 617 3706 vel
631 3649 731 3726 minui,
747 3670 806 3709 non
824 3651 934 3710 ratione
954 3649 1096 3728 prineipIi,
1118 3651 1171 3710 sed
1188 3651 1327 3710 donorum
1344 3657 1398 3720 quw
1414 3651 1437 3690 ¹¹¹

268 3725 400 3786 homines
414 3725 559 3786 diffiundit.
601 3728 649 3788 Itu
664 3729 744 3789 Deus
765 3730 871 3790 dieitur
884 3729 921 3789 de
942 3729 1044 3789 eodem
1067 3730 1186 3808 Spiritu,
1226 3748 1291 3788 uem
1305 3717 1438 3783 contulerat

270 3807 356 3882 Mosi,
372 3806 411 3864 id.
426 3825 464 3865 ex
478 3805 581 3866 iisdem
595 3807 680 3868 donis
694 3817 724 3868 et
738 3809 847 3887 gratiis,
859 3829 924 3887 quae
937 3819 1020 3870 erent
1032 3811 1202 3870 neeesssrie
1259 3809 1296 3886 ip.
1305 3803 1344 3862 illi
1356 3811 1435 3886 ‘ebed'

268 3885 322 3961 dee,
339 3886 501 3965 seposuisse
516 3887 595 3965 quod
609 3887 744 3948 duret'10
760 3889 935 3965 Senioribus,
947 3899 980 3950 ut
994 3890 1025 3948 in
1045 3898 1157 3968 purtem
1171 3891 1250 3950 illius
1263 3875 1438 3963 „omnebus

268 3965 411 4042 venirent,
428 3967 514 4026 Num.
529 3968 570 4026 xi.
587 3971 634 4028 17.
658 3969 785 4028 Elisseus
799 3970 937 4047 diplieem
950 3969 1088 4046 Spiritum
1101 3991 1154 4048 pro
1169 3989 1200 4030 se
1213 3967 1292 4048 petit,
1307 3968 1325 4022 2
1338 3961 1400 4030 Bet·
1413 3969 1436 4006 ¹¹·

268 4047 296 4120 9,
312 4045 352 4105 id.
367 4047 539 4107 charismate
552 4046 642 4127 duplo
655 4049 765 4126 mejors
779 4047 815 4108 iis
828 4069 893 4126 quse
914 4049 945 4107 in
958 4049 1024 4108 siiis
1038 4049 1191 4128 Prophetis
1205 4047 1292 4123 vulgo
1305 4033 1435 4102 oemebsn·

268 4132 323 4200 tur,
338 4126 387 4184 vel
400 4127 519 4206 duplam
531 4128 693 4206 portionem
708 4129 848 4188 donorum
864 4129 997 4207 Spiritus,
1009 4129 1049 4188 id.
1064 4149 1199 4207 magnam
1213 4127 1328 4204 eripiam,
1341 4115 1374 4174 ⁸³
1386 4127 1435 4196 ⁵¹¹⁵:

267 4203 417 4264 tinendum
438 4225 576 4284 magnum
597 4217 627 4266 et
640 4207 756 4266 difficile
776 4227 881 4268 munus
895 4209 974 4286 quod
994 4208 1038 4268 ilii
1056 4208 1288 4269 demendsbstur.
1326 4189 1433 4288 QUIS

267 4291 389 4342 vocetur
401 4287 490 4344 uir-teu
504 4295 533 4345 et
546 4288 661 4364 spiritus
674 4287 759 4364 Elioe,
782 4288 854 4347 Lue.
867 4289 888 4348 i.
904 4293 950 4363 11,
965 4307 1025 4347 nou
1039 4289 1222 4367 oripimtter,
1245 4281 1294 4344 sed
1314 4275 1435 4350 subm

267 4360 323 4419 boe
337 4371 381 4422 est
395 4365 625 4444 intelligendum,
640 4367 709 4445 quie
723 4368 752 4426 in
767 4367 835 4427 Elis
847 4368 1001 4428 residebat
1360 4432 1366 4446 ,
1425 4429 1428 4436 .

309 4439 404 4501 XXI.
427 4445 522 4504 Verus
538 4447 618 4506 Dens
632 4467 690 4506 non
704 4455 800 4526 potest
819 4449 893 4507 mitti
910 4467 962 4526 per
975 4450 1130 4526 isuper-ium,
1146 4449 1215 4527 quis
1234 4463 1263 4503 se
1282 4441 1429 4522 supfflfmm

268 4531 327 4572 non
341 4525 490 4600 agnoseit5
513 4525 566 4584 sed
578 4537 674 4606 potest
694 4527 769 4588 mitti
790 4547 1024 4606 percenseremus,
1040 4529 1119 4606 quod
1132 4525 1322 4588 diversitatem
1334 4506 1428 4603 ΨΜ

266 4593 524 4753 defficibiossiiiried
538 4624 596 4665 non
610 4607 753 4667 esseutiae.
777 4607 871 4669 Filius
885 4617 915 4668 et
931 4609 1056 4688 SpIritus
1070 4609 1222 4670 mittuntur
1234 4596 1367 4682 posterion
1379 4601 1426 4643 no·

305 4715 313 4744 '
489 4725 497 4739 .
1015 4709 1020 4720 “
1414 4715 1418 4724 ,
