<?xml version="1.0" encoding="UTF-8"?>
<!DOCTYPE html PUBLIC "-//W3C//DTD XHTML 1.0 Transitional//EN"
    "http://www.w3.org/TR/xhtml1/DTD/xhtml1-transitional.dtd">
<html xmlns="http://www.w3.org/1999/xhtml" xml:lang="en" lang="en">
 <head>
  <title>
</title>
<meta http-equiv="Content-Type" content="text/html;charset=utf-8" />
  <meta name='ocr-system' content='tesseract 3.04.00' />
  <meta name='ocr-capabilities' content='ocr_page ocr_carea ocr_par ocr_line ocrx_word'/>
</head>
<body>
  <div class='ocr_page' id='page_1' title='image "./francisciturret01pictgoog_0659.png"; bbox 0 0 3250 5176; ppageno 0'>
   <div class='ocr_carea' id='block_1_1' title="bbox 255 377 1464 461">
    <p class='ocr_par' dir='ltr' id='par_1_1' title="bbox 255 377 1464 461">
     <span class='ocr_line' id='line_1_1' title="bbox 255 377 1464 461; baseline -0.002 -19"><span class='ocrx_word' id='word_1_1' title='bbox 255 383 314 442; x_wconf 78' lang='lat'><strong>604</strong></span> <span class='ocrx_word' id='word_1_2' title='bbox 745 397 836 440; x_wconf 78' lang='lat' dir='ltr'><strong>rocus</strong></span> <span class='ocrx_word' id='word_1_3' title='bbox 849 397 988 439; x_wconf 81' lang='lat' dir='ltr'><strong>aceruus.</strong></span> <span class='ocrx_word' id='word_1_4' title='bbox 1271 377 1401 461; x_wconf 72' lang='lat' dir='ltr'><strong>[onear.</strong></span> <span class='ocrx_word' id='word_1_5' title='bbox 1417 399 1464 440; x_wconf 88' lang='lat'><strong>111.</strong></span> 
     </span>
    </p>
   </div>
   <div class='ocr_carea' id='block_1_2' title="bbox 239 537 1496 4792">
    <p class='ocr_par' dir='ltr' id='par_1_2' title="bbox 250 537 1461 1502">
     <span class='ocr_line' id='line_1_2' title="bbox 294 537 1458 619; baseline -0.001 -17"><span class='ocrx_word' id='word_1_6' title='bbox 294 543 385 602; x_wconf 91' lang='lat' dir='ltr'><strong>VIII.</strong></span> <span class='ocrx_word' id='word_1_7' title='bbox 407 542 515 619; x_wconf 84' lang='lat' dir='ltr'><strong>Tertio,</strong></span> <span class='ocrx_word' id='word_1_8' title='bbox 538 541 613 618; x_wconf 81' lang='lat' dir='ltr'><strong>Quia</strong></span> <span class='ocrx_word' id='word_1_9' title='bbox 626 541 727 601; x_wconf 89' lang='lat' dir='ltr'><strong>volitio</strong></span> <span class='ocrx_word' id='word_1_10' title='bbox 742 539 846 600; x_wconf 89' lang='lat' dir='ltr'><strong>summi</strong></span> <span class='ocrx_word' id='word_1_11' title='bbox 867 540 937 600; x_wconf 92' lang='lat' dir='ltr'><strong>boni</strong></span> <span class='ocrx_word' id='word_1_12' title='bbox 957 547 986 600; x_wconf 90' lang='lat' dir='ltr'><strong>et</strong></span> <span class='ocrx_word' id='word_1_13' title='bbox 999 537 1095 598; x_wconf 88' lang='lat' dir='ltr'><strong>ultimi</strong></span> <span class='ocrx_word' id='word_1_14' title='bbox 1114 537 1181 598; x_wconf 83' lang='lat' dir='ltr'><strong>finis</strong></span> <span class='ocrx_word' id='word_1_15' title='bbox 1201 557 1259 598; x_wconf 92' lang='lat' dir='ltr'><strong>non</strong></span> <span class='ocrx_word' id='word_1_16' title='bbox 1280 548 1458 618; x_wconf 87' lang='lat' dir='ltr'><strong>potestesse</strong></span> 
     </span>
     <span class='ocr_line' id='line_1_3' title="bbox 254 621 1460 700; baseline 0 -18"><span class='ocrx_word' id='word_1_17' title='bbox 254 623 317 683; x_wconf 91' lang='lat' dir='ltr'><strong>sine</strong></span> <span class='ocrx_word' id='word_1_18' title='bbox 332 643 444 684; x_wconf 86' lang='lat' dir='ltr'><strong>summa</strong></span> <span class='ocrx_word' id='word_1_19' title='bbox 457 623 603 700; x_wconf 82' lang='lat' dir='ltr'><strong>lubentia3</strong></span> <span class='ocrx_word' id='word_1_20' title='bbox 626 623 665 681; x_wconf 89' lang='lat' dir='ltr'><strong>Et</strong></span> <span class='ocrx_word' id='word_1_21' title='bbox 678 631 776 682; x_wconf 64' lang='lat' dir='ltr'><strong>umen</strong></span> <span class='ocrx_word' id='word_1_22' title='bbox 788 641 847 680; x_wconf 90' lang='lat' dir='ltr'><strong>non</strong></span> <span class='ocrx_word' id='word_1_23' title='bbox 862 630 907 681; x_wconf 91' lang='lat' dir='ltr'><strong>est</strong></span> <span class='ocrx_word' id='word_1_24' title='bbox 921 622 982 681; x_wconf 88' lang='lat' dir='ltr'><strong>sine</strong></span> <span class='ocrx_word' id='word_1_25' title='bbox 996 628 1145 698; x_wconf 86' lang='lat' dir='ltr'><strong>magnast</strong></span> <span class='ocrx_word' id='word_1_26' title='bbox 1163 621 1344 680; x_wconf 74' lang='lat' dir='ltr'><strong>ineluctabili</strong></span> <span class='ocrx_word' id='word_1_27' title='bbox 1357 641 1460 682; x_wconf 86' lang='lat' dir='ltr'><strong>neces·</strong></span> 
     </span>
     <span class='ocr_line' id='line_1_4' title="bbox 254 700 1459 781; baseline -0.002 -18"><span class='ocrx_word' id='word_1_28' title='bbox 254 704 356 764; x_wconf 86' lang='lat' dir='ltr'><strong>sitate:</strong></span> <span class='ocrx_word' id='word_1_29' title='bbox 378 706 451 764; x_wconf 83' lang='lat' dir='ltr'><strong>Cum</strong></span> <span class='ocrx_word' id='word_1_30' title='bbox 466 724 503 762; x_wconf 87' lang='lat' dir='ltr'><strong>ex</strong></span> <span class='ocrx_word' id='word_1_31' title='bbox 525 702 766 761; x_wconf 86' lang='lat' dir='ltr'><strong>Adversariorum</strong></span> <span class='ocrx_word' id='word_1_32' title='bbox 791 703 920 780; x_wconf 92' lang='lat' dir='ltr'><strong>ipsorum</strong></span> <span class='ocrx_word' id='word_1_33' title='bbox 934 720 1076 761; x_wconf 86' lang='lat' dir='ltr'><strong>consensu</strong></span> <span class='ocrx_word' id='word_1_34' title='bbox 1097 708 1127 759; x_wconf 90' lang='lat' dir='ltr'><strong>et</strong></span> <span class='ocrx_word' id='word_1_35' title='bbox 1141 700 1384 778; x_wconf 81' lang='lat' dir='ltr'><strong>Philosophorum</strong></span> <span class='ocrx_word' id='word_1_36' title='bbox 1397 703 1459 781; x_wconf 89' lang='lat' dir='ltr'><strong>pla-</strong></span> 
     </span>
     <span class='ocr_line' id='line_1_5' title="bbox 253 781 1460 863; baseline 0 -21"><span class='ocrx_word' id='word_1_37' title='bbox 253 785 319 844; x_wconf 90' lang='lat' dir='ltr'><strong>citis</strong></span> <span class='ocrx_word' id='word_1_38' title='bbox 333 784 370 843; x_wconf 92' lang='lat' dir='ltr'><strong>ab</strong></span> <span class='ocrx_word' id='word_1_39' title='bbox 391 784 552 863; x_wconf 89' lang='lat' dir='ltr'><strong>appetendo</strong></span> <span class='ocrx_word' id='word_1_40' title='bbox 566 803 678 842; x_wconf 90' lang='lat' dir='ltr'><strong>summo</strong></span> <span class='ocrx_word' id='word_1_41' title='bbox 699 783 775 842; x_wconf 93' lang='lat' dir='ltr'><strong>bono</strong></span> <span class='ocrx_word' id='word_1_42' title='bbox 790 783 934 842; x_wconf 88' lang='lat' dir='ltr'><strong>abstinere</strong></span> <span class='ocrx_word' id='word_1_43' title='bbox 955 802 1014 840; x_wconf 92' lang='lat' dir='ltr'><strong>non</strong></span> <span class='ocrx_word' id='word_1_44' title='bbox 1032 781 1184 860; x_wconf 88' lang='lat' dir='ltr'><strong>possimus,</strong></span> <span class='ocrx_word' id='word_1_45' title='bbox 1207 782 1276 858; x_wconf 89' lang='lat' dir='ltr'><strong>quia</strong></span> <span class='ocrx_word' id='word_1_46' title='bbox 1289 802 1407 842; x_wconf 90' lang='lat' dir='ltr'><strong>nemoe</strong></span> <span class='ocrx_word' id='word_1_47' title='bbox 1429 803 1460 842; x_wconf 88' lang='lat' dir='ltr'><strong>se</strong></span> 
     </span>
     <span class='ocr_line' id='line_1_6' title="bbox 253 861 1459 943; baseline 0.001 -21"><span class='ocrx_word' id='word_1_48' title='bbox 253 865 405 943; x_wconf 86' lang='lat' dir='ltr'><strong>impetrare</strong></span> <span class='ocrx_word' id='word_1_49' title='bbox 418 872 522 942; x_wconf 79' lang='lat' dir='ltr'><strong>potest,</strong></span> <span class='ocrx_word' id='word_1_50' title='bbox 544 872 577 923; x_wconf 91' lang='lat' dir='ltr'><strong>ut</strong></span> <span class='ocrx_word' id='word_1_51' title='bbox 590 863 663 923; x_wconf 88' lang='lat' dir='ltr'><strong>velit</strong></span> <span class='ocrx_word' id='word_1_52' title='bbox 676 883 740 923; x_wconf 89' lang='lat' dir='ltr'><strong>esse</strong></span> <span class='ocrx_word' id='word_1_53' title='bbox 754 863 850 923; x_wconf 90' lang='lat' dir='ltr'><strong>miser.</strong></span> <span class='ocrx_word' id='word_1_54' title='bbox 893 863 955 922; x_wconf 88' lang='lat' dir='ltr'><strong>Nee</strong></span> <span class='ocrx_word' id='word_1_55' title='bbox 969 862 1027 921; x_wconf 88' lang='lat' dir='ltr'><strong>diei</strong></span> <span class='ocrx_word' id='word_1_56' title='bbox 1047 870 1142 940; x_wconf 89' lang='lat' dir='ltr'><strong>potest</strong></span> <span class='ocrx_word' id='word_1_57' title='bbox 1162 861 1286 921; x_wconf 89' lang='lat' dir='ltr'><strong>liberum</strong></span> <span class='ocrx_word' id='word_1_58' title='bbox 1306 863 1459 923; x_wconf 87' lang='lat' dir='ltr'><strong>arbitrium</strong></span> 
     </span>
     <span class='ocr_line' id='line_1_7' title="bbox 253 941 1461 1020; baseline -0.001 -17"><span class='ocrx_word' id='word_1_59' title='bbox 253 965 312 1004; x_wconf 93' lang='lat' dir='ltr'><strong>non</strong></span> <span class='ocrx_word' id='word_1_60' title='bbox 326 945 435 1004; x_wconf 88' lang='lat' dir='ltr'><strong>versari</strong></span> <span class='ocrx_word' id='word_1_61' title='bbox 456 945 532 1002; x_wconf 89' lang='lat' dir='ltr'><strong>circa</strong></span> <span class='ocrx_word' id='word_1_62' title='bbox 545 963 689 1004; x_wconf 89' lang='lat' dir='ltr'><strong>summum</strong></span> <span class='ocrx_word' id='word_1_63' title='bbox 703 944 820 1020; x_wconf 92' lang='lat' dir='ltr'><strong>bonum,</strong></span> <span class='ocrx_word' id='word_1_64' title='bbox 843 963 894 1002; x_wconf 89' lang='lat' dir='ltr'><strong>seu</strong></span> <span class='ocrx_word' id='word_1_65' title='bbox 908 943 1042 1003; x_wconf 87' lang='lat' dir='ltr'><strong>ultimum</strong></span> <span class='ocrx_word' id='word_1_66' title='bbox 1063 942 1159 1017; x_wconf 88' lang='lat' dir='ltr'>finem,</span> <span class='ocrx_word' id='word_1_67' title='bbox 1182 941 1234 1000; x_wconf 91' lang='lat' dir='ltr'><strong>sed</strong></span> <span class='ocrx_word' id='word_1_68' title='bbox 1254 951 1369 1002; x_wconf 88' lang='lat' dir='ltr'><strong>tentum</strong></span> <span class='ocrx_word' id='word_1_69' title='bbox 1383 944 1461 1002; x_wconf 89' lang='lat' dir='ltr'><strong>eirea</strong></span> 
     </span>
     <span class='ocr_line' id='line_1_8' title="bbox 252 1022 1458 1102; baseline 0.002 -20"><span class='ocrx_word' id='word_1_70' title='bbox 252 1025 421 1084; x_wconf 78' lang='lat' dir='ltr'><strong>electionem</strong></span> <span class='ocrx_word' id='word_1_71' title='bbox 435 1024 604 1083; x_wconf 90' lang='lat' dir='ltr'><strong>mediorum.</strong></span> <span class='ocrx_word' id='word_1_72' title='bbox 647 1023 723 1099; x_wconf 85' lang='lat' dir='ltr'><strong>Quia</strong></span> <span class='ocrx_word' id='word_1_73' title='bbox 735 1044 801 1083; x_wconf 88' lang='lat' dir='ltr'><strong>cum</strong></span> <span class='ocrx_word' id='word_1_74' title='bbox 815 1024 846 1082; x_wconf 92' lang='lat' dir='ltr'><strong>in</strong></span> <span class='ocrx_word' id='word_1_75' title='bbox 856 1024 1031 1102; x_wconf 88' lang='lat' dir='ltr'><strong>appetitione</strong></span> <span class='ocrx_word' id='word_1_76' title='bbox 1046 1023 1150 1082; x_wconf 87' lang='lat' dir='ltr'><strong>summi</strong></span> <span class='ocrx_word' id='word_1_77' title='bbox 1164 1022 1234 1082; x_wconf 93' lang='lat' dir='ltr'><strong>boni</strong></span> <span class='ocrx_word' id='word_1_78' title='bbox 1241 1023 1305 1082; x_wconf 90' lang='lat' dir='ltr'><strong>veri</strong></span> <span class='ocrx_word' id='word_1_79' title='bbox 1318 1023 1368 1083; x_wconf 87' lang='lat' dir='ltr'><strong>vel</strong></span> <span class='ocrx_word' id='word_1_80' title='bbox 1381 1023 1458 1100; x_wconf 79' lang='lat' dir='ltr'><strong>salsi,</strong></span> 
     </span>
     <span class='ocr_line' id='line_1_9' title="bbox 251 1103 1458 1182; baseline 0 -20"><span class='ocrx_word' id='word_1_81' title='bbox 251 1106 324 1164; x_wconf 91' lang='lat' dir='ltr'><strong>ratio</strong></span> <span class='ocrx_word' id='word_1_82' title='bbox 338 1104 454 1164; x_wconf 90' lang='lat' dir='ltr'><strong>virtutis</strong></span> <span class='ocrx_word' id='word_1_83' title='bbox 475 1104 523 1162; x_wconf 86' lang='lat' dir='ltr'><strong>vel</strong></span> <span class='ocrx_word' id='word_1_84' title='bbox 537 1103 602 1163; x_wconf 90' lang='lat' dir='ltr'><strong>vitii</strong></span> <span class='ocrx_word' id='word_1_85' title='bbox 621 1105 766 1182; x_wconf 71' lang='lat' dir='ltr'><strong>praecipue</strong></span> <span class='ocrx_word' id='word_1_86' title='bbox 787 1105 843 1163; x_wconf 90' lang='lat' dir='ltr'><strong>sita</strong></span> <span class='ocrx_word' id='word_1_87' title='bbox 857 1105 913 1165; x_wconf 88' lang='lat' dir='ltr'><strong>sit:</strong></span> <span class='ocrx_word' id='word_1_88' title='bbox 933 1123 1051 1162; x_wconf 90' lang='lat' dir='ltr'><strong>necesse</strong></span> <span class='ocrx_word' id='word_1_89' title='bbox 1072 1110 1163 1163; x_wconf 88' lang='lat' dir='ltr'><strong>estut</strong></span> <span class='ocrx_word' id='word_1_90' title='bbox 1183 1103 1301 1162; x_wconf 89' lang='lat' dir='ltr'><strong>libertas</strong></span> <span class='ocrx_word' id='word_1_91' title='bbox 1323 1104 1458 1182; x_wconf 81' lang='lat' dir='ltr'><strong>sineque</strong></span> 
     </span>
     <span class='ocr_line' id='line_1_10' title="bbox 251 1183 1458 1261; baseline 0 -19"><span class='ocrx_word' id='word_1_92' title='bbox 251 1185 331 1242; x_wconf 87' lang='lat' dir='ltr'><strong>nulla</strong></span> <span class='ocrx_word' id='word_1_93' title='bbox 345 1185 430 1243; x_wconf 87' lang='lat' dir='ltr'><strong>datur</strong></span> <span class='ocrx_word' id='word_1_94' title='bbox 442 1184 491 1242; x_wconf 91' lang='lat' dir='ltr'><strong>vel</strong></span> <span class='ocrx_word' id='word_1_95' title='bbox 505 1183 621 1243; x_wconf 88' lang='lat' dir='ltr'><strong>virtutis</strong></span> <span class='ocrx_word' id='word_1_96' title='bbox 636 1184 684 1242; x_wconf 94' lang='lat' dir='ltr'><strong>vel</strong></span> <span class='ocrx_word' id='word_1_97' title='bbox 697 1185 762 1243; x_wconf 90' lang='lat' dir='ltr'><strong>vitii</strong></span> <span class='ocrx_word' id='word_1_98' title='bbox 776 1185 858 1261; x_wconf 88' lang='lat' dir='ltr'><strong>ratio,</strong></span> <span class='ocrx_word' id='word_1_99' title='bbox 874 1185 950 1243; x_wconf 86' lang='lat' dir='ltr'><strong>circe</strong></span> <span class='ocrx_word' id='word_1_100' title='bbox 962 1183 1037 1242; x_wconf 91' lang='lat' dir='ltr'><strong>illud</strong></span> <span class='ocrx_word' id='word_1_101' title='bbox 1047 1202 1106 1242; x_wconf 92' lang='lat' dir='ltr'><strong>non</strong></span> <span class='ocrx_word' id='word_1_102' title='bbox 1119 1183 1215 1242; x_wconf 90' lang='lat' dir='ltr'><strong>minue</strong></span> <span class='ocrx_word' id='word_1_103' title='bbox 1226 1201 1260 1242; x_wconf 87' lang='lat' dir='ltr'><strong>ao</strong></span> <span class='ocrx_word' id='word_1_104' title='bbox 1273 1183 1351 1242; x_wconf 88' lang='lat' dir='ltr'><strong>circa</strong></span> <span class='ocrx_word' id='word_1_105' title='bbox 1361 1184 1458 1242; x_wconf 86' lang='lat' dir='ltr'><strong>medie</strong></span> 
     </span>
     <span class='ocr_line' id='line_1_11' title="bbox 251 1263 1457 1340; baseline 0.001 -18"><span class='ocrx_word' id='word_1_106' title='bbox 251 1273 391 1326; x_wconf 80' lang='lat' dir='ltr'><strong>versetur.</strong></span> <span class='ocrx_word' id='word_1_107' title='bbox 435 1264 547 1323; x_wconf 82' lang='lat' dir='ltr'><strong>Deinde</strong></span> <span class='ocrx_word' id='word_1_108' title='bbox 562 1284 628 1322; x_wconf 91' lang='lat' dir='ltr'><strong>cum</strong></span> <span class='ocrx_word' id='word_1_109' title='bbox 642 1263 737 1322; x_wconf 90' lang='lat' dir='ltr'><strong>media</strong></span> <span class='ocrx_word' id='word_1_110' title='bbox 751 1265 862 1339; x_wconf 85' lang='lat' dir='ltr'><strong>dentur,</strong></span> <span class='ocrx_word' id='word_1_111' title='bbox 881 1283 947 1340; x_wconf 79' lang='lat' dir='ltr'><strong>quae</strong></span> <span class='ocrx_word' id='word_1_112' title='bbox 967 1263 1159 1322; x_wconf 87' lang='lat' dir='ltr'><strong>necessariam</strong></span> <span class='ocrx_word' id='word_1_113' title='bbox 1181 1265 1392 1323; x_wconf 80' lang='lat' dir='ltr'><strong>connexionem</strong></span> <span class='ocrx_word' id='word_1_114' title='bbox 1405 1265 1457 1323; x_wconf 87' lang='lat' dir='ltr'><strong>ha·</strong></span> 
     </span>
     <span class='ocr_line' id='line_1_12' title="bbox 250 1343 1459 1422; baseline 0.001 -19"><span class='ocrx_word' id='word_1_115' title='bbox 250 1344 321 1403; x_wconf 90' lang='lat' dir='ltr'><strong>bent</strong></span> <span class='ocrx_word' id='word_1_116' title='bbox 334 1365 400 1404; x_wconf 90' lang='lat' dir='ltr'><strong>cum</strong></span> <span class='ocrx_word' id='word_1_117' title='bbox 420 1344 486 1418; x_wconf 85' lang='lat' dir='ltr'><strong>fine,</strong></span> <span class='ocrx_word' id='word_1_118' title='bbox 502 1352 532 1403; x_wconf 90' lang='lat' dir='ltr'><strong>et</strong></span> <span class='ocrx_word' id='word_1_119' title='bbox 552 1345 628 1403; x_wconf 87' lang='lat' dir='ltr'><strong>circa</strong></span> <span class='ocrx_word' id='word_1_120' title='bbox 648 1363 769 1421; x_wconf 89' lang='lat' dir='ltr'><strong>quornm</strong></span> <span class='ocrx_word' id='word_1_121' title='bbox 784 1345 954 1403; x_wconf 87' lang='lat' dir='ltr'><strong>electionem</strong></span> <span class='ocrx_word' id='word_1_122' title='bbox 974 1343 1110 1402; x_wconf 89' lang='lat' dir='ltr'><strong>voluntas</strong></span> <span class='ocrx_word' id='word_1_123' title='bbox 1124 1350 1264 1420; x_wconf 81' lang='lat' dir='ltr'><strong>versetur,</strong></span> <span class='ocrx_word' id='word_1_124' title='bbox 1287 1343 1378 1404; x_wconf 88' lang='lat' dir='ltr'><strong>libere</strong></span> <span class='ocrx_word' id='word_1_125' title='bbox 1392 1345 1459 1422; x_wconf 89' lang='lat' dir='ltr'><strong>qui-</strong></span> 
     </span>
     <span class='ocr_line' id='line_1_13' title="bbox 250 1423 1173 1502; baseline 0.002 -20"><span class='ocrx_word' id='word_1_126' title='bbox 250 1424 317 1483; x_wconf 89' lang='lat' dir='ltr'><strong>dem</strong></span> <span class='ocrx_word' id='word_1_127' title='bbox 331 1425 362 1482; x_wconf 94' lang='lat' dir='ltr'><strong>in</strong></span> <span class='ocrx_word' id='word_1_128' title='bbox 375 1424 434 1484; x_wconf 90' lang='lat' dir='ltr'><strong>illis</strong></span> <span class='ocrx_word' id='word_1_129' title='bbox 448 1424 599 1502; x_wconf 82' lang='lat' dir='ltr'><strong>eligendis,</strong></span> <span class='ocrx_word' id='word_1_130' title='bbox 615 1423 666 1483; x_wconf 87' lang='lat' dir='ltr'><strong>sed</strong></span> <span class='ocrx_word' id='word_1_131' title='bbox 680 1433 777 1482; x_wconf 87' lang='lat' dir='ltr'><strong>tamen</strong></span> <span class='ocrx_word' id='word_1_132' title='bbox 790 1424 961 1498; x_wconf 87' lang='lat' dir='ltr'><strong>necessario,</strong></span> <span class='ocrx_word' id='word_1_133' title='bbox 977 1423 1173 1501; x_wconf 80' lang='lat' dir='ltr'><strong>occupabitur.</strong></span> 
     </span>
    </p>

    <p class='ocr_par' dir='ltr' id='par_1_3' title="bbox 244 1503 1458 2786">
     <span class='ocr_line' id='line_1_14' title="bbox 291 1503 1458 1581; baseline 0 -17"><span class='ocrx_word' id='word_1_134' title='bbox 291 1504 352 1564; x_wconf 88' lang='lat' dir='ltr'><strong>IX.</strong></span> <span class='ocrx_word' id='word_1_135' title='bbox 375 1505 492 1581; x_wconf 85' lang='lat' dir='ltr'><strong>Quarto,</strong></span> <span class='ocrx_word' id='word_1_136' title='bbox 509 1505 609 1563; x_wconf 88' lang='lat' dir='ltr'><strong>Posita</strong></span> <span class='ocrx_word' id='word_1_137' title='bbox 622 1503 815 1563; x_wconf 87' lang='lat' dir='ltr'><strong>indifferentia</strong></span> <span class='ocrx_word' id='word_1_138' title='bbox 825 1504 992 1580; x_wconf 86' lang='lat' dir='ltr'><strong>voluntatis,</strong></span> <span class='ocrx_word' id='word_1_139' title='bbox 1010 1507 1036 1562; x_wconf 95' lang='lat'><strong>1.</strong></span> <span class='ocrx_word' id='word_1_140' title='bbox 1048 1503 1173 1562; x_wconf 87' lang='lat' dir='ltr'><strong>Tollitur</strong></span> <span class='ocrx_word' id='word_1_141' title='bbox 1184 1523 1303 1580; x_wconf 82' lang='lat' dir='ltr'><strong>precum</strong></span> <span class='ocrx_word' id='word_1_142' title='bbox 1317 1513 1344 1563; x_wconf 87' lang='lat' dir='ltr'><strong>et</strong></span> <span class='ocrx_word' id='word_1_143' title='bbox 1356 1506 1458 1564; x_wconf 79' lang='lat' dir='ltr'><strong>hortu·</strong></span> 
     </span>
     <span class='ocr_line' id='line_1_15' title="bbox 250 1578 1458 1662; baseline 0.001 -18"><span class='ocrx_word' id='word_1_144' title='bbox 250 1585 356 1645; x_wconf 66' lang='lat' dir='ltr'><strong>donum</strong></span> <span class='ocrx_word' id='word_1_145' title='bbox 369 1607 442 1662; x_wconf 75' lang='lat' dir='ltr'><strong>essu,</strong></span> <span class='ocrx_word' id='word_1_146' title='bbox 458 1585 526 1662; x_wconf 86' lang='lat' dir='ltr'><strong>quia</strong></span> <span class='ocrx_word' id='word_1_147' title='bbox 540 1585 645 1644; x_wconf 84' lang='lat' dir='ltr'><strong>fnrstra</strong></span> <span class='ocrx_word' id='word_1_148' title='bbox 658 1593 757 1644; x_wconf 87' lang='lat' dir='ltr'><strong>oratur</strong></span> <span class='ocrx_word' id='word_1_149' title='bbox 771 1585 859 1660; x_wconf 88' lang='lat' dir='ltr'><strong>Deus,</strong></span> <span class='ocrx_word' id='word_1_150' title='bbox 877 1592 910 1644; x_wconf 91' lang='lat' dir='ltr'><strong>ut</strong></span> <span class='ocrx_word' id='word_1_151' title='bbox 923 1604 977 1643; x_wconf 90' lang='lat' dir='ltr'><strong>nos</strong></span> <span class='ocrx_word' id='word_1_152' title='bbox 991 1591 1143 1643; x_wconf 76' lang='lat' dir='ltr'><strong>convertat</strong></span> <span class='ocrx_word' id='word_1_153' title='bbox 1154 1591 1183 1642; x_wconf 93' lang='lat' dir='ltr'><strong>et</strong></span> <span class='ocrx_word' id='word_1_154' title='bbox 1197 1578 1365 1658; x_wconf 79' lang='lat' dir='ltr'><strong>sanctificet,</strong></span> <span class='ocrx_word' id='word_1_155' title='bbox 1381 1585 1458 1645; x_wconf 80' lang='lat' dir='ltr'><strong>frus-</strong></span> 
     </span>
     <span class='ocr_line' id='line_1_16' title="bbox 250 1663 1457 1743; baseline -0.001 -19"><span class='ocrx_word' id='word_1_156' title='bbox 250 1673 296 1724; x_wconf 90' lang='lat' dir='ltr'><strong>tre</strong></span> <span class='ocrx_word' id='word_1_157' title='bbox 315 1665 492 1724; x_wconf 78' lang='lat' dir='ltr'><strong>hortationes</strong></span> <span class='ocrx_word' id='word_1_158' title='bbox 516 1665 697 1740; x_wconf 90' lang='lat' dir='ltr'><strong>adhibentur,</strong></span> <span class='ocrx_word' id='word_1_159' title='bbox 721 1665 746 1724; x_wconf 93' lang='lat' dir='ltr'><strong>si</strong></span> <span class='ocrx_word' id='word_1_160' title='bbox 766 1663 861 1742; x_wconf 86' lang='lat' dir='ltr'><strong>posita</strong></span> <span class='ocrx_word' id='word_1_161' title='bbox 874 1664 1003 1743; x_wconf 86' lang='lat' dir='ltr'><strong>qualibet</strong></span> <span class='ocrx_word' id='word_1_162' title='bbox 1025 1665 1081 1722; x_wconf 91' lang='lat' dir='ltr'><strong>Dei</strong></span> <span class='ocrx_word' id='word_1_163' title='bbox 1101 1663 1222 1741; x_wconf 88' lang='lat' dir='ltr'><strong>actione,</strong></span> <span class='ocrx_word' id='word_1_164' title='bbox 1238 1665 1375 1723; x_wconf 87' lang='lat' dir='ltr'><strong>voluntas</strong></span> <span class='ocrx_word' id='word_1_165' title='bbox 1397 1685 1457 1724; x_wconf 91' lang='lat' dir='ltr'><strong>non</strong></span> 
     </span>
     <span class='ocr_line' id='line_1_17' title="bbox 249 1744 1457 1823; baseline 0.001 -20"><span class='ocrx_word' id='word_1_166' title='bbox 249 1754 345 1822; x_wconf 91' lang='lat' dir='ltr'><strong>potest</strong></span> <span class='ocrx_word' id='word_1_167' title='bbox 359 1744 501 1803; x_wconf 89' lang='lat' dir='ltr'><strong>dimoveri</strong></span> <span class='ocrx_word' id='word_1_168' title='bbox 520 1745 557 1803; x_wconf 89' lang='lat' dir='ltr'><strong>ab</strong></span> <span class='ocrx_word' id='word_1_169' title='bbox 572 1745 741 1822; x_wconf 73' lang='lat' dir='ltr'><strong>aequilibrio,</strong></span> <span class='ocrx_word' id='word_1_170' title='bbox 764 1753 793 1804; x_wconf 92' lang='lat' dir='ltr'><strong>et</strong></span> <span class='ocrx_word' id='word_1_171' title='bbox 806 1752 904 1804; x_wconf 90' lang='lat' dir='ltr'><strong>manet</strong></span> <span class='ocrx_word' id='word_1_172' title='bbox 918 1765 1031 1823; x_wconf 89' lang='lat' dir='ltr'><strong>semper</strong></span> <span class='ocrx_word' id='word_1_173' title='bbox 1048 1744 1078 1802; x_wconf 91' lang='lat' dir='ltr'><strong>in</strong></span> <span class='ocrx_word' id='word_1_174' title='bbox 1093 1745 1157 1821; x_wconf 90' lang='lat' dir='ltr'><strong>ejus</strong></span> <span class='ocrx_word' id='word_1_175' title='bbox 1176 1751 1318 1822; x_wconf 75' lang='lat' dir='ltr'><strong>potestate</strong></span> <span class='ocrx_word' id='word_1_176' title='bbox 1334 1764 1365 1803; x_wconf 87' lang='lat' dir='ltr'><strong>se</strong></span> <span class='ocrx_word' id='word_1_177' title='bbox 1387 1765 1457 1804; x_wconf 90' lang='lat' dir='ltr'><strong>con-</strong></span> 
     </span>
     <span class='ocr_line' id='line_1_18' title="bbox 249 1823 1458 1903; baseline 0.002 -22"><span class='ocrx_word' id='word_1_178' title='bbox 249 1833 361 1884; x_wconf 84' lang='lat' dir='ltr'><strong>vertere</strong></span> <span class='ocrx_word' id='word_1_179' title='bbox 375 1825 423 1884; x_wconf 91' lang='lat' dir='ltr'><strong>vel</strong></span> <span class='ocrx_word' id='word_1_180' title='bbox 444 1844 511 1883; x_wconf 93' lang='lat' dir='ltr'><strong>non.</strong></span> <span class='ocrx_word' id='word_1_181' title='bbox 554 1829 582 1883; x_wconf 79' lang='grc'><strong>2.</strong></span> <span class='ocrx_word' id='word_1_182' title='bbox 598 1825 690 1884; x_wconf 84' lang='lat' dir='ltr'><strong>Venae</strong></span> <span class='ocrx_word' id='word_1_183' title='bbox 704 1824 864 1884; x_wconf 89' lang='lat' dir='ltr'><strong>redduntur</strong></span> <span class='ocrx_word' id='word_1_184' title='bbox 872 1827 1072 1903; x_wconf 69' lang='lat' dir='ltr'><strong>promissiones</strong></span> <span class='ocrx_word' id='word_1_185' title='bbox 1085 1825 1145 1883; x_wconf 85' lang='lat' dir='ltr'><strong>Dei</strong></span> <span class='ocrx_word' id='word_1_186' title='bbox 1157 1824 1193 1883; x_wconf 90' lang='lat' dir='ltr'><strong>da</strong></span> <span class='ocrx_word' id='word_1_187' title='bbox 1207 1823 1357 1884; x_wconf 76' lang='lat' dir='ltr'><strong>effechoue</strong></span> <span class='ocrx_word' id='word_1_188' title='bbox 1373 1845 1458 1884; x_wconf 85' lang='lat' dir='ltr'><strong>senc-</strong></span> 
     </span>
     <span class='ocr_line' id='line_1_19' title="bbox 249 1904 1458 1984; baseline 0.002 -20"><span class='ocrx_word' id='word_1_189' title='bbox 249 1904 341 1964; x_wconf 88' lang='lat' dir='ltr'><strong>titatis</strong></span> <span class='ocrx_word' id='word_1_190' title='bbox 355 1914 384 1965; x_wconf 88' lang='lat' dir='ltr'><strong>et</strong></span> <span class='ocrx_word' id='word_1_191' title='bbox 398 1904 524 1964; x_wconf 89' lang='lat' dir='ltr'><strong>efficacia</strong></span> <span class='ocrx_word' id='word_1_192' title='bbox 538 1905 723 1983; x_wconf 85' lang='lat' dir='ltr'><strong>gratiae,quia</strong></span> <span class='ocrx_word' id='word_1_193' title='bbox 734 1925 791 1964; x_wconf 89' lang='lat' dir='ltr'><strong>non</strong></span> <span class='ocrx_word' id='word_1_194' title='bbox 805 1915 904 1983; x_wconf 88' lang='lat' dir='ltr'><strong>posset</strong></span> <span class='ocrx_word' id='word_1_195' title='bbox 916 1913 1052 1984; x_wconf 83' lang='lat' dir='ltr'><strong>praestare</strong></span> <span class='ocrx_word' id='word_1_196' title='bbox 1063 1904 1142 1982; x_wconf 90' lang='lat' dir='ltr'><strong>quod</strong></span> <span class='ocrx_word' id='word_1_197' title='bbox 1155 1905 1300 1982; x_wconf 75' lang='lat' dir='ltr'><strong>promisit3</strong></span> <span class='ocrx_word' id='word_1_198' title='bbox 1335 1905 1458 1983; x_wconf 86' lang='lat' dir='ltr'><strong>nicquid</strong></span> 
     </span>
     <span class='ocr_line' id='line_1_20' title="bbox 249 1924 1458 2066; baseline 0 -22"><span class='ocrx_word' id='word_1_199' title='bbox 249 1985 326 2044; x_wconf 88' lang='lat' dir='ltr'><strong>enim</strong></span> <span class='ocrx_word' id='word_1_200' title='bbox 340 1993 490 2063; x_wconf 72' lang='lat' dir='ltr'><strong>prestaret</strong></span> <span class='ocrx_word' id='word_1_201' title='bbox 503 1986 580 2045; x_wconf 86' lang='lat' dir='ltr'><strong>eirca</strong></span> <span class='ocrx_word' id='word_1_202' title='bbox 592 1986 781 2063; x_wconf 87' lang='lat' dir='ltr'><strong>voluntatem,</strong></span> <span class='ocrx_word' id='word_1_203' title='bbox 797 1995 926 2046; x_wconf 89' lang='lat' dir='ltr'><strong>maneret</strong></span> <span class='ocrx_word' id='word_1_204' title='bbox 935 2005 1047 2064; x_wconf 86' lang='lat' dir='ltr'><strong>semper</strong></span> <span class='ocrx_word' id='word_1_205' title='bbox 1057 1985 1087 2043; x_wconf 90' lang='lat' dir='ltr'><strong>in</strong></span> <span class='ocrx_word' id='word_1_206' title='bbox 1098 1985 1259 2062; x_wconf 79' lang='lat' dir='ltr'><strong>aequilibrio</strong></span> <span class='ocrx_word' id='word_1_207' title='bbox 1270 1993 1299 2044; x_wconf 92' lang='lat' dir='ltr'><strong>et</strong></span> <span class='ocrx_word' id='word_1_208' title='bbox 1308 1924 1458 2066; x_wconf 44' lang='lat' dir='ltr'><strong>albupagda</strong></span> 
     </span>
     <span class='ocr_line' id='line_1_21' title="bbox 251 2065 1458 2145; baseline 0.002 -21"><span class='ocrx_word' id='word_1_209' title='bbox 251 2065 402 2140; x_wconf 83' lang='lat' dir='ltr'><strong>Quomodo</strong></span> <span class='ocrx_word' id='word_1_210' title='bbox 416 2086 485 2126; x_wconf 91' lang='lat' dir='ltr'><strong>vero</strong></span> <span class='ocrx_word' id='word_1_211' title='bbox 500 2067 542 2125; x_wconf 89' lang='lat' dir='ltr'><strong>sic</strong></span> <span class='ocrx_word' id='word_1_212' title='bbox 555 2075 654 2144; x_wconf 90' lang='lat' dir='ltr'><strong>posset</strong></span> <span class='ocrx_word' id='word_1_213' title='bbox 667 2067 725 2125; x_wconf 90' lang='lat' dir='ltr'><strong>dici</strong></span> <span class='ocrx_word' id='word_1_214' title='bbox 739 2066 808 2127; x_wconf 87' lang='lat' dir='ltr'><strong>dare</strong></span> <span class='ocrx_word' id='word_1_215' title='bbox 822 2067 899 2126; x_wconf 92' lang='lat' dir='ltr'><strong>velle</strong></span> <span class='ocrx_word' id='word_1_216' title='bbox 913 2075 943 2126; x_wconf 92' lang='lat' dir='ltr'><strong>et</strong></span> <span class='ocrx_word' id='word_1_217' title='bbox 955 2066 1100 2145; x_wconf 87' lang='lat' dir='ltr'><strong>perficere,</strong></span> <span class='ocrx_word' id='word_1_218' title='bbox 1111 2075 1141 2124; x_wconf 92' lang='lat' dir='ltr'><strong>et</strong></span> <span class='ocrx_word' id='word_1_219' title='bbox 1155 2084 1325 2124; x_wconf 78' lang='lat' dir='ltr'><strong>cornorum</strong></span> <span class='ocrx_word' id='word_1_220' title='bbox 1340 2065 1458 2128; x_wconf 81' lang='lat' dir='ltr'><strong>facere?</strong></span> 
     </span>
     <span class='ocr_line' id='line_1_22' title="bbox 249 2146 1455 2225; baseline 0.001 -22"><span class='ocrx_word' id='word_1_221' title='bbox 249 2149 277 2205; x_wconf 87' lang='lat'><strong>3.</strong></span> <span class='ocrx_word' id='word_1_222' title='bbox 296 2147 375 2206; x_wconf 89' lang='lat' dir='ltr'><strong>Perit</strong></span> <span class='ocrx_word' id='word_1_223' title='bbox 389 2147 483 2206; x_wconf 91' lang='lat' dir='ltr'><strong>omnis</strong></span> <span class='ocrx_word' id='word_1_224' title='bbox 497 2148 647 2206; x_wconf 80' lang='lat' dir='ltr'><strong>consolatio</strong></span> <span class='ocrx_word' id='word_1_225' title='bbox 661 2155 767 2223; x_wconf 81' lang='lat' dir='ltr'><strong>nostra,</strong></span> <span class='ocrx_word' id='word_1_226' title='bbox 780 2147 849 2224; x_wconf 91' lang='lat' dir='ltr'><strong>quia</strong></span> <span class='ocrx_word' id='word_1_227' title='bbox 862 2147 1122 2225; x_wconf 86' lang='lat' dir='ltr'><strong>quomodocunque</strong></span> <span class='ocrx_word' id='word_1_228' title='bbox 1138 2147 1218 2204; x_wconf 90' lang='lat' dir='ltr'><strong>Deus</strong></span> <span class='ocrx_word' id='word_1_229' title='bbox 1232 2154 1300 2222; x_wconf 82' lang='lat' dir='ltr'><strong>agat</strong></span> <span class='ocrx_word' id='word_1_230' title='bbox 1313 2146 1345 2203; x_wconf 90' lang='lat' dir='ltr'><strong>in</strong></span> <span class='ocrx_word' id='word_1_231' title='bbox 1358 2148 1455 2223; x_wconf 89' lang='lat' dir='ltr'><strong>nobis,</strong></span> 
     </span>
     <span class='ocr_line' id='line_1_23' title="bbox 247 2226 1456 2305; baseline 0.002 -22"><span class='ocrx_word' id='word_1_232' title='bbox 247 2245 395 2304; x_wconf 90' lang='lat' dir='ltr'><strong>nunquam</strong></span> <span class='ocrx_word' id='word_1_233' title='bbox 417 2227 489 2286; x_wconf 91' lang='lat' dir='ltr'><strong>certi</strong></span> <span class='ocrx_word' id='word_1_234' title='bbox 502 2227 609 2287; x_wconf 88' lang='lat' dir='ltr'><strong>erimus</strong></span> <span class='ocrx_word' id='word_1_235' title='bbox 631 2227 667 2286; x_wconf 91' lang='lat' dir='ltr'><strong>de</strong></span> <span class='ocrx_word' id='word_1_236' title='bbox 681 2229 783 2305; x_wconf 80' lang='lat' dir='ltr'><strong>gratia,</strong></span> <span class='ocrx_word' id='word_1_237' title='bbox 806 2229 831 2287; x_wconf 90' lang='lat' dir='ltr'><strong>si</strong></span> <span class='ocrx_word' id='word_1_238' title='bbox 852 2227 961 2304; x_wconf 89' lang='lat' dir='ltr'><strong>pendet</strong></span> <span class='ocrx_word' id='word_1_239' title='bbox 974 2246 1086 2305; x_wconf 89' lang='lat' dir='ltr'><strong>semper</strong></span> <span class='ocrx_word' id='word_1_240' title='bbox 1099 2247 1118 2285; x_wconf 90' lang='lat' dir='ltr'><strong>a</strong></span> <span class='ocrx_word' id='word_1_241' title='bbox 1137 2227 1286 2285; x_wconf 82' lang='lat' dir='ltr'><strong>voluntate</strong></span> <span class='ocrx_word' id='word_1_242' title='bbox 1308 2226 1389 2284; x_wconf 89' lang='lat' dir='ltr'><strong>illam</strong></span> <span class='ocrx_word' id='word_1_243' title='bbox 1404 2227 1456 2286; x_wconf 85' lang='lat' dir='ltr'><strong>ad-</strong></span> 
     </span>
     <span class='ocr_line' id='line_1_24' title="bbox 248 2306 1456 2386; baseline 0.003 -22"><span class='ocrx_word' id='word_1_244' title='bbox 248 2307 362 2366; x_wconf 86' lang='lat' dir='ltr'><strong>mittere</strong></span> <span class='ocrx_word' id='word_1_245' title='bbox 376 2308 425 2366; x_wconf 91' lang='lat' dir='ltr'><strong>vel</strong></span> <span class='ocrx_word' id='word_1_246' title='bbox 438 2307 566 2386; x_wconf 89' lang='lat' dir='ltr'><strong>rejicere,</strong></span> <span class='ocrx_word' id='word_1_247' title='bbox 589 2316 618 2366; x_wconf 89' lang='lat' dir='ltr'><strong>et</strong></span> <span class='ocrx_word' id='word_1_248' title='bbox 632 2308 674 2367; x_wconf 88' lang='lat' dir='ltr'><strong>sie</strong></span> <span class='ocrx_word' id='word_1_249' title='bbox 688 2328 802 2366; x_wconf 89' lang='lat' dir='ltr'><strong>omnem</strong></span> <span class='ocrx_word' id='word_1_250' title='bbox 823 2309 879 2366; x_wconf 91' lang='lat' dir='ltr'><strong>Dei</strong></span> <span class='ocrx_word' id='word_1_251' title='bbox 903 2308 1098 2386; x_wconf 87' lang='lat' dir='ltr'><strong>operationem</strong></span> <span class='ocrx_word' id='word_1_252' title='bbox 1118 2306 1307 2366; x_wconf 87' lang='lat' dir='ltr'><strong>frustreneam</strong></span> <span class='ocrx_word' id='word_1_253' title='bbox 1321 2307 1456 2368; x_wconf 88' lang='lat' dir='ltr'><strong>reddere.</strong></span> 
     </span>
     <span class='ocr_line' id='line_1_25' title="bbox 247 2387 1454 2465; baseline 0.001 -20"><span class='ocrx_word' id='word_1_254' title='bbox 247 2389 276 2445; x_wconf 84' lang='lat'><strong>4.</strong></span> <span class='ocrx_word' id='word_1_255' title='bbox 289 2387 458 2465; x_wconf 82' lang='lat' dir='ltr'><strong>Abrogatur</strong></span> <span class='ocrx_word' id='word_1_256' title='bbox 469 2388 616 2464; x_wconf 68' lang='lat' dir='ltr'><strong>imperium</strong></span> <span class='ocrx_word' id='word_1_257' title='bbox 624 2389 685 2446; x_wconf 79' lang='lat' dir='ltr'><strong>Dei</strong></span> <span class='ocrx_word' id='word_1_258' title='bbox 693 2389 722 2447; x_wconf 79' lang='lat' dir='ltr'><strong>in</strong></span> <span class='ocrx_word' id='word_1_259' title='bbox 735 2392 911 2464; x_wconf 79' lang='lat' dir='ltr'><strong>voluntatem,</strong></span> <span class='ocrx_word' id='word_1_260' title='bbox 919 2407 985 2465; x_wconf 81' lang='lat' dir='ltr'><strong>quae</strong></span> <span class='ocrx_word' id='word_1_261' title='bbox 998 2388 1048 2447; x_wconf 88' lang='lat' dir='ltr'><strong>fiet</strong></span> <span class='ocrx_word' id='word_1_262' title='bbox 1058 2387 1255 2464; x_wconf 86' lang='lat' dir='ltr'><strong>independens</strong></span> <span class='ocrx_word' id='word_1_263' title='bbox 1269 2395 1299 2446; x_wconf 92' lang='lat' dir='ltr'><strong>et</strong></span> <span class='ocrx_word' id='word_1_264' title='bbox 1309 2387 1356 2445; x_wconf 91' lang='lat' dir='ltr'><strong>sui</strong></span> <span class='ocrx_word' id='word_1_265' title='bbox 1366 2389 1379 2464; x_wconf 90' lang='lat' dir='ltr'><strong>j</strong></span> <span class='ocrx_word' id='word_1_266' title='bbox 1383 2389 1454 2463; x_wconf 88' lang='lat' dir='ltr'><strong>uris,</strong></span> 
     </span>
     <span class='ocr_line' id='line_1_26' title="bbox 247 2465 1455 2546; baseline 0.002 -21"><span class='ocrx_word' id='word_1_267' title='bbox 247 2465 273 2525; x_wconf 91' lang='lat' dir='ltr'><strong>si</strong></span> <span class='ocrx_word' id='word_1_268' title='bbox 287 2468 389 2544; x_wconf 89' lang='lat' dir='ltr'><strong>positis</strong></span> <span class='ocrx_word' id='word_1_269' title='bbox 403 2467 537 2526; x_wconf 92' lang='lat' dir='ltr'><strong>omnibus</strong></span> <span class='ocrx_word' id='word_1_270' title='bbox 551 2466 588 2525; x_wconf 90' lang='lat' dir='ltr'><strong>ad</strong></span> <span class='ocrx_word' id='word_1_271' title='bbox 602 2467 746 2545; x_wconf 87' lang='lat' dir='ltr'><strong>egendum</strong></span> <span class='ocrx_word' id='word_1_272' title='bbox 760 2468 908 2546; x_wconf 85' lang='lat' dir='ltr'><strong>requisitis</strong></span> <span class='ocrx_word' id='word_1_273' title='bbox 921 2476 1018 2546; x_wconf 90' lang='lat' dir='ltr'><strong>potest</strong></span> <span class='ocrx_word' id='word_1_274' title='bbox 1027 2487 1113 2545; x_wconf 88' lang='lat' dir='ltr'><strong>agere</strong></span> <span class='ocrx_word' id='word_1_275' title='bbox 1127 2469 1175 2526; x_wconf 89' lang='lat' dir='ltr'><strong>vel</strong></span> <span class='ocrx_word' id='word_1_276' title='bbox 1193 2486 1251 2525; x_wconf 89' lang='lat' dir='ltr'><strong>non</strong></span> <span class='ocrx_word' id='word_1_277' title='bbox 1266 2487 1362 2544; x_wconf 87' lang='lat' dir='ltr'><strong>egere.</strong></span> <span class='ocrx_word' id='word_1_278' title='bbox 1406 2468 1455 2528; x_wconf 86' lang='lat' dir='ltr'><strong>Ita</strong></span> 
     </span>
     <span class='ocr_line' id='line_1_27' title="bbox 245 2547 1455 2626; baseline 0.002 -22"><span class='ocrx_word' id='word_1_279' title='bbox 245 2547 332 2604; x_wconf 91' lang='lat' dir='ltr'><strong>homo</strong></span> <span class='ocrx_word' id='word_1_280' title='bbox 346 2548 450 2606; x_wconf 86' lang='lat' dir='ltr'><strong>author</strong></span> <span class='ocrx_word' id='word_1_281' title='bbox 464 2548 518 2606; x_wconf 88' lang='lat' dir='ltr'><strong>en&#39;t</strong></span> <span class='ocrx_word' id='word_1_282' title='bbox 538 2555 568 2606; x_wconf 90' lang='lat' dir='ltr'><strong>et</strong></span> <span class='ocrx_word' id='word_1_283' title='bbox 588 2567 675 2605; x_wconf 87' lang='lat' dir='ltr'><strong>cansa</strong></span> <span class='ocrx_word' id='word_1_284' title='bbox 694 2547 861 2626; x_wconf 87' lang='lat' dir='ltr'><strong>principalis</strong></span> <span class='ocrx_word' id='word_1_285' title='bbox 882 2567 941 2606; x_wconf 81' lang='lat' dir='ltr'><strong>suae</strong></span> <span class='ocrx_word' id='word_1_286' title='bbox 961 2547 1166 2622; x_wconf 84' lang='lat' dir='ltr'><strong>conversionis,</strong></span> <span class='ocrx_word' id='word_1_287' title='bbox 1191 2566 1250 2605; x_wconf 90' lang='lat' dir='ltr'><strong>non</strong></span> <span class='ocrx_word' id='word_1_288' title='bbox 1271 2547 1360 2621; x_wconf 91' lang='lat' dir='ltr'><strong>Deus,</strong></span> <span class='ocrx_word' id='word_1_289' title='bbox 1384 2549 1455 2626; x_wconf 89' lang='lat' dir='ltr'><strong>quia</strong></span> 
     </span>
     <span class='ocr_line' id='line_1_28' title="bbox 244 2626 1451 2706; baseline 0.002 -22"><span class='ocrx_word' id='word_1_290' title='bbox 244 2627 346 2703; x_wconf 88' lang='lat' dir='ltr'><strong>positis</strong></span> <span class='ocrx_word' id='word_1_291' title='bbox 364 2626 497 2684; x_wconf 90' lang='lat' dir='ltr'><strong>omnibus</strong></span> <span class='ocrx_word' id='word_1_292' title='bbox 519 2627 619 2703; x_wconf 86' lang='lat' dir='ltr'><strong>gratiae</strong></span> <span class='ocrx_word' id='word_1_293' title='bbox 640 2627 854 2704; x_wconf 85' lang='lat' dir='ltr'><strong>operationibus</strong></span> <span class='ocrx_word' id='word_1_294' title='bbox 875 2628 1012 2688; x_wconf 88' lang='lat' dir='ltr'><strong>voluntas</strong></span> <span class='ocrx_word' id='word_1_295' title='bbox 1033 2647 1146 2705; x_wconf 90' lang='lat' dir='ltr'><strong>semper</strong></span> <span class='ocrx_word' id='word_1_296' title='bbox 1159 2627 1215 2686; x_wconf 92' lang='lat' dir='ltr'><strong>erit</strong></span> <span class='ocrx_word' id='word_1_297' title='bbox 1227 2627 1258 2685; x_wconf 86' lang='lat' dir='ltr'><strong>in</strong></span> <span class='ocrx_word' id='word_1_298' title='bbox 1278 2627 1451 2706; x_wconf 85' lang='lat' dir='ltr'><strong>aequilibrio,</strong></span> 
     </span>
     <span class='ocr_line' id='line_1_29' title="bbox 245 2705 933 2786; baseline 0.007 -24"><span class='ocrx_word' id='word_1_299' title='bbox 245 2725 299 2764; x_wconf 87' lang='lat' dir='ltr'><strong>nee</strong></span> <span class='ocrx_word' id='word_1_300' title='bbox 313 2705 427 2764; x_wconf 83' lang='lat' dir='ltr'><strong>aliunde</strong></span> <span class='ocrx_word' id='word_1_301' title='bbox 443 2706 681 2765; x_wconf 86' lang='lat' dir='ltr'><strong>determinabitur</strong></span> <span class='ocrx_word' id='word_1_302' title='bbox 695 2727 781 2786; x_wconf 89' lang='lat' dir='ltr'><strong>quam</strong></span> <span class='ocrx_word' id='word_1_303' title='bbox 797 2728 814 2766; x_wconf 91' lang='lat' dir='ltr'><strong>a</strong></span> <span class='ocrx_word' id='word_1_304' title='bbox 828 2707 933 2786; x_wconf 86' lang='lat' dir='ltr'><strong>seipsa.</strong></span> 
     </span>
    </p>

    <p class='ocr_par' dir='ltr' id='par_1_4' title="bbox 243 2787 1455 3487">
     <span class='ocr_line' id='line_1_30' title="bbox 269 2787 1453 2866; baseline 0.003 -22"><span class='ocrx_word' id='word_1_305' title='bbox 269 2852 275 2864; x_wconf 43' lang='lat'><strong>·</strong></span> <span class='ocrx_word' id='word_1_306' title='bbox 410 2852 416 2864; x_wconf 31' lang='grc' dir='ltr'>ι</span> <span class='ocrx_word' id='word_1_307' title='bbox 568 2787 611 2845; x_wconf 90' lang='lat' dir='ltr'><strong>X.</strong></span> <span class='ocrx_word' id='word_1_308' title='bbox 634 2787 707 2846; x_wconf 86' lang='lat' dir='ltr'><strong>Cum</strong></span> <span class='ocrx_word' id='word_1_309' title='bbox 722 2807 791 2866; x_wconf 84' lang='lat' dir='ltr'><strong>ergo</strong></span> <span class='ocrx_word' id='word_1_310' title='bbox 805 2788 878 2847; x_wconf 89' lang='lat' dir='ltr'><strong>ratio</strong></span> <span class='ocrx_word' id='word_1_311' title='bbox 893 2788 1021 2847; x_wconf 86' lang='lat' dir='ltr'><strong>formalis</strong></span> <span class='ocrx_word' id='word_1_312' title='bbox 1034 2787 1177 2848; x_wconf 82' lang='lat' dir='ltr'><strong>libertatis</strong></span> <span class='ocrx_word' id='word_1_313' title='bbox 1190 2807 1248 2846; x_wconf 90' lang='lat' dir='ltr'><strong>non</strong></span> <span class='ocrx_word' id='word_1_314' title='bbox 1262 2789 1358 2866; x_wconf 89' lang='lat' dir='ltr'><strong>posita</strong></span> <span class='ocrx_word' id='word_1_315' title='bbox 1368 2789 1407 2848; x_wconf 91' lang='lat' dir='ltr'><strong>sit</strong></span> <span class='ocrx_word' id='word_1_316' title='bbox 1421 2789 1453 2847; x_wconf 90' lang='lat' dir='ltr'><strong>in</strong></span> 
     </span>
     <span class='ocr_line' id='line_1_31' title="bbox 245 2851 1452 2957; baseline 0.003 -33"><span class='ocrx_word' id='word_1_317' title='bbox 245 2851 486 2957; x_wconf 53' lang='lat' dir='ltr'><strong>hblffiblffiffll</strong></span> <span class='ocrx_word' id='word_1_318' title='bbox 507 2865 712 2944; x_wconf 88' lang='lat' dir='ltr'><strong>indifferentia;</strong></span> <span class='ocrx_word' id='word_1_319' title='bbox 727 2888 786 2927; x_wconf 90' lang='lat' dir='ltr'><strong>non</strong></span> <span class='ocrx_word' id='word_1_320' title='bbox 797 2877 893 2946; x_wconf 90' lang='lat' dir='ltr'><strong>potest</strong></span> <span class='ocrx_word' id='word_1_321' title='bbox 901 2869 971 2928; x_wconf 90' lang='lat' dir='ltr'><strong>alibi</strong></span> <span class='ocrx_word' id='word_1_322' title='bbox 982 2869 1079 2947; x_wconf 84' lang='lat' dir='ltr'><strong>quaeri,</strong></span> <span class='ocrx_word' id='word_1_323' title='bbox 1091 2887 1177 2946; x_wconf 85' lang='lat' dir='ltr'><strong>quarn</strong></span> <span class='ocrx_word' id='word_1_324' title='bbox 1188 2868 1219 2926; x_wconf 93' lang='lat' dir='ltr'><strong>in</strong></span> <span class='ocrx_word' id='word_1_325' title='bbox 1228 2869 1349 2928; x_wconf 79' lang='lat' dir='ltr'><strong>lubentia</strong></span> <span class='ocrx_word' id='word_1_326' title='bbox 1360 2870 1452 2928; x_wconf 78' lang='lat' dir='ltr'><strong>rabb-</strong></span> 
     </span>
     <span class='ocr_line' id='line_1_32' title="bbox 506 2949 1453 3027; baseline 0.003 -22"><span class='ocrx_word' id='word_1_327' title='bbox 506 2949 574 3025; x_wconf 82' lang='lat' dir='ltr'><strong>nali,</strong></span> <span class='ocrx_word' id='word_1_328' title='bbox 598 2968 649 3026; x_wconf 91' lang='lat' dir='ltr'><strong>per</strong></span> <span class='ocrx_word' id='word_1_329' title='bbox 663 2968 749 3026; x_wconf 89' lang='lat' dir='ltr'><strong>quam</strong></span> <span class='ocrx_word' id='word_1_330' title='bbox 764 2951 844 3009; x_wconf 82' lang='lat' dir='ltr'><strong>bomo</strong></span> <span class='ocrx_word' id='word_1_331' title='bbox 855 2950 932 3025; x_wconf 82' lang='lat' dir='ltr'><strong>facit</strong></span> <span class='ocrx_word' id='word_1_332' title='bbox 944 2951 1021 3027; x_wconf 81' lang='lat' dir='ltr'><strong>quod</strong></span> <span class='ocrx_word' id='word_1_333' title='bbox 1033 2950 1104 3008; x_wconf 84' lang='lat' dir='ltr'><strong>lubet</strong></span> <span class='ocrx_word' id='word_1_334' title='bbox 1116 2949 1226 3025; x_wconf 79' lang='lat' dir='ltr'><strong>proevio</strong></span> <span class='ocrx_word' id='word_1_335' title='bbox 1239 2949 1358 3008; x_wconf 72' lang='lat' dir='ltr'><strong>roubais</strong></span> <span class='ocrx_word' id='word_1_336' title='bbox 1369 2951 1453 3024; x_wconf 79' lang='lat' dir='ltr'><strong>jndi-</strong></span> 
     </span>
     <span class='ocr_line' id='line_1_33' title="bbox 244 3027 1452 3110; baseline 0.001 -23"><span class='ocrx_word' id='word_1_337' title='bbox 244 3029 305 3088; x_wconf 84' lang='lat' dir='ltr'><strong>cio:</strong></span> <span class='ocrx_word' id='word_1_338' title='bbox 327 3028 369 3088; x_wconf 90' lang='lat' dir='ltr'><strong>Ut</strong></span> <span class='ocrx_word' id='word_1_339' title='bbox 382 3027 430 3087; x_wconf 90' lang='lat' dir='ltr'><strong>hic</strong></span> <span class='ocrx_word' id='word_1_340' title='bbox 450 3028 611 3088; x_wconf 78' lang='lat' dir='ltr'><strong>necessario</strong></span> <span class='ocrx_word' id='word_1_341' title='bbox 626 3030 683 3088; x_wconf 88' lang='lat' dir='ltr'><strong>duo</strong></span> <span class='ocrx_word' id='word_1_342' title='bbox 704 3029 908 3110; x_wconf 84' lang='lat' dir='ltr'><strong>conjungenda</strong></span> <span class='ocrx_word' id='word_1_343' title='bbox 927 3030 1046 3089; x_wconf 88' lang='lat' dir='ltr'><strong>veniant</strong></span> <span class='ocrx_word' id='word_1_344' title='bbox 1066 3029 1104 3087; x_wconf 87' lang='lat' dir='ltr'><strong>ed</strong></span> <span class='ocrx_word' id='word_1_345' title='bbox 1125 3049 1189 3088; x_wconf 86' lang='lat' dir='ltr'><strong>eam</strong></span> <span class='ocrx_word' id='word_1_346' title='bbox 1209 3029 1452 3106; x_wconf 82' lang='lat' dir='ltr'><strong>constituendam,</strong></span> 
     </span>
     <span class='ocr_line' id='line_1_34' title="bbox 247 3109 1452 3190; baseline 0.001 -23"><span class='ocrx_word' id='word_1_347' title='bbox 247 3111 272 3167; x_wconf 94' lang='lat'><strong>1.</strong></span> <span class='ocrx_word' id='word_1_348' title='bbox 287 3114 315 3166; x_wconf 72' lang='grc' dir='ltr'><strong>τὶ</strong></span> <span class='ocrx_word' id='word_1_349' title='bbox 330 3113 502 3190; x_wconf 66' lang='grc' dir='ltr'><strong>πςωςπειὶν,</strong></span> <span class='ocrx_word' id='word_1_350' title='bbox 524 3119 557 3168; x_wconf 86' lang='lat' dir='ltr'><strong>ut</strong></span> <span class='ocrx_word' id='word_1_351' title='bbox 577 3109 655 3186; x_wconf 92' lang='lat' dir='ltr'><strong>quod</strong></span> <span class='ocrx_word' id='word_1_352' title='bbox 668 3109 710 3184; x_wconf 91' lang='lat' dir='ltr'><strong>fit,</strong></span> <span class='ocrx_word' id='word_1_353' title='bbox 732 3130 792 3169; x_wconf 89' lang='lat' dir='ltr'><strong>non</strong></span> <span class='ocrx_word' id='word_1_354' title='bbox 805 3111 855 3169; x_wconf 89' lang='lat' dir='ltr'><strong>fiat</strong></span> <span class='ocrx_word' id='word_1_355' title='bbox 869 3131 945 3169; x_wconf 82' lang='lat' dir='ltr'><strong>caeco</strong></span> <span class='ocrx_word' id='word_1_356' title='bbox 966 3110 1083 3186; x_wconf 89' lang='lat' dir='ltr'><strong>impetu,</strong></span> <span class='ocrx_word' id='word_1_357' title='bbox 1107 3117 1136 3168; x_wconf 92' lang='lat' dir='ltr'><strong>et</strong></span> <span class='ocrx_word' id='word_1_358' title='bbox 1153 3109 1239 3167; x_wconf 91' lang='lat' dir='ltr'><strong>bruto</strong></span> <span class='ocrx_word' id='word_1_359' title='bbox 1260 3110 1386 3186; x_wconf 90' lang='lat' dir='ltr'><strong>quodam</strong></span> <span class='ocrx_word' id='word_1_360' title='bbox 1406 3109 1452 3168; x_wconf 90' lang='lat' dir='ltr'><strong>in-</strong></span> 
     </span>
     <span class='ocr_line' id='line_1_35' title="bbox 244 3188 1453 3271; baseline 0.002 -24"><span class='ocrx_word' id='word_1_361' title='bbox 244 3189 361 3264; x_wconf 89' lang='lat' dir='ltr'><strong>stinctu,</strong></span> <span class='ocrx_word' id='word_1_362' title='bbox 378 3190 429 3248; x_wconf 94' lang='lat' dir='ltr'><strong>sed</strong></span> <span class='ocrx_word' id='word_1_363' title='bbox 450 3191 474 3248; x_wconf 74' lang='lat' dir='ltr'><strong>in</strong></span> <span class='ocrx_word' id='word_1_364' title='bbox 496 3189 661 3271; x_wconf 55' lang='lat' dir='ltr'><strong>resurgimus,</strong></span> <span class='ocrx_word' id='word_1_365' title='bbox 684 3199 713 3249; x_wconf 90' lang='lat' dir='ltr'><strong>ct</strong></span> <span class='ocrx_word' id='word_1_366' title='bbox 734 3191 844 3268; x_wconf 88' lang='lat' dir='ltr'><strong>praevio</strong></span> <span class='ocrx_word' id='word_1_367' title='bbox 864 3190 984 3250; x_wconf 87' lang='lat' dir='ltr'><strong>rationis</strong></span> <span class='ocrx_word' id='word_1_368' title='bbox 1004 3189 1112 3248; x_wconf 90' lang='lat' dir='ltr'><strong>lumine</strong></span> <span class='ocrx_word' id='word_1_369' title='bbox 1134 3197 1164 3247; x_wconf 90' lang='lat' dir='ltr'><strong>et</strong></span> <span class='ocrx_word' id='word_1_370' title='bbox 1184 3188 1349 3248; x_wconf 86' lang='lat' dir='ltr'><strong>intellectus</strong></span> <span class='ocrx_word' id='word_1_371' title='bbox 1369 3209 1453 3268; x_wconf 87' lang='lat' dir='ltr'><strong>prac-</strong></span> 
     </span>
     <span class='ocr_line' id='line_1_36' title="bbox 244 3269 1455 3348; baseline 0.002 -21"><span class='ocrx_word' id='word_1_372' title='bbox 244 3269 294 3327; x_wconf 91' lang='lat' dir='ltr'><strong>tici</strong></span> <span class='ocrx_word' id='word_1_373' title='bbox 313 3269 433 3347; x_wconf 91' lang='lat' dir='ltr'><strong>judicio.</strong></span> <span class='ocrx_word' id='word_1_374' title='bbox 477 3275 505 3328; x_wconf 77' lang='lat'><strong>2.</strong></span> <span class='ocrx_word' id='word_1_375' title='bbox 526 3275 556 3328; x_wconf 64' lang='lat' dir='ltr'><strong>ab</strong></span> <span class='ocrx_word' id='word_1_376' title='bbox 581 3269 691 3344; x_wconf 64' lang='lat' dir='ltr'><strong>holme,</strong></span> <span class='ocrx_word' id='word_1_377' title='bbox 714 3280 748 3329; x_wconf 86' lang='lat' dir='ltr'><strong>ut</strong></span> <span class='ocrx_word' id='word_1_378' title='bbox 772 3270 850 3348; x_wconf 93' lang='lat' dir='ltr'><strong>quod</strong></span> <span class='ocrx_word' id='word_1_379' title='bbox 873 3269 914 3344; x_wconf 84' lang='lat' dir='ltr'><strong>fit,</strong></span> <span class='ocrx_word' id='word_1_380' title='bbox 938 3277 1040 3348; x_wconf 88' lang='lat' dir='ltr'><strong>sponte</strong></span> <span class='ocrx_word' id='word_1_381' title='bbox 1064 3279 1094 3328; x_wconf 89' lang='lat' dir='ltr'><strong>et</strong></span> <span class='ocrx_word' id='word_1_382' title='bbox 1115 3269 1240 3327; x_wconf 80' lang='lat' dir='ltr'><strong>libenter</strong></span> <span class='ocrx_word' id='word_1_383' title='bbox 1264 3269 1316 3328; x_wconf 89' lang='lat' dir='ltr'><strong>fiat</strong></span> <span class='ocrx_word' id='word_1_384' title='bbox 1339 3278 1368 3329; x_wconf 90' lang='lat' dir='ltr'><strong>et</strong></span> <span class='ocrx_word' id='word_1_385' title='bbox 1390 3271 1455 3330; x_wconf 87' lang='lat' dir='ltr'><strong>siue</strong></span> 
     </span>
     <span class='ocr_line' id='line_1_37' title="bbox 243 3345 1453 3486; baseline 0.002 -78"><span class='ocrx_word' id='word_1_386' title='bbox 243 3349 401 3486; x_wconf 62' lang='lat' dir='ltr'><strong>qqactione.</strong></span> <span class='ocrx_word' id='word_1_387' title='bbox 446 3349 532 3409; x_wconf 89' lang='lat' dir='ltr'><strong>Unde</strong></span> <span class='ocrx_word' id='word_1_388' title='bbox 556 3351 752 3428; x_wconf 88' lang='lat' dir='ltr'><strong>Philosophus</strong></span> <span class='ocrx_word' id='word_1_389' title='bbox 775 3350 848 3409; x_wconf 92' lang='lat' dir='ltr'><strong>illud</strong></span> <span class='ocrx_word' id='word_1_390' title='bbox 865 3359 952 3410; x_wconf 85' lang='lat' dir='ltr'><strong>vocat</strong></span> <span class='ocrx_word' id='word_1_391' title='bbox 974 3349 1077 3408; x_wconf 69' lang='lat' dir='ltr'><strong>isaim</strong></span> <span class='ocrx_word' id='word_1_392' title='bbox 1099 3345 1337 3429; x_wconf 60' lang='lat' dir='ltr'><strong>erpossssevawpim,</strong></span> <span class='ocrx_word' id='word_1_393' title='bbox 1354 3351 1453 3411; x_wconf 87' lang='lat' dir='ltr'><strong>Ethic.</strong></span> 
     </span>
     <span class='ocr_line' id='line_1_38' title="bbox 258 3428 1097 3487; baseline 0.004 -2"><span class='ocrx_word' id='word_1_394' title='bbox 258 3429 264 3442; x_wconf 95' lang='lat'>&#39;</span> <span class='ocrx_word' id='word_1_395' title='bbox 289 3428 351 3486; x_wconf 91' lang='lat' dir='ltr'><strong>.iii.</strong></span> <span class='ocrx_word' id='word_1_396' title='bbox 367 3449 391 3486; x_wconf 88' lang='lat' dir='ltr'><strong>c.</strong></span> <span class='ocrx_word' id='word_1_397' title='bbox 407 3433 435 3487; x_wconf 78' lang='grc'><strong>2.</strong></span> <span class='ocrx_word' id='word_1_398' title='bbox 1093 3458 1097 3466; x_wconf 87' lang='lat'><em>·</em></span> 
     </span>
    </p>

    <p class='ocr_par' dir='ltr' id='par_1_5' title="bbox 239 3507 1496 4530">
     <span class='ocr_line' id='line_1_39' title="bbox 284 3507 1453 3587; baseline 0.005 -23"><span class='ocrx_word' id='word_1_399' title='bbox 284 3507 344 3566; x_wconf 91' lang='lat' dir='ltr'><strong>XI.</strong></span> <span class='ocrx_word' id='word_1_400' title='bbox 368 3508 453 3565; x_wconf 88' lang='lat' dir='ltr'><strong>Hane</strong></span> <span class='ocrx_word' id='word_1_401' title='bbox 468 3515 564 3568; x_wconf 85' lang='lat' dir='ltr'><strong>autem</strong></span> <span class='ocrx_word' id='word_1_402' title='bbox 585 3529 648 3568; x_wconf 91' lang='lat' dir='ltr'><strong>esse</strong></span> <span class='ocrx_word' id='word_1_403' title='bbox 662 3511 803 3569; x_wconf 87' lang='lat' dir='ltr'><strong>rationem</strong></span> <span class='ocrx_word' id='word_1_404' title='bbox 817 3511 967 3571; x_wconf 86' lang='lat' dir='ltr'><strong>formalem</strong></span> <span class='ocrx_word' id='word_1_405' title='bbox 985 3511 1069 3570; x_wconf 91' lang='lat' dir='ltr'><strong>liberi</strong></span> <span class='ocrx_word' id='word_1_406' title='bbox 1084 3511 1204 3587; x_wconf 87' lang='lat' dir='ltr'><strong>arbitrii,</strong></span> <span class='ocrx_word' id='word_1_407' title='bbox 1227 3531 1265 3571; x_wconf 90' lang='lat' dir='ltr'><strong>ex</strong></span> <span class='ocrx_word' id='word_1_408' title='bbox 1279 3531 1314 3571; x_wconf 89' lang='lat' dir='ltr'><strong>eo</strong></span> <span class='ocrx_word' id='word_1_409' title='bbox 1327 3531 1387 3570; x_wconf 89' lang='lat' dir='ltr'><strong>non</strong></span> <span class='ocrx_word' id='word_1_410' title='bbox 1401 3511 1453 3570; x_wconf 92' lang='lat' dir='ltr'><strong>ob-</strong></span> 
     </span>
     <span class='ocr_line' id='line_1_40' title="bbox 243 3587 1455 3668; baseline 0.003 -22"><span class='ocrx_word' id='word_1_411' title='bbox 243 3607 326 3647; x_wconf 87' lang='lat' dir='ltr'><strong>scure</strong></span> <span class='ocrx_word' id='word_1_412' title='bbox 347 3587 502 3665; x_wconf 85' lang='lat' dir='ltr'><strong>colligitur,</strong></span> <span class='ocrx_word' id='word_1_413' title='bbox 518 3588 597 3666; x_wconf 93' lang='lat' dir='ltr'><strong>quod</strong></span> <span class='ocrx_word' id='word_1_414' title='bbox 611 3590 693 3665; x_wconf 78' lang='lat' dir='ltr'><strong>omnr&#39;,</strong></span> <span class='ocrx_word' id='word_1_415' title='bbox 709 3592 770 3666; x_wconf 84' lang='lat' dir='ltr'><strong>soli,</strong></span> <span class='ocrx_word' id='word_1_416' title='bbox 793 3599 822 3648; x_wconf 91' lang='lat' dir='ltr'><strong>et</strong></span> <span class='ocrx_word' id='word_1_417' title='bbox 845 3611 955 3667; x_wconf 79' lang='lat' dir='ltr'><strong>semper</strong></span> <span class='ocrx_word' id='word_1_418' title='bbox 968 3592 1142 3668; x_wconf 87' lang='lat' dir='ltr'><strong>conveniat;</strong></span> <span class='ocrx_word' id='word_1_419' title='bbox 1166 3591 1214 3651; x_wconf 93' lang='lat' dir='ltr'><strong>Ita</strong></span> <span class='ocrx_word' id='word_1_420' title='bbox 1233 3600 1267 3650; x_wconf 90' lang='lat' dir='ltr'><strong>nt</strong></span> <span class='ocrx_word' id='word_1_421' title='bbox 1279 3592 1393 3651; x_wconf 92' lang='lat' dir='ltr'><strong>nullum</strong></span> <span class='ocrx_word' id='word_1_422' title='bbox 1414 3591 1455 3650; x_wconf 87' lang='lat' dir='ltr'><strong>sit</strong></span> 
     </span>
     <span class='ocr_line' id='line_1_41' title="bbox 242 3667 1454 3750; baseline 0.003 -24"><span class='ocrx_word' id='word_1_423' title='bbox 242 3687 333 3745; x_wconf 87' lang='lat' dir='ltr'><strong>egens</strong></span> <span class='ocrx_word' id='word_1_424' title='bbox 346 3667 477 3744; x_wconf 90' lang='lat' dir='ltr'><strong>liberum,</strong></span> <span class='ocrx_word' id='word_1_425' title='bbox 493 3669 541 3728; x_wconf 89' lang='lat' dir='ltr'><strong>vel</strong></span> <span class='ocrx_word' id='word_1_426' title='bbox 556 3677 692 3743; x_wconf 89' lang='lat' dir='ltr'><strong>creatum,</strong></span> <span class='ocrx_word' id='word_1_427' title='bbox 707 3670 757 3728; x_wconf 90' lang='lat' dir='ltr'><strong>vel</strong></span> <span class='ocrx_word' id='word_1_428' title='bbox 770 3670 937 3746; x_wconf 88' lang='lat' dir='ltr'><strong>increatum,</strong></span> <span class='ocrx_word' id='word_1_429' title='bbox 953 3671 983 3728; x_wconf 91' lang='lat' dir='ltr'><strong>in</strong></span> <span class='ocrx_word' id='word_1_430' title='bbox 998 3691 1056 3750; x_wconf 93' lang='lat' dir='ltr'><strong>quo</strong></span> <span class='ocrx_word' id='word_1_431' title='bbox 1068 3671 1126 3730; x_wconf 90' lang='lat' dir='ltr'><strong>duo</strong></span> <span class='ocrx_word' id='word_1_432' title='bbox 1140 3671 1189 3730; x_wconf 86' lang='lat' dir='ltr'><strong>isti</strong></span> <span class='ocrx_word' id='word_1_433' title='bbox 1198 3672 1379 3731; x_wconf 84' lang='lat' dir='ltr'><strong>characteres</strong></span> <span class='ocrx_word' id='word_1_434' title='bbox 1394 3691 1454 3731; x_wconf 88' lang='lat' dir='ltr'><strong>non</strong></span> 
     </span>
     <span class='ocr_line' id='line_1_42' title="bbox 242 3748 1455 3830; baseline 0.003 -24"><span class='ocrx_word' id='word_1_435' title='bbox 242 3748 511 3827; x_wconf 86' lang='lat' dir='ltr'><strong>deprehendantur:</strong></span> <span class='ocrx_word' id='word_1_436' title='bbox 532 3769 585 3810; x_wconf 89' lang='lat' dir='ltr'><strong>nec</strong></span> <span class='ocrx_word' id='word_1_437' title='bbox 600 3750 637 3808; x_wconf 83' lang='lat' dir='ltr'><strong>ad</strong></span> <span class='ocrx_word' id='word_1_438' title='bbox 657 3759 771 3829; x_wconf 89' lang='lat' dir='ltr'><strong>tempus</strong></span> <span class='ocrx_word' id='word_1_439' title='bbox 792 3757 912 3826; x_wconf 88' lang='lat' dir='ltr'><strong>tautum,</strong></span> <span class='ocrx_word' id='word_1_440' title='bbox 935 3751 987 3810; x_wconf 90' lang='lat' dir='ltr'><strong>sed</strong></span> <span class='ocrx_word' id='word_1_441' title='bbox 1009 3771 1130 3830; x_wconf 91' lang='lat' dir='ltr'><strong>semper,</strong></span> <span class='ocrx_word' id='word_1_442' title='bbox 1152 3759 1185 3810; x_wconf 91' lang='lat' dir='ltr'><strong>ut</strong></span> <span class='ocrx_word' id='word_1_443' title='bbox 1205 3751 1300 3830; x_wconf 87' lang='lat' dir='ltr'><strong>posita</strong></span> <span class='ocrx_word' id='word_1_444' title='bbox 1321 3751 1455 3810; x_wconf 88' lang='lat' dir='ltr'><strong>lubentia</strong></span> 
     </span>
     <span class='ocr_line' id='line_1_43' title="bbox 242 3829 1452 3909; baseline 0.002 -21"><span class='ocrx_word' id='word_1_445' title='bbox 242 3829 299 3888; x_wconf 90' lang='lat' dir='ltr'><strong>iste</strong></span> <span class='ocrx_word' id='word_1_446' title='bbox 312 3829 446 3889; x_wconf 82' lang='lat' dir='ltr'><strong>rationali</strong></span> <span class='ocrx_word' id='word_1_447' title='bbox 459 3838 583 3908; x_wconf 88' lang='lat' dir='ltr'><strong>ponatur</strong></span> <span class='ocrx_word' id='word_1_448' title='bbox 596 3829 723 3907; x_wconf 89' lang='lat' dir='ltr'><strong>libertas,</strong></span> <span class='ocrx_word' id='word_1_449' title='bbox 740 3840 769 3891; x_wconf 93' lang='lat' dir='ltr'><strong>et</strong></span> <span class='ocrx_word' id='word_1_450' title='bbox 783 3830 897 3890; x_wconf 87' lang='lat' dir='ltr'><strong>sublata</strong></span> <span class='ocrx_word' id='word_1_451' title='bbox 910 3832 1039 3891; x_wconf 89' lang='lat' dir='ltr'><strong>tollatur.</strong></span> <span class='ocrx_word' id='word_1_452' title='bbox 1084 3831 1170 3891; x_wconf 89' lang='lat' dir='ltr'><strong>Unde</strong></span> <span class='ocrx_word' id='word_1_453' title='bbox 1184 3832 1316 3909; x_wconf 89' lang='lat' dir='ltr'><strong>sequitur</strong></span> <span class='ocrx_word' id='word_1_454' title='bbox 1329 3831 1452 3909; x_wconf 87' lang='lat' dir='ltr'><strong>adjunc-</strong></span> 
     </span>
     <span class='ocr_line' id='line_1_44' title="bbox 240 3909 1453 3990; baseline 0 -22"><span class='ocrx_word' id='word_1_455' title='bbox 240 3918 303 3968; x_wconf 92' lang='lat' dir='ltr'><strong>tum</strong></span> <span class='ocrx_word' id='word_1_456' title='bbox 318 3929 381 3969; x_wconf 91' lang='lat' dir='ltr'><strong>esse</strong></span> <span class='ocrx_word' id='word_1_457' title='bbox 395 3909 586 3989; x_wconf 87' lang='lat' dir='ltr'><strong>inseparabile</strong></span> <span class='ocrx_word' id='word_1_458' title='bbox 607 3911 721 3989; x_wconf 85' lang='lat' dir='ltr'><strong>agentis</strong></span> <span class='ocrx_word' id='word_1_459' title='bbox 735 3911 892 3988; x_wconf 86' lang='lat' dir='ltr'><strong>rationalis,</strong></span> <span class='ocrx_word' id='word_1_460' title='bbox 915 3911 994 3990; x_wconf 92' lang='lat' dir='ltr'><strong>quod</strong></span> <span class='ocrx_word' id='word_1_461' title='bbox 1012 3912 1086 3970; x_wconf 88' lang='lat' dir='ltr'><strong>illud</strong></span> <span class='ocrx_word' id='word_1_462' title='bbox 1100 3912 1129 3969; x_wconf 88' lang='lat' dir='ltr'><strong>iu</strong></span> <span class='ocrx_word' id='word_1_463' title='bbox 1151 3913 1255 3988; x_wconf 87' lang='lat' dir='ltr'><strong>quovis</strong></span> <span class='ocrx_word' id='word_1_464' title='bbox 1270 3920 1349 3971; x_wconf 82' lang='lat' dir='ltr'><strong>statu</strong></span> <span class='ocrx_word' id='word_1_465' title='bbox 1363 3911 1453 3970; x_wconf 91' lang='lat' dir='ltr'><strong>comi-</strong></span> 
     </span>
     <span class='ocr_line' id='line_1_45' title="bbox 240 3991 1454 4070; baseline 0.001 -22"><span class='ocrx_word' id='word_1_466' title='bbox 240 3996 326 4066; x_wconf 87' lang='lat' dir='ltr'><strong>tatur,</strong></span> <span class='ocrx_word' id='word_1_467' title='bbox 342 3999 375 4048; x_wconf 94' lang='lat' dir='ltr'><strong>ut</strong></span> <span class='ocrx_word' id='word_1_468' title='bbox 395 4010 454 4048; x_wconf 95' lang='lat' dir='ltr'><strong>non</strong></span> <span class='ocrx_word' id='word_1_469' title='bbox 474 3991 566 4069; x_wconf 87' lang='lat' dir='ltr'><strong>possit</strong></span> <span class='ocrx_word' id='word_1_470' title='bbox 587 4011 651 4050; x_wconf 90' lang='lat' dir='ltr'><strong>esse</strong></span> <span class='ocrx_word' id='word_1_471' title='bbox 665 3993 812 4069; x_wconf 86' lang='lat' dir='ltr'><strong>rationale,</strong></span> <span class='ocrx_word' id='word_1_472' title='bbox 835 3993 905 4070; x_wconf 90' lang='lat' dir='ltr'><strong>quin</strong></span> <span class='ocrx_word' id='word_1_473' title='bbox 920 4013 954 4052; x_wconf 92' lang='lat' dir='ltr'><strong>eo</strong></span> <span class='ocrx_word' id='word_1_474' title='bbox 968 3993 1032 4070; x_wconf 87' lang='lat' dir='ltr'><strong>ipso</strong></span> <span class='ocrx_word' id='word_1_475' title='bbox 1046 3992 1085 4051; x_wconf 89' lang='lat' dir='ltr'><strong>sit</strong></span> <span class='ocrx_word' id='word_1_476' title='bbox 1102 3992 1234 4068; x_wconf 90' lang='lat' dir='ltr'><strong>liberum,</strong></span> <span class='ocrx_word' id='word_1_477' title='bbox 1257 4012 1311 4051; x_wconf 90' lang='lat' dir='ltr'><strong>nec</strong></span> <span class='ocrx_word' id='word_1_478' title='bbox 1333 3992 1454 4069; x_wconf 81' lang='lat' dir='ltr'><strong>spoliari</strong></span> 
     </span>
     <span class='ocr_line' id='line_1_46' title="bbox 240 4070 1496 4149; baseline 0.002 -22"><span class='ocrx_word' id='word_1_479' title='bbox 240 4080 328 4146; x_wconf 84' lang='lat' dir='ltr'><strong>queat</strong></span> <span class='ocrx_word' id='word_1_480' title='bbox 341 4070 483 4147; x_wconf 89' lang='lat' dir='ltr'><strong>libertate,</strong></span> <span class='ocrx_word' id='word_1_481' title='bbox 505 4071 576 4148; x_wconf 88' lang='lat' dir='ltr'><strong>quin</strong></span> <span class='ocrx_word' id='word_1_482' title='bbox 589 4073 720 4149; x_wconf 87' lang='lat' dir='ltr'><strong>privetur</strong></span> <span class='ocrx_word' id='word_1_483' title='bbox 733 4073 818 4132; x_wconf 86' lang='lat' dir='ltr'><strong>etiam</strong></span> <span class='ocrx_word' id='word_1_484' title='bbox 832 4073 952 4132; x_wconf 88' lang='lat' dir='ltr'><strong>rati0ne.</strong></span> <span class='ocrx_word' id='word_1_485' title='bbox 995 4073 1079 4148; x_wconf 88' lang='lat' dir='ltr'><strong>Quod</strong></span> <span class='ocrx_word' id='word_1_486' title='bbox 1098 4073 1207 4132; x_wconf 80' lang='lat' dir='ltr'><strong>evincit</strong></span> <span class='ocrx_word' id='word_1_487' title='bbox 1225 4072 1310 4131; x_wconf 88' lang='lat' dir='ltr'><strong>etiam</strong></span> <span class='ocrx_word' id='word_1_488' title='bbox 1326 4072 1453 4131; x_wconf 91' lang='lat' dir='ltr'><strong>liberum</strong></span> <span class='ocrx_word' id='word_1_489' title='bbox 1493 4093 1496 4098; x_wconf 89' lang='lat'>·</span> 
     </span>
     <span class='ocr_line' id='line_1_47' title="bbox 239 4149 1453 4230; baseline 0.002 -22"><span class='ocrx_word' id='word_1_490' title='bbox 239 4149 390 4209; x_wconf 88' lang='lat' dir='ltr'><strong>arbitrium</strong></span> <span class='ocrx_word' id='word_1_491' title='bbox 405 4151 536 4210; x_wconf 91' lang='lat' dir='ltr'><strong>absolute</strong></span> <span class='ocrx_word' id='word_1_492' title='bbox 551 4159 712 4230; x_wconf 84' lang='lat' dir='ltr'><strong>spectatum</strong></span> <span class='ocrx_word' id='word_1_493' title='bbox 726 4161 755 4212; x_wconf 89' lang='lat' dir='ltr'><strong>et</strong></span> <span class='ocrx_word' id='word_1_494' title='bbox 769 4153 799 4210; x_wconf 89' lang='lat' dir='ltr'><strong>in</strong></span> <span class='ocrx_word' id='word_1_495' title='bbox 813 4171 920 4230; x_wconf 82' lang='lat' dir='ltr'><strong>genere</strong></span> <span class='ocrx_word' id='word_1_496' title='bbox 935 4153 1020 4212; x_wconf 88' lang='lat' dir='ltr'><strong>Entis</strong></span> <span class='ocrx_word' id='word_1_497' title='bbox 1036 4171 1184 4230; x_wconf 86' lang='lat' dir='ltr'><strong>nunquam</strong></span> <span class='ocrx_word' id='word_1_498' title='bbox 1198 4153 1235 4210; x_wconf 86' lang='lat' dir='ltr'><strong>ab</strong></span> <span class='ocrx_word' id='word_1_499' title='bbox 1249 4152 1366 4210; x_wconf 89' lang='lat' dir='ltr'><strong>homine</strong></span> <span class='ocrx_word' id='word_1_500' title='bbox 1385 4151 1453 4211; x_wconf 90' lang='lat' dir='ltr'><strong>tolli</strong></span> 
     </span>
     <span class='ocr_line' id='line_1_48' title="bbox 239 4231 1452 4310; baseline 0.002 -22"><span class='ocrx_word' id='word_1_501' title='bbox 239 4249 324 4308; x_wconf 90' lang='lat' dir='ltr'><strong>posse</strong></span> <span class='ocrx_word' id='word_1_502' title='bbox 345 4231 375 4288; x_wconf 92' lang='lat' dir='ltr'><strong>in</strong></span> <span class='ocrx_word' id='word_1_503' title='bbox 389 4251 561 4310; x_wconf 88' lang='lat' dir='ltr'><strong>quocunque</strong></span> <span class='ocrx_word' id='word_1_504' title='bbox 581 4240 714 4292; x_wconf 89' lang='lat' dir='ltr'><strong>versetur</strong></span> <span class='ocrx_word' id='word_1_505' title='bbox 730 4241 815 4292; x_wconf 88' lang='lat' dir='ltr'><strong>stetu.</strong></span> <span class='ocrx_word' id='word_1_506' title='bbox 860 4233 945 4308; x_wconf 86' lang='lat' dir='ltr'><strong>Quod</strong></span> <span class='ocrx_word' id='word_1_507' title='bbox 965 4233 990 4292; x_wconf 93' lang='lat' dir='ltr'><strong>si</strong></span> <span class='ocrx_word' id='word_1_508' title='bbox 1011 4253 1029 4292; x_wconf 87' lang='lat' dir='ltr'><strong>a</strong></span> <span class='ocrx_word' id='word_1_509' title='bbox 1049 4232 1196 4292; x_wconf 90' lang='lat' dir='ltr'><strong>nonnullis</strong></span> <span class='ocrx_word' id='word_1_510' title='bbox 1216 4233 1378 4309; x_wconf 84' lang='lat' dir='ltr'><strong>denegetur</strong></span> <span class='ocrx_word' id='word_1_511' title='bbox 1398 4231 1452 4290; x_wconf 92' lang='lat' dir='ltr'><strong>ho-</strong></span> 
     </span>
     <span class='ocr_line' id='line_1_49' title="bbox 239 4310 1451 4391; baseline 0.002 -24"><span class='ocrx_word' id='word_1_512' title='bbox 239 4310 310 4368; x_wconf 90' lang='lat' dir='ltr'><strong>mini</strong></span> <span class='ocrx_word' id='word_1_513' title='bbox 334 4311 365 4370; x_wconf 90' lang='lat' dir='ltr'><strong>in</strong></span> <span class='ocrx_word' id='word_1_514' title='bbox 389 4319 466 4370; x_wconf 86' lang='lat' dir='ltr'><strong>statu</strong></span> <span class='ocrx_word' id='word_1_515' title='bbox 487 4312 607 4390; x_wconf 89' lang='lat' dir='ltr'><strong>peccati,</strong></span> <span class='ocrx_word' id='word_1_516' title='bbox 622 4312 747 4390; x_wconf 85' lang='lat' dir='ltr'><strong>intelligi</strong></span> <span class='ocrx_word' id='word_1_517' title='bbox 768 4313 854 4373; x_wconf 87' lang='lat' dir='ltr'><strong>debet</strong></span> <span class='ocrx_word' id='word_1_518' title='bbox 874 4333 933 4373; x_wconf 91' lang='lat' dir='ltr'><strong>non</strong></span> <span class='ocrx_word' id='word_1_519' title='bbox 946 4321 1005 4372; x_wconf 91' lang='lat' dir='ltr'><strong>tam</strong></span> <span class='ocrx_word' id='word_1_520' title='bbox 1021 4313 1136 4390; x_wconf 75' lang='lat' dir='ltr'><strong>physice</strong></span> <span class='ocrx_word' id='word_1_521' title='bbox 1156 4321 1186 4374; x_wconf 85' lang='lat' dir='ltr'><strong>et</strong></span> <span class='ocrx_word' id='word_1_522' title='bbox 1205 4313 1346 4388; x_wconf 86' lang='lat' dir='ltr'><strong>absolute,</strong></span> <span class='ocrx_word' id='word_1_523' title='bbox 1362 4331 1451 4391; x_wconf 85' lang='lat' dir='ltr'><strong>quam</strong></span> 
     </span>
     <span class='ocr_line' id='line_1_50' title="bbox 239 4391 1452 4529; baseline 0.004 -81"><span class='ocrx_word' id='word_1_524' title='bbox 239 4391 373 4529; x_wconf 69' lang='lat' dir='ltr'><strong>atticedpt</strong></span> <span class='ocrx_word' id='word_1_525' title='bbox 386 4391 485 4468; x_wconf 90' lang='lat' dir='ltr'><strong>relate,</strong></span> <span class='ocrx_word' id='word_1_526' title='bbox 507 4411 561 4450; x_wconf 90' lang='lat' dir='ltr'><strong>nec</strong></span> <span class='ocrx_word' id='word_1_527' title='bbox 582 4399 641 4451; x_wconf 87' lang='lat' dir='ltr'><strong>tam</strong></span> <span class='ocrx_word' id='word_1_528' title='bbox 663 4393 761 4469; x_wconf 90' lang='lat' dir='ltr'><strong>quoad</strong></span> <span class='ocrx_word' id='word_1_529' title='bbox 780 4393 943 4469; x_wconf 87' lang='lat' dir='ltr'><strong>essentiam,</strong></span> <span class='ocrx_word' id='word_1_530' title='bbox 966 4413 1054 4472; x_wconf 88' lang='lat' dir='ltr'><strong>quam</strong></span> <span class='ocrx_word' id='word_1_531' title='bbox 1068 4392 1165 4470; x_wconf 88' lang='lat' dir='ltr'><strong>quoad</strong></span> <span class='ocrx_word' id='word_1_532' title='bbox 1184 4394 1272 4470; x_wconf 84' lang='lat' dir='ltr'><strong>vires,</strong></span> <span class='ocrx_word' id='word_1_533' title='bbox 1294 4401 1328 4451; x_wconf 91' lang='lat' dir='ltr'><strong>ut</strong></span> <span class='ocrx_word' id='word_1_534' title='bbox 1348 4401 1452 4470; x_wconf 81' lang='lat' dir='ltr'><strong>postea</strong></span> 
     </span>
     <span class='ocr_line' id='line_1_51' title="bbox 240 4472 410 4530; baseline 0.018 -3"><span class='ocrx_word' id='word_1_535' title='bbox 240 4477 323 4528; x_wconf 92' lang='lat' dir='ltr'><strong>osten</strong></span> <span class='ocrx_word' id='word_1_536' title='bbox 345 4472 410 4530; x_wconf 79' lang='lat' dir='ltr'><strong>tur.</strong></span> 
     </span>
    </p>

    <p class='ocr_par' dir='ltr' id='par_1_6' title="bbox 360 4551 1448 4792">
     <span class='ocr_line' id='line_1_52' title="bbox 563 4551 1448 4633; baseline 0.001 -24"><span class='ocrx_word' id='word_1_537' title='bbox 563 4551 640 4610; x_wconf 89' lang='lat' dir='ltr'><strong>XII.</strong></span> <span class='ocrx_word' id='word_1_538' title='bbox 663 4553 841 4631; x_wconf 90' lang='lat' dir='ltr'><strong>Principium</strong></span> <span class='ocrx_word' id='word_1_539' title='bbox 855 4553 1005 4614; x_wconf 87' lang='lat' dir='ltr'><strong>electionis</strong></span> <span class='ocrx_word' id='word_1_540' title='bbox 1026 4573 1079 4614; x_wconf 86' lang='lat' dir='ltr'><strong>sua</strong></span> <span class='ocrx_word' id='word_1_541' title='bbox 1092 4562 1196 4614; x_wconf 86' lang='lat' dir='ltr'><strong>natura</strong></span> <span class='ocrx_word' id='word_1_542' title='bbox 1213 4562 1311 4633; x_wconf 88' lang='lat' dir='ltr'><strong>potest</strong></span> <span class='ocrx_word' id='word_1_543' title='bbox 1325 4571 1388 4613; x_wconf 88' lang='lat' dir='ltr'><strong>esse</strong></span> <span class='ocrx_word' id='word_1_544' title='bbox 1402 4553 1448 4611; x_wconf 91' lang='lat' dir='ltr'><strong>in·</strong></span> 
     </span>
     <span class='ocr_line' id='line_1_53' title="bbox 360 4629 1447 4712; baseline 0.006 -26"><span class='ocrx_word' id='word_1_545' title='bbox 360 4684 376 4712; x_wconf 81' lang='lat' dir='ltr'><strong>u</strong></span> <span class='ocrx_word' id='word_1_546' title='bbox 435 4638 445 4651; x_wconf 88' lang='lat'>&#39;</span> <span class='ocrx_word' id='word_1_547' title='bbox 501 4629 637 4690; x_wconf 80' lang='lat' dir='ltr'><strong>differens</strong></span> <span class='ocrx_word' id='word_1_548' title='bbox 651 4642 680 4693; x_wconf 90' lang='lat' dir='ltr'><strong>et</strong></span> <span class='ocrx_word' id='word_1_549' title='bbox 701 4632 952 4693; x_wconf 87' lang='lat' dir='ltr'><strong>indeterminatum</strong></span> <span class='ocrx_word' id='word_1_550' title='bbox 967 4635 997 4692; x_wconf 90' lang='lat' dir='ltr'><strong>in</strong></span> <span class='ocrx_word' id='word_1_551' title='bbox 1012 4654 1098 4694; x_wconf 88' lang='lat' dir='ltr'><strong>sensu</strong></span> <span class='ocrx_word' id='word_1_552' title='bbox 1112 4634 1217 4710; x_wconf 79' lang='lat' dir='ltr'><strong>diuiso,</strong></span> <span class='ocrx_word' id='word_1_553' title='bbox 1238 4643 1268 4694; x_wconf 88' lang='lat' dir='ltr'><strong>et</strong></span> <span class='ocrx_word' id='word_1_554' title='bbox 1281 4633 1378 4712; x_wconf 92' lang='lat' dir='ltr'><strong>quoad</strong></span> <span class='ocrx_word' id='word_1_555' title='bbox 1398 4651 1447 4692; x_wconf 87' lang='lat' dir='ltr'><strong>ac·</strong></span> 
     </span>
     <span class='ocr_line' id='line_1_54' title="bbox 500 4711 1448 4792; baseline 0.006 -26"><span class='ocrx_word' id='word_1_556' title='bbox 500 4717 562 4766; x_wconf 79' lang='lat' dir='ltr'><strong>mm</strong></span> <span class='ocrx_word' id='word_1_557' title='bbox 583 4711 716 4788; x_wconf 85' lang='lat' dir='ltr'><strong>primum,</strong></span> <span class='ocrx_word' id='word_1_558' title='bbox 739 4721 768 4772; x_wconf 90' lang='lat' dir='ltr'><strong>et</strong></span> <span class='ocrx_word' id='word_1_559' title='bbox 781 4713 957 4774; x_wconf 86' lang='lat' dir='ltr'><strong>simultatem</strong></span> <span class='ocrx_word' id='word_1_560' title='bbox 971 4715 1126 4792; x_wconf 75' lang='lat' dir='ltr'><strong>potentie3</strong></span> <span class='ocrx_word' id='word_1_561' title='bbox 1151 4714 1210 4774; x_wconf 86' lang='lat' dir='ltr'><strong>Sed</strong></span> <span class='ocrx_word' id='word_1_562' title='bbox 1230 4735 1290 4774; x_wconf 89' lang='lat' dir='ltr'><strong>non</strong></span> <span class='ocrx_word' id='word_1_563' title='bbox 1308 4715 1338 4773; x_wconf 85' lang='lat' dir='ltr'><strong>iu</strong></span> <span class='ocrx_word' id='word_1_564' title='bbox 1360 4731 1448 4773; x_wconf 88' lang='lat' dir='ltr'><strong>sensu</strong></span> 
     </span>
    </p>
   </div>
   <div class='ocr_carea' id='block_1_3' title="bbox 0 0 1630 5176">
    <p class='ocr_par' dir='ltr' id='par_1_7' title="bbox 0 0 1630 5176">
     <span class='ocr_line' id='line_1_55' title="bbox 0 0 1630 5176; baseline 0 5"><span class='ocrx_word' id='word_1_565' title='bbox 0 0 1630 5176; x_wconf 95' lang='lat' dir='ltr'><strong> </strong></span> 
     </span>
    </p>
   </div>
  </div>
 </body>
</html>
