3160 5194
265 1192 497 1262 MAGNIFICISp
510 1189 756 1252 NOBILISSIMIS,
774 1189 1135 1254 CONSULTISSIMISQUE
1153 1193 1256 1255 VIRIS,

205 1371 301 1464 Μ).
347 1369 722 1466 CONSULIBUS
761 1367 1018 1478 TOTIQUE
1062 1369 1320 1466 SENATUI

441 1579 608 1632 INOLYTAE
625 1578 851 1630 REIPUBLICAE
868 1578 1097 1641 GENEVENSIS,

293 1681 464 1734 SALUTEM
482 1683 528 1734 ΕΤ
545 1682 773 1735 OMNIMODAM
791 1681 1037 1733 FELICITATEM
1054 1681 1244 1734 PRECATUR

525 1783 738 1836 FRANCISCUS
755 1782 1015 1834 TURRETTINUS.

215 2017 374 2094 Quomus
399 2017 589 2098 Reipublicae
612 2018 713 2093 istius,
738 2017 778 2080 ed
804 2017 893 2096 cujus
916 2016 1035 2080 clevum
1063 2016 1169 2080 sedere
1184 2016 1257 2080 Vos
1284 2017 1370 2084 Deus

166 2114 278 2190 voluit,
295 2121 398 2178 status
412 2114 446 2178 in
462 2123 595 2181 mentem
612 2116 707 2191 venit,
722 2115 906 2178 Psocnsus
917 2112 1145 2190 Aurmsmm,
1161 2120 1211 2177 tot
1223 2121 1257 2178 et
1270 2123 1370 2199 tenta,

168 2213 282 2294 quibus
296 2212 452 2290 inclaruit,
464 2221 633 2280 occurrunt
643 2213 704 2277 Dei
719 2213 876 2288 miracula,
889 2219 926 2274 ut
940 2212 1022 2292 quod
1038 2211 1111 2274 olim
1126 2211 1165 2276 dc
1179 2210 1373 2296 Jerosolyma

170 2312 307 2376 mnebot
323 2311 445 2376 divinus
462 2311 573 2389 Vates,
585 2313 624 2377 de
639 2313 709 2394 ipsa
727 2332 789 2375 non
811 2310 968 2375 immerito
988 2309 1151 2391 praediceri
1166 2331 1258 2392 posse
1282 2333 1372 2378 nemo

169 2408 291 2472 inficias
305 2409 408 2485 iverit,
424 2409 566 2475 Gloriosa
580 2411 619 2476 de
634 2411 680 2476 Te
697 2409 851 2485 dicuntur,
868 2407 986 2474 Civitas
1001 2408 1071 2473 Dei.
1098 2408 1224 2490 Exigua
1238 2410 1370 2490 quidem,

171 2509 281 2583 fateor,
293 2513 327 2571 et
342 2527 402 2587 qua
415 2508 468 2571 vix
483 2508 544 2573 ulia
562 2509 662 2574 minor
676 2510 709 2573 in
728 2508 865 2572 millibus
885 2506 987 2583 «Iudae,
1009 2507 1037 2572 si
1064 2507 1097 2570 N
1098 2515 1195 2572 aturre
1215 2509 1374 2574 commoda

171 2611 373 2685 spectantum
398 2627 513 2687 magna
525 2613 639 2683 temen,
655 2614 689 2672 et
704 2627 767 2688 qna
779 2606 832 2671 rix
848 2606 910 2670 elia
925 2606 1034 2686 major,
1051 2604 1079 2670 si
1094 2607 1297 2670 attendantur
1312 2606 1373 2672 Dei

172 2721 312 2766 munera
347 2703 492 2781 Quamvis
508 2725 582 2770 voro
606 2706 767 2772 innumere
780 2705 854 2780 sint,
870 2725 937 2785 quae
954 2705 1041 2786 large
1064 2725 1157 2768 manu
1173 2703 1324 2770 Dominus
1339 2705 1374 2769 in

173 2820 243 2865 eam
257 2801 368 2866 effudit
381 2803 540 2880 haetenus,
552 2811 585 2867 et
600 2803 737 2884 quotidie
753 2801 893 2880 effundit,
910 2802 1077 2877 beneficia3
1104 2802 1177 2867 Duo
1189 2809 1294 2868 minen
1308 2824 1373 2885 pree

174 2899 295 2963 cacteris
309 2906 384 2963 sunt
398 2901 520 2978 eximia,
537 2922 605 2982 quse
622 2903 805 2984 dignitatem
821 2901 890 2981 ejus
904 2901 1139 2975 commendant3
1159 2901 1300 2985 Religio,
1313 2922 1375 2983 qua

175 2996 255 3060 nihil
271 2997 420 3074 sanctius,
437 3005 471 3062 et
485 2999 644 3076 ltitertce,
661 3021 722 3081 qua
735 3000 812 3063 nihil
827 2999 968 3070 dulcius:
986 2997 1062 3062 Cum
1078 2999 1145 3063 heo
1159 2999 1202 3062 sit
1219 2999 1315 3063 veluti
1330 2999 1374 3064 al·

173 3103 245 3160 tera
258 3095 389 3172 Gesoeu,
415 3117 507 3177 quam
530 3098 612 3162 Solis
633 3097 767 3178 justitiae
794 3097 875 3160 redii
903 3096 1097 3172 collustrant,
1121 3096 1193 3159 dum
1217 3095 1376 3178 AEgyptus

175 3193 292 3270 mundi,
307 3194 468 3274 plusquam
483 3195 654 3260 Cimmeriis
670 3215 809 3261 errorum
825 3195 965 3258 tenebris
979 3193 1118 3275 tegitur3
1144 3193 1243 3258 altera
1255 3194 1375 3260 Tsoher

78 3309 83 3320 ·
177 3311 284 3373 parva,
299 3291 354 3356 sed
368 3299 448 3369 tuta,
463 3293 497 3356 in
513 3315 574 3374 qna
586 3300 709 3377 gratnm
724 3293 769 3374 pii
782 3291 1000 3356 nanciscuntur
1016 3292 1135 3374 asylum
1150 3314 1158 3368 3
1185 3293 1258 3357 dum
1271 3293 1376 3359 feralis

173 3389 287 3470 judicii
304 3389 403 3454 divini
417 3391 499 3474 ignis
512 3392 588 3457 elias
613 3391 786 3472 complures
802 3389 911 3454 Mundi
936 3390 1042 3473 plagas
1060 3390 1201 3457 incendit
1216 3399 1250 3456 et
1264 3391 1377 3473 depas-

178 3488 282 3562 citur;
307 3507 383 3551 vera
406 3488 584 3554 Betisemes
609 3497 643 3554 et
666 3490 860 3572 Heliopolis,
877 3489 998 3554 Domus
1023 3499 1054 3554 et
1068 3489 1186 3554 Ciuitas
1211 3490 1307 3566 Solis,
1322 3490 1377 3553 ubi

178 3606 242 3650 non
256 3586 388 3666 emplius
402 3585 456 3650 Sol
470 3587 524 3652 ille
540 3588 738 3669 aspectabilis
754 3587 875 3664 colitur,
891 3587 973 3668 quod
991 3587 1025 3652 in
1043 3587 1227 3652 Gentilismo
1250 3587 1378 3653 factita-

178 3692 247 3747 tum
276 3683 327 3748 hic
343 3684 438 3748 luisse
454 3704 516 3747 non
531 3686 631 3750 minius
648 3686 804 3750 constanti
821 3707 912 3766 quam
929 3686 1141 3752 consentiente
1164 3688 1248 3751 lema
1270 3685 1379 3766 prodi·

178 3789 248 3846 tum
273 3788 341 3856 est3
375 3783 429 3846 sed
446 3782 569 3848 divinus
585 3783 696 3849 Oriens
720 3805 760 3849 ex
784 3784 850 3848 alto
873 3785 1030 3860 adoretur,
1048 3784 1190 3850 Christus
1214 3783 1378 3865 Dominus,

179 3880 233 3960 qui
248 3881 309 3944 Sol
323 3879 411 3944 nobis
425 3889 474 3945 est
489 3887 524 3946 et
538 3881 684 3966 (lippeam,
700 3881 754 3947 Sol
776 3881 945 3964 omnigene
969 3882 1204 3962 benedictionis,
1221 3880 1274 3961 qui
1291 3880 1381 3944 Reli·

180 3977 280 4058 gionis
304 3976 432 4059 gloriam
456 3979 577 4062 asserit,
595 3980 727 4063 clypeus
742 3980 947 4045 Protectionis
971 3980 1146 4060 tutissime,
1162 3978 1215 4058 qui
1231 3977 1380 4043 invictum

181 4082 215 4140 et
228 4075 469 4158 inexpugnabile
482 4077 654 4144 Libertatis
669 4079 846 4161 presidium
863 4079 1002 4158 praebet3
1028 4076 1117 4154 Quod
1136 4083 1302 4156 utrumque
1317 4076 1378 4143 Ge-

182 4193 267 4238 nevae
284 4173 377 4240 decus
395 4176 571 4258 nummum,
585 4177 793 4258 justissimum
809 4173 1019 4240 admirabilem
1033 4173 1095 4237 Dei
1110 4193 1185 4256 erga
1198 4195 1255 4240 nos
1271 4175 1381 4242 Prori-

185 4271 320 4336 dentiam
335 4273 510 4339 celebrandi
528 4276 708 4357 suppeditet
721 4279 947 4357 argumentum.
974 4271 1050 4350 Quis
1066 4271 1148 4336 enim
1163 4293 1225 4338 non
1241 4280 1379 4356 stupeat,

186 4371 268 4448 quod
292 4369 326 4434 in
349 4370 539 4452 gravissimis
564 4373 626 4438 illis
653 4374 752 4438 totius
779 4391 858 4452 pene
884 4371 1016 4454 Europe
1040 4370 1185 4448 motibus,
1209 4372 1244 4434 in
1269 4372 1380 4451 quibus

185 4467 270 4530 nulla
284 4469 381 4533 imme
394 4469 482 4550 regio
505 4471 578 4536 belli
604 4490 716 4552 expers
732 4470 800 4534 visa
814 4476 873 4545 est,
891 4469 975 4534 nulla
991 4491 1058 4550 quae
1071 4469 1298 4534 funestissimos
1313 4469 1381 4550 ejus

187 4567 314 4630 effectos
330 4587 392 4631 non
417 4567 568 4634 senserit:
607 4568 675 4634 Nos
691 4579 795 4633 tamen
811 4569 960 4632 hactenus
974 4588 1052 4649 pene
1077 4565 1133 4630 soli
1158 4567 1192 4630 in
1207 4568 1265 4630 hoo
1281 4573 1381 4629 terra

187 4681 255 4727 rum
279 4665 392 4748 augurio
416 4665 563 4747 alcyoniis
588 4668 765 4748 gaudentes,
792 4666 902 4734 intecti
926 4675 959 4731 et
981 4665 1133 4730 immunes
1155 4662 1380 4728 manserimusl
