3250 5176
281 357 341 416 578
584 352 598 375 ‘'
773 373 864 416 nocua
879 371 985 414 rosus.
1291 351 1418 434 [ounsr.
1434 371 1489 412 xn.

283 525 379 576 torum
393 516 521 576 omnium
535 524 580 576 est
593 535 680 575 causa
694 523 723 575 et
736 517 827 594 origo,
842 517 908 578 Jac.
923 515 943 574 i.
960 517 1017 573 15:
1039 513 1110 589 Qua
1124 513 1221 574 omnia
1238 522 1358 592 peccato
1371 511 1489 592 proprie

285 597 363 656 dicto
378 597 563 656 conveniunt.
605 596 691 656 Unde
705 597 794 674 Aug,
809 597 861 655 lib.
876 617 905 655 v.
921 595 1085 655 cont-Juli.
1100 614 1162 672 cap.
1178 598 1205 670 2,
1222 595 1323 654 statuit
1337 595 1489 672 concupis·

286 677 410 736 centiam
426 681 444 710 “
454 678 527 736 Esse
541 687 568 736 et
574 687 731 754 peceatum,
747 678 815 754 quia
834 677 879 734 illi
899 677 975 736 inest
994 675 1190 734 inobedientia
1203 674 1344 734 adversus
1357 675 1488 734 domina-

285 759 394 817 tionem
414 758 527 833 mentis,
550 767 577 816 et
594 777 710 834 perram
732 759 851 834 peccati,
866 757 935 834 quie
955 755 1068 815 reddita
1089 765 1133 814 eat
1153 755 1263 814 meritis
1284 755 1487 830 inobedientis,

286 847 314 897 et
326 859 441 897 eausam
448 839 563 915 precati
574 836 734 896 defectione
748 837 955 897 consentientia
969 844 1002 895 ut
1016 844 1045 895 et
1059 836 1231 913 contagione
1244 836 1406 894 nocentis.'’

221 917 233 930 “
327 917 440 976 XXII.
463 918 545 976 Licet
558 919 778 994 conceperam
791 918 904 977 dicatur
921 917 1037 994 pignere
1052 925 1208 993 peccatam,
1224 915 1244 975 J
1247 935 1289 975 ac.
1304 916 1324 974 i.
1341 919 1387 990 15,
1411 917 1488 975 soili-

286 1007 332 1058 cet
345 998 466 1072 actuale,
482 1008 712 1058 consummatum
726 1007 756 1058 et
770 1007 929 1072 externum,
945 1017 1004 1055 nou
1018 996 1125 1056 desinit
1146 1016 1209 1056 esse
1230 1005 1401 1074 peccetum3
1424 997 1489 1055 Imo
1592 1063 1593 1068 η

286 1087 385 1137 eontra
397 1087 549 1155 peccatum
563 1099 626 1137 esse
640 1078 735 1154 debet,
751 1079 820 1157 qnia
833 1087 933 1156 partus
948 1078 1079 1156 sequitur
1092 1085 1232 1152 ventrem,
1249 1084 1278 1136 et
1292 1076 1423 1154 ejusdem
1445 1086 1491 1136 est

286 1179 351 1217 cum
365 1167 483 1236 parente
497 1167 626 1234 naturae;
649 1159 742 1218 malua
756 1159 876 1218 effectus
889 1159 1052 1217 necessario
1073 1156 1169 1235 arguit
1184 1177 1301 1216 causam
1320 1157 1436 1234 malam,
1458 1165 1491 1216 ut

287 1239 371 1298 arbor
383 1239 541 1297 aestimatur
555 1259 592 1297 ex
605 1239 710 1298 fructu.

328 1319 458 1377 XXIII.
481 1318 573 1380 Aliud
587 1327 632 1378 est
645 1319 675 1376 in
689 1319 796 1378 renatis
810 1319 920 1378 nullam
933 1337 998 1377 esse
1012 1319 1290 1391 cmaemnaeom,·
1309 1316 1403 1376 Aliud
1416 1317 1491 1376 nihil

287 1399 502 1474 condemnabile,
517 1407 547 1458 ct
560 1399 626 1458 odio
640 1399 770 1476 dignum,
786 1400 866 1477 prius
880 1398 951 1458 dicit
974 1399 1091 1472 Paulus,
1112 1398 1197 1457 Rom.
1215 1397 1276 1456 viii.
1301 1401 1327 1474 1,
1351 1398 1421 1475 qnia
1443 1418 1489 1456 ac-

286 1479 374 1539 tualis
387 1489 484 1538 reatus
508 1481 639 1539 sublatus
653 1489 698 1538 eat
711 1500 763 1558 per
785 1480 907 1557 gratiam
928 1479 1152 1556 justificationis,
1177 1478 1229 1537 sed
1252 1497 1311 1536 non
1334 1479 1489 1556 posterius,

287 1561 356 1636 quia
370 1560 499 1637 quandiu
512 1569 641 1620 remanet
654 1569 803 1637 peccatum
817 1560 848 1618 in
862 1559 956 1635 nobis,
971 1559 1050 1637 quod
1063 1558 1096 1618 fit
1109 1577 1201 1636 usque
1215 1558 1253 1616 ad
1271 1567 1403 1632 mortam,
1418 1567 1491 1617 tam·

287 1639 338 1698 diu
352 1650 480 1700 remanet
493 1649 590 1700 reatus
600 1640 775 1718 potentialis,
791 1661 842 1699 sen
855 1641 990 1699 meritum
1004 1639 1191 1698 intrinsecum
1204 1639 1324 1717 pcccati,
1346 1657 1399 1718 per
1413 1637 1492 1716 quod

286 1739 388 1778 revera
402 1719 468 1778 odio
483 1729 527 1778 eat
541 1720 671 1797 dignum,
686 1729 716 1780 et
729 1719 950 1780 condemnabilo
960 1727 1064 1779 natura
1077 1738 1137 1796 sua,
1148 1719 1282 1797 quamvis
1292 1739 1344 1798 per
1356 1719 1492 1778 accidens

288 1798 390 1876 gratiae
403 1807 469 1860 actu
483 1819 540 1859 non
556 1801 737 1861 condemnet.

741 2040 935 2116 cumauro
959 2040 1038 2099 xn.

673 2220 713 2260 na
727 2203 956 2262 rnoraaarroua
970 2219 1105 2260 raccant.

363 2362 511 2428 Quomodo
524 2363 675 2421 Peccatum
688 2362 827 2438 originale
831 2371 1013 2439 propagetur
1026 2381 1046 2420 a
1059 2361 1227 2419 Parentibus
1241 2361 1271 2418 ia
1284 2361 1427 2419 Liberos!

290 2557 396 2607 euasero
423 2557 453 2604 de
481 2573 531 2602 mo-
612 2521 638 2579 Ι.
660 2521 855 2595 Quaestionem
868 2521 943 2579 hanc
962 2521 1074 2598 peperit
1093 2520 1292 2579 hereticorum
1313 2520 1493 2598 improbiter,

320 2616 350 2659 do
378 2616 531 2674 propagatio·
553 2607 582 2658 et
596 2600 682 2658 avida
696 2600 793 2658 omnia
806 2600 954 2660 scrutandi
968 2600 1128 2676 curiositas,
1144 2620 1231 2677 quem
1245 2621 1280 2660 eo
1297 2599 1399 2660 fortius
1412 2621 1494 2660 urse·

317 2674 358 2776 ¹¹3¹!
370 2674 533 2732 pecoattdiffi-
553 2687 621 2738 runt
645 2679 804 2756 Pelagium,
826 2689 860 2739 ut
879 2700 918 2739 ex
938 2681 1154 2758 propagationis
1177 2681 1288 2758 peccati
1313 2681 1492 2756 difficultate,

317 2746 339 2776 ⁰¹
352 2746 379 2776 ¹⁸¹
553 2759 667 2820 facilius
682 2761 745 2838 ejus
759 2760 912 2820 veritatem
925 2770 1075 2838 negarent.
1117 2761 1190 2818 Tam
1204 2761 1294 2820 ardua
1314 2770 1344 2820 et
1363 2761 1494 2839 explica-

288 2845 321 2897 tu
335 2837 459 2897 difficilis
473 2847 518 2898 est
531 2839 595 2898 visa
612 2840 777 2918 Augustino,
792 2848 825 2900 ut
845 2840 876 2898 in
896 2860 932 2900 ea
951 2841 1103 2900 enodanda
1123 2861 1270 2918 nunquam
1291 2841 1346 2900 sibi
1367 2843 1496 2919 potuerit

289 2919 462 2979 satisfacere.
506 2920 601 2996 Unde,
616 2922 690 2980 libro
704 2941 734 2980 v.
749 2921 862 2980 advers.
878 2922 969 2981 Julia.
984 2921 1079 2998 capite
1093 2923 1121 2996 3,
1133 2922 1288 2998 propositis
1299 2921 1412 2982 dnobus
1427 2942 1495 3000 pro-
1592 2947 1593 2950 ¹

288 2999 404 3078 paginis
417 2999 520 3077 modis,
531 3001 579 3060 rel
589 3010 622 3062 ut
634 3011 788 3080 utrumque
802 3001 936 3061 vitiatum
950 3001 987 3060 ab
1000 3001 1116 3060 homine
1132 3002 1268 3076 trahatur,
1283 3003 1332 3060 vel
1343 3010 1376 3061 ut
1386 3003 1495 3061 alteru·

288 3091 365 3139 trum
379 3080 409 3138 in
428 3081 527 3158 altero,
549 3089 687 3160 tanquam
707 3082 738 3140 in
752 3102 821 3142 vase
835 3082 937 3142 vitiato
959 3089 1165 3158 corrumpatur,
1188 3081 1276 3156 addit,
1302 3083 1381 3148 Quid
1398 3093 1496 3141 autem

288 3161 389 3219 horam
402 3161 439 3218 sit
457 3181 554 3220 amram
567 3164 693 3222 boeotiam
706 3163 790 3238 diaco,
806 3183 892 3240 qaam
906 3164 975 3238 dieo,
991 3183 1026 3220 ne
1046 3165 1169 3220 audeam
1183 3165 1373 3238 decerequod
1391 3164 1494 3222 nescio.

290 3239 362 3300 Ideo
377 3240 447 3299 abbi
461 3242 589 3301 scribens
613 3243 652 3302 ad
671 3243 791 3302 Hieron.
815 3243 898 3319 epist.
920 3243 969 3316 29,
989 3262 1024 3300 eo
1043 3241 1161 3300 devenit
1177 3250 1209 3300 ut
1229 3242 1315 3309 dicat,
1338 3241 1496 3320 dispician-

288 3321 359 3379 dum
383 3339 447 3378 esse
470 3322 567 3397 potina
586 3322 731 3398 quomodo
755 3323 793 3381 ab
817 3342 851 3380 eo
875 3323 951 3380 malo
975 3342 1027 3398 per
1051 3323 1196 3380 Christum
1218 3322 1382 3397 liberemur,
1405 3342 1495 3399 qnam

288 3398 434 3476 quomodo
448 3399 479 3456 id
493 3399 530 3457 ab
545 3401 661 3460 Adamo
675 3403 848 3460 traxerimus
862 3401 1068 3479 disputandum
1083 3423 1091 3476 ;
1113 3411 1145 3461 ut
1164 3402 1214 3478 qui
1235 3403 1265 3460 in
1285 3411 1405 3480 puteum
1427 3423 1496 3479 pro·

288 3479 388 3554 lapsus
409 3486 462 3552 cst,
485 3498 545 3536 non
562 3489 622 3539 tam
643 3481 784 3540 sollicitus
805 3501 869 3540 esse
890 3483 977 3540 debet
997 3481 1034 3540 de
1055 3481 1255 3559 cognoscendo
1277 3482 1364 3541 modo
1384 3503 1444 3563 quo
1464 3484 1498 3540 in

288 3559 371 3617 illum
391 3556 533 3633 inciderit,
557 3580 643 3637 quem
666 3561 702 3619 de
724 3561 928 3638 investiganda
950 3562 1060 3620 ratione
1082 3581 1134 3640 per
1155 3581 1242 3639 quam
1264 3563 1350 3622 istinc
1369 3563 1499 3622 evadere

308 3645 384 3698 neat.

288 3658 308 3716 q
592 3721 634 3779 Π.
657 3720 796 3796 Quamvis
811 3741 879 3779 vero
894 3719 924 3778 in
938 3721 1097 3797 quaestione
1112 3722 1324 3796 obscurissima,
1348 3743 1405 3781 non
1427 3743 1498 3802 pos-

551 3803 609 3862 sint
628 3801 756 3878 scrupnli
777 3819 877 3859 omnes
897 3801 1049 3876 removeri,
1072 3802 1117 3859 Ea
1137 3810 1234 3860 tamen
1255 3823 1293 3860 ex
1315 3802 1414 3862 Verbo
1438 3803 1497 3862 Dei

486 3897 490 3902 '
551 3889 673 3960 possunt
685 3881 770 3958 tradi,
785 3901 850 3959 qua
874 3880 1013 3940 modestis
1033 3881 1159 3959 ingeniis
1183 3883 1296 3958 possint
1317 3882 1497 3960 satisfacere,

290 3970 324 4022 ut
336 3981 397 4020 rem
411 3962 531 4022 firmiter
545 3970 575 4022 et
594 3962 755 4022 indubitate
776 3970 933 4036 teneamus,
955 3961 1024 4020 licet
1044 3961 1161 4020 modum
1182 3963 1267 4040 plene
1288 3970 1317 4021 et
1337 3964 1414 4021 clare
1436 3983 1499 4022 non

288 4043 433 4121 possimus
447 4043 571 4120 assequi.
614 4042 753 4100 Bifariam
766 4051 863 4101 antem
877 4042 914 4099 ad
926 4041 1119 4116 Quaestionem
1134 4042 1311 4120 propositam
1324 4043 1500 4120 responderi

289 4145 532 4200 attenuationem
552 4130 656 4200 potest,
679 4121 728 4180 rel
748 4122 917 4199 peaeraliua,
932 4121 981 4180 vel
994 4122 1150 4198 specialius.
1193 4123 1300 4198 Primo,
1321 4125 1499 4200 generalius,

317 4207 438 4276 impuram
463 4221 532 4266 gera·
552 4202 670 4262 modum
686 4201 902 4279 propagationis
923 4201 1007 4261 iatius
1028 4221 1095 4260 esse
1112 4203 1254 4278 imparem
1272 4205 1499 4281 peparethum,

318 4268 446 4310 rationem.
552 4301 609 4360 qua
637 4303 675 4342 ex
696 4283 838 4359 corruptis
859 4290 888 4341 et
908 4282 1108 4360 peccatoribus
1129 4284 1256 4360 corrupti
1276 4292 1306 4342 et
1325 4291 1503 4361 peccatores

288 4364 442 4424 nascimur.
484 4363 559 4424 Nem
573 4371 606 4422 ut
618 4363 705 4421 homo
718 4363 864 4421 homiuem
878 4371 1006 4439 generat,
1017 4371 1048 4421 et
1059 4362 1192 4440 leprosus
1204 4357 1371 4441 leprosum,
1386 4364 1501 4423 mimm

288 4442 382 4502 rideri
406 4461 464 4502 nou
488 4443 582 4517 debet,
606 4443 631 4501 si
652 4451 786 4520 peccator
808 4450 988 4518 peccatorem
1010 4443 1097 4502 etiam
1120 4443 1175 4501 sibi
1201 4443 1325 4502 similem
1349 4453 1502 4520 procreat.
1592 4433 1593 4488 i

288 4521 356 4579 Hoc
370 4531 399 4580 et
412 4531 515 4581 natura
529 4531 558 4581 et
572 4521 698 4582 conditio
713 4521 842 4580 omnium
856 4523 1056 4599 generantium
1070 4523 1206 4600 postulat,
1221 4524 1273 4602 qui
1287 4525 1414 4601 gignunt
1437 4525 1503 4585 sibi

288 4598 382 4658 simile
396 4602 500 4677 specie,
516 4601 612 4678 quoad
626 4602 817 4661 substantiam
831 4611 860 4660 ct
874 4602 1034 4662 accidentia
1048 4603 1163 4680 speciei,
1176 4612 1205 4663 et
1219 4603 1283 4662 Lex
1294 4605 1505 4681 generationis

286 4694 306 4734 a
319 4675 386 4746 Deo,
395 4679 498 4756 posita,
513 4701 572 4739 non
586 4682 681 4740 minua
694 4689 761 4758 post
773 4681 897 4760 lapsum,
912 4681 987 4742 Gen.
1006 4682 1047 4752 ix,
1065 4686 1091 4758 l,
1107 4701 1194 4761 quam
1208 4691 1275 4743 ante
1295 4703 1370 4759 cum,
1386 4685 1505 4763 exigite

305 3779 344 3826 nd
355 3793 408 3824 cam
418 3791 516 3838 rospon-

370 3837 450 3881 datur.
