3160 5194
131 360 246 410 osmer.
262 337 323 420 ra]
628 356 668 398 ns
682 357 861 400 rueonoons.
1308 350 1343 406 ll

133 503 231 561 Deum
244 517 322 576 esse,
345 453 444 558 lJeum
457 515 520 558 esse
534 497 695 578 colendum,
715 497 769 560 &a
812 499 872 561 Sed
885 499 1032 579 quaritur,
1053 501 1104 561 An
1116 503 1258 583 principia
1271 505 1345 566 ada·

133 589 225 662 quata
246 589 279 642 et
298 579 417 660 propria
429 597 507 638 rere
528 578 688 659 Religionis
708 579 821 658 possint
840 581 941 641 haberi
962 582 1039 661 apud
1061 603 1178 662 omnes;
1200 585 1280 662 quod
1297 605 1346 646 ne-

134 681 251 742 ganisis.

334 807 341 820 ,
445 737 500 798 IV.
523 739 589 800 Non
608 740 755 819 quaeritur,
778 739 829 800 An
850 741 1015 802 bominibus
1036 742 1116 808 utilis
1137 742 1175 803 sit
1188 745 1349 824 Theologie

147 806 366 912 saemfflmro-
404 819 559 898 naturalis,
588 819 786 900 Agnoscimus
813 821 890 882 enim
912 823 1009 883 varios
1032 824 1097 901 ejus
1119 823 1192 885 fines
1216 833 1246 885 et
1266 845 1346 903 usus,

406 903 432 960 1.
454 908 487 960 ut
507 899 545 960 sit
564 901 760 962 testimonium
780 901 919 962 bonitatis
941 903 997 963 Dei
1010 923 1080 982 erga
1097 904 1229 965 homines
1246 926 1346 984 pecea-

137 989 217 1040 tores
239 978 377 1058 indiguos
400 981 487 1040 etiam
507 979 588 1040 hisee
609 981 739 1059 reliquiis
762 981 844 1059 lucis,
869 983 939 1044 Act.
960 983 1021 1044 xiv.
1048 985 1166 1062 16,1v;
1187 985 1256 1046 Jos.
1276 986 1296 1046 i.
1319 989 1347 1047 5.

137 1065 168 1121 2.
191 1060 236 1120 Ut
249 1059 288 1119 sit
302 1060 451 1121 vinculum
471 1069 598 1122 externse
619 1061 778 1141 disciplinae
795 1063 872 1122 inter
890 1063 1030 1141 homines,
1052 1085 1089 1124 ne
1102 1065 1228 1126 mundus
1251 1065 1282 1126 in
1305 1065 1347 1125 la·

137 1138 295 1202 trocininm
308 1140 402 1218 abeat,
419 1141 503 1201 Rom.
518 1141 548 1200 ii,
565 1145 611 1218 14,
628 1144 675 1202 15.
717 1145 745 1202 3.
766 1141 809 1204 Ut
822 1143 861 1204 sit
873 1145 1000 1205 conditio
1014 1145 1176 1224 subjectiva
1189 1145 1219 1206 in
1233 1146 1349 1206 bomine

140 1221 181 1280 erl
193 1221 292 1280 lumen
306 1223 408 1298 gratiae
421 1221 639 1298 admittendum,
661 1221 730 1300 quia
745 1223 825 1284 Deus
839 1243 898 1284 non
911 1224 1067 1304 alloquitur
1080 1226 1165 1286 bruta
1178 1234 1208 1286 et
1220 1234 1347 1304 trrmcos,

142 1300 198 1361 sed
212 1308 355 1362 crastinas
368 1302 532 1362 rationales.
573 1305 602 1362 4.
622 1302 666 1363 Ut
679 1303 717 1362 sit
730 1301 947 1386 incitamentum
961 1305 1197 1382 adquaerendam
1210 1305 1346 1368 illustrio-

141 1401 205 1441 rem
219 1380 276 1440 Dei
288 1382 503 1458 revelationem,
523 1380 591 1442 Aet.
606 1381 668 1442 xiv.
683 1386 732 1443 27.
774 1385 803 1444 5.
825 1384 869 1445 Ut
881 1383 1038 1445 reddantur
1051 1385 1182 1446 homines
1195 1385 1347 1446 inexcusa-

140 1461 226 1536 biles,
242 1461 327 1522 Rom.
342 1461 362 1521 i.
377 1465 425 1538 20,
440 1471 502 1522 tum
516 1459 546 1519 in
559 1463 614 1522 hac
627 1463 689 1524 vita
708 1463 739 1522 in
752 1463 864 1540 judicio
878 1465 1061 1526 conscientia
1075 1467 1245 1543 accusantis,
1262 1467 1347 1526 Rom.

140 1541 172 1600 ii.
183 1545 231 1618 15,
241 1550 305 1602 tum
315 1541 346 1600 in
359 1540 456 1601 sutum
465 1541 496 1600 in
506 1540 617 1620 judicio
628 1543 685 1601 Dei
693 1543 744 1621 qui
754 1543 897 1621 judicabit
911 1544 946 1604 de
957 1545 1075 1606 latebris
1088 1547 1246 1622 hominum,
1263 1547 1348 1606 Rom.

140 1623 171 1682 ii.
188 1624 237 1682 16.
281 1621 341 1682 Sed
360 1620 506 1701 quaeritur,
528 1620 579 1680 An
598 1622 720 1683 sufficiat
739 1643 791 1701 per
804 1643 836 1684 se
852 1624 890 1684 ad
910 1625 1041 1701 salutem,
1064 1635 1093 1686 et
1107 1625 1158 1684 An
1171 1625 1237 1686 finis
1252 1645 1269 1686 s
1284 1627 1348 1686 Deo

140 1702 272 1762 intentus
285 1703 317 1760 in
330 1702 381 1762 ills
394 1701 570 1761 revelatione
592 1701 679 1763 fuerit
699 1703 778 1764 salus
799 1703 949 1765 hominum
971 1706 1077 1783 quibus
1097 1705 1173 1766 lacta
1186 1714 1247 1784 est,
1270 1706 1349 1784 quod

141 1801 178 1842 ne
248 1801 293 1842 us.

142 1803 331 1947 ,gnum
344 1915 385 1946 ne
446 1861 485 1922 V.
507 1860 647 1923 Rationes
667 1871 735 1923 sunt
748 1863 836 1924 varias
857 1867 885 1924 1.
900 1863 975 1940 Quia
988 1865 1104 1944 Religio
1119 1865 1252 1926 salutaris
1268 1865 1350 1925 nulla

141 1960 251 2006 euntem
263 1973 313 2004 m
324 1961 384 2004 sum.
406 1960 471 2002 esse
484 1949 579 2020 potest
593 1944 654 2002 sine
669 1942 793 2019 Christo,
810 1951 841 2003 et
852 1943 910 2003 tide
923 1945 955 2002 in
973 1945 1077 2023 ipsum,
1099 1944 1121 2005 J
1123 1965 1186 2004 osn.
1201 1945 1241 2005 iii.
1259 1948 1305 2004 16.
1320 1954 1351 2006 et

141 2019 385 2136 gfflhfflm
406 2021 528 2115 ”3233
550 2021 627 2116 Aac
639 2023 679 2082 iv.
696 2026 744 2098 11,
763 2024 818 2100 123
841 2025 857 2081 l
874 2023 938 2117 Cor.
953 2023 994 2084 iii.
1011 2027 1065 2101 113
1088 2024 1166 2116 Hel).
1180 2025 1221 2083 xi.
1237 2027 1265 2083 6.
1307 2023 1351 2085 At

143 2181 231 2242 aa
244 2182 307 2242 aas
321 2103 979 2260 tererestereres
999 2099 1350 2261 irretiisse:
1423 2195 1427 2200 -

142 2273 258 2323 tantum
272 2262 355 2340 sequi
366 2262 548 2340 Religionem
557 2261 749 2324 Christianam
758 2282 821 2323 esse
831 2263 946 2324 unicam
955 2261 1032 2324 viam
1043 2262 1217 2324 ordinariam
1231 2263 1349 2342 salutis;

143 2343 197 2404 sed
218 2341 287 2402 inde
309 2361 368 2402 non
390 2342 489 2420 colligi
509 2343 603 2401 Deum
623 2363 683 2401 non
696 2362 781 2422 posse
795 2342 1021 2404 extraordinarie
1034 2345 1157 2404 salutem
1172 2343 1301 2404 conferte
1314 2344 1351 2406 iis

142 2423 194 2504 qui
209 2431 309 2483 sancte
323 2422 451 2484 vixerint
460 2423 548 2500 juxta
559 2422 655 2500 legem
667 2431 786 2496 nabuae,
801 2424 856 2484 etsi
871 2423 1003 2484 Christus
1016 2424 1075 2484 illis
1087 2425 1278 2485 annunciatus
1292 2444 1351 2485 non
1416 2419 1419 2426 ’

143 2504 249 2564 fuerit:
279 2503 355 2562 Nam
369 2523 435 2562 eum
452 2502 598 2581 Scriptum
619 2510 741 2564 testetur
758 2503 904 2564 Christum
925 2505 1041 2564 unicam
1061 2524 1125 2564 esse
1139 2504 1216 2564 viam
1237 2506 1349 2583 solutis,

142 2585 207 2644 sine
221 2603 280 2662 quo
294 2603 379 2643 nemo
393 2582 492 2641 veniat
513 2581 551 2640 acl
565 2581 688 2658 Patrem,
704 2583 753 2642 vis
772 2583 1000 2644 extraordinaria
1019 2585 1129 2662 absque
1143 2585 1258 2646 Christo
1278 2585 1350 2663 tingi

143 2663 364 2805 sirus
373 2660 644 2740 ι
667 2663 766 2802 ιιι
790 2664 949 2759 ιι
1025 2685 1124 2804 ιιι

145 2825 228 2886 Deus
241 2764 326 2902 quaesi
340 2764 521 2883 conriivendo
535 2789 585 2883 eoi
598 2763 965 2902 digmulavcizz’ptgfflzffl
980 2765 1273 2903 pfrinitieiiviii'viis'
1291 2764 1352 2884 iiiii

144 2905 288 2981 incedere,
312 2903 381 2963 Act.
396 2903 457 2962 xiv.
475 2906 520 2979 16,
544 2911 574 2963 et
594 2923 652 2981 quo
675 2903 839 2964 serviebant
859 2905 961 2983 ignoto
983 2906 1055 2982 Deo,
1078 2904 1146 2965 Act.
1164 2905 1235 2965 xvii.
1251 2908 1299 2981 23,
1322 2913 1353 2965 ct

143 2985 236 3045 Atlrei
251 2994 333 3045 erant
347 2984 377 3042 in
391 2982 507 3060 mundo,
523 2983 599 3062 Eph.
613 2983 643 3044 ii.
660 2986 706 3060 12,
722 2983 800 3062 quod
813 2984 872 3042 dici
884 3004 943 3044 non
956 2993 1062 3064 posset,
1078 2985 1104 3044 si
1117 2985 1255 3045 revelatio
1270 2993 1352 3046 natu-

144 3066 214 3126 ralis
224 3065 376 3125 habuisset
385 3083 420 3124 ea
430 3083 494 3141 quse
504 3063 961 3142 poterantsufficereadsalutem.
998 3068 1027 3124 3.
1037 3065 1112 3140 Quis
1126 3064 1151 3122 si
1164 3065 1242 3124 salus
1256 3073 1354 3142 posset

145 3144 246 3206 baberi
261 3164 300 3204 ex
314 3143 467 3222 Religione
480 3143 633 3220 communi,
657 3163 716 3204 non
738 3163 811 3222 opus
831 3143 934 3204 fuisset
948 3142 1111 3222 Evangelio
1125 3151 1154 3202 et
1168 3143 1258 3203 Verbi
1279 3163 1352 3220 pra·

145 3227 248 3300 conio,
270 3245 337 3284 cum
351 3233 448 3283 tamen
461 3231 582 3284 testetur
596 3224 706 3284 Paulus
722 3224 737 3283 1
751 3225 816 3282 Cor.
828 3223 847 3283 i.
859 3227 907 3300 21,
922 3229 1075 3301 postquam
1088 3223 1119 3282 in
1134 3221 1190 3282 Dei
1204 3223 1352 3302 sapientia,

147 3305 279 3366 Mundus
294 3305 388 3365 Deum
405 3322 464 3362 non
484 3304 622 3382 cognovit
642 3324 695 3382 per
717 3303 895 3383 sapientiam,
919 3303 1062 3382 placuisse
1085 3303 1148 3363 Deo
1163 3323 1278 3364 servare
1292 3324 1352 3364 cre·

145 3386 258 3462 dentes,
282 3383 507 3526 perttifflfithm
527 3383 748 3463 predicationis,
772 3383 861 3444 idest
874 3403 926 3464 per
938 3383 1070 3444 Verbum
1088 3384 1251 3464 Evangelii,
1275 3385 1354 3463 quod

145 3467 184 3527 im
204 3467 243 3527 iis
256 3473 331 3526 ests
375 3464 448 3525 titia.

182 3488 203 3546 p
450 3543 507 3604 VI.
529 3542 622 3604 Aliud
641 3554 687 3606 est
706 3543 769 3604 dari
782 3542 909 3622 aliquam
928 3543 1060 3606 notitiam
1086 3544 1141 3606 Dei
1161 3545 1305 3606 Creatoris
1325 3553 1355 3605 et

155 3611 379 3717 ffflugugfflffi‘*
412 3623 638 3700 conservatoris,
660 3625 713 3685 sed
732 3623 936 3712 imperfectam,
958 3633 1121 3705 corruptam
1141 3633 1171 3686 et
1184 3625 1354 3701 obscurem

412 3703 505 3765 Aliud
517 3703 624 3764 hebere
637 3705 761 3782 plenam,
776 3705 918 3784 integram
932 3714 962 3766 et
975 3706 1082 3766 claram
1092 3704 1287 3784 cognitionem
1298 3705 1356 3764 Dei

148 3783 353 3863 Redemptoris
367 3791 397 3844 et
409 3783 533 3864 legitimi
547 3784 642 3846 cultus
655 3785 700 3844 illi
712 3784 820 3846 debiti:
850 3785 929 3846 Illud
942 3785 1030 3846 hebet
1043 3786 1203 3864 Tbeologia
1215 3783 1356 3844 neamalis

147 3867 177 3924 in
190 3868 297 3942 prm?
309 3871 354 3924 ut
364 3872 429 3924 Θεοῦ
439 3888 447 3926 :
468 3865 535 3924 Hoc
544 3865 606 3924 sols
615 3866 745 3926 revelata
751 3864 781 3924 iu
791 3869 828 3944 τῇ
839 3871 930 3945 sangi,
940 3866 1019 3945 quod
1026 3887 1064 3928 ex
1072 3866 1172 3926 Verbo
1182 3873 1294 3924 autum
1304 3863 1355 3922 ha-

147 3946 241 4007 betur.
284 3945 346 4004 Nec
367 3946 393 4004 si
409 3947 489 4006 Deus
503 3965 561 4005 non
575 3965 607 4006 se
627 3946 744 4025 reliquit
763 3943 906 4030 aipalgwga
925 3948 956 4008 in
969 3956 1073 4007 natura
1085 3942 1291 4005 benefaciendo
1304 3943 1355 4002 ho·
1453 3957 1455 3964 ’

149 4027 275 4086 minibus
296 4025 394 4104 quoad
407 4025 443 4086 rel
455 4023 558 4096 βιπιιιιὶ
579 4025 647 4088 Act.
662 4027 724 4087 xiv.
741 4031 787 4102 17,
813 4048 877 4105 quae
896 4047 972 4104 saepe
993 4026 1116 4103 largitur
1137 4023 1174 4081 iis
1195 4041 1269 4100 quos
1291 4021 1357 4082 odio

149 4107 243 4200 babet,
267 4114 298 4167 et
321 4127 397 4201 quos
418 4107 508 4168 exitio
530 4107 658 4183 devovit,
682 4107 1022 4202 sequiturVocationcm
1043 4111 1192 4196 externam
1214 4101 1359 4198 objectiva

150 4186 237 4248 luisse
256 4186 449 4250 sufficientem
469 4187 508 4247 ad
528 4187 659 4265 salutem,
682 4208 752 4267 quis
772 4187 878 4248 martur
899 4205 975 4245 vers.
992 4187 1039 4246 16.
1080 4185 1183 4242 Scurrae
1201 4193 1296 4262 qenes
1316 4205 1359 4246 ere

151 4267 199 4328 vib
211 4267 277 4346 arei,
301 4277 332 4328 et
346 4288 409 4347 cap.
424 4267 496 4328 xvii.
510 4271 559 4344 30,
582 4277 704 4328 vocatur
724 4277 830 4345 seispso
850 4269 923 4326 allud
940 4263 1115 4342 ignoranda,
1137 4265 1216 4342 quod
1228 4285 1287 4325 non
1300 4266 1358 4326 alio

153 4348 273 4489 ιιι

179 4449 382 4570 οὅῙΙΙ.Εὸι’1Ιιιι(1
396 4447 583 4585 estqquseliiere
603 4508 731 4568 favorem
746 4518 776 4569 et
789 4507 911 4586 gratiam
930 4506 986 4568 Dei
1006 4447 1058 4586 pier
1070 4506 1201 4566 Verbum
1209 4472 1300 4566 ‘suum
1314 4525 1357 4564 rs-

149 4590 244 4668 relati,
254 4590 286 4650 vi
299 4586 527 4669 promissionum
541 4607 657 4649 suarum
672 4589 703 4648 in
717 4588 848 4664 Christo,
871 4587 963 4649 Aliud
976 4606 1104 4667 quarere
1119 4587 1213 4646 Deum
1228 4587 1358 4664 ignotum

148 4670 177 4730 in
200 4671 342 4750 operibus
364 4675 476 4728 natura
498 4677 527 4728 et
548 4667 747 4748 providentia,
777 4667 801 4728 si
822 4667 918 4728 forsan
939 4668 1083 4748 palpando
1108 4665 1232 4726 inveniri
1258 4663 1357 4742 possit.
