3152 5178
30 1215 36 1323 l

108 400 210 452 onear.
227 381 285 468 1.]
564 405 675 450 11111
690 405 758 466 uso,
775 407 812 448 nr
826 405 926 448 neruo,
1119 465 1124 474 ι
1286 395 1341 454 161

108 583 224 633 3ng
294 587 363 633 Μ,
433 549 478 609 ΙΙ.
502 549 607 626 Primo,
622 551 727 610 Atloeus
740 550 815 609 alius
833 557 878 608 est
891 525 1084 626 191εωὶ111111
1093 574 1106 622 ,·
1127 548 1214 610 Alius
1228 553 1342 613 Ρναοιὶ-

131 657 180 699 m,
189 659 205 690 v
250 645 363 692 Prum-
387 649 460 690 crte:
479 631 528 690 ille
542 630 639 709 quoad
652 631 747 706 fidem,
762 630 813 708 qui
828 630 923 688 Deum
934 648 993 688 non
1007 630 1158 708 agnoscit;
1172 631 1229 691 iste
1243 634 1340 710 quoad

132 717 179 752 ω·
386 729 488 770 mores
511 720 541 770 ct
562 711 661 788 vitam,
683 712 734 788 qui
761 730 827 770 eum
855 709 1040 788 agnoscendo
1060 730 1119 770 non
1133 710 1210 788 colit,
1226 713 1277 791 qui
1297 715 1343 775 ita

110 788 178 851 sivit
198 809 236 850 so
261 790 291 851 si
319 791 414 851 Deus
435 811 497 851 non
520 799 613 867 essct;
639 790 687 850 vel
711 811 749 850 ex
772 799 849 866 voto,
865 790 934 868 quia
956 791 1051 850 Deum
1065 811 1123 850 non
1138 811 1201 851 esse
1216 801 1337 871 optaret.

113 871 283 950 Quanquam
299 871 398 948 enim,
423 871 552 932 utnulla
573 871 672 949 praxis
695 879 740 930 est
764 891 829 948 quae
853 889 911 930 non
934 879 1076 948 supponat
1097 872 1223 949 aliquam
1237 876 1337 952 cogni-

115 951 224 1028 tionem,
240 973 301 1012 nec
315 952 386 1010 ulls
401 952 539 1030 cognitio,
555 951 657 1012 saltem
671 971 738 1029 qus
757 960 890 1010 versatur
910 951 986 1010 circe
1009 952 1066 1010 Dei
1079 952 1197 1028 cultum,
1220 974 1285 1031 quae
1299 956 1338 1015 sd

116 1034 222 1112 pretim
235 1033 345 1110 aliquo
359 1031 452 1091 modo
476 1051 535 1091 non
558 1032 677 1107 tendst3
699 1033 741 1092 sic
754 1031 851 1091 nullus
862 1039 907 1090 est
928 1031 1100 1092 Atheismus
1121 1033 1265 1111 practicus
1286 1037 1337 1113 qui

30 1107 33 1152 '²
120 1114 296 1174 renouatur
310 1133 353 1171 ex
368 1131 463 1191 prava
476 1112 641 1190 cognitione
655 1121 684 1172 et
701 1111 813 1190 judicio
827 1120 961 1189 corrupto
983 1113 1096 1189 mentis,
1117 1121 1146 1172 et
1159 1114 1257 1174 nullus
1271 1135 1335 1194 spe·

122 1195 259 1255 mistivus
273 1193 329 1272 qui
342 1213 407 1252 non
420 1200 488 1271 post
501 1211 533 1252 se
546 1193 633 1253 etism
647 1192 743 1252 trehet
756 1191 967 1269 corruptionem
981 1211 1122 1270 prexe0s3
1144 1194 1225 1252 Nihil
1239 1195 1336 1257 obstet

123 1287 221 1351 tamen,
249 1274 415 1354 quominus
439 1292 458 1332 s
480 1273 585 1350 potiori
606 1271 658 1332 fiat
679 1271 882 1348 denominatio,
915 1281 948 1332 ut
970 1271 1141 1335 Atheismus
1162 1275 1213 1351 qui
1240 1277 1334 1354 magis

125 1356 249 1416 consistit
261 1357 295 1414 in
309 1353 469 1413 verborum
480 1353 639 1431 jactatione
653 1361 683 1412 et
698 1352 894 1430 blasphemiis,
920 1352 1032 1413 dicatur
1055 1353 1260 1432 speculativos,
1284 1357 1334 1417 ills

123 1433 1192 1593 11111111111321111111111111133ῑ1111,
1219 1435 1334 1498 Aa...

428 1593 490 1652 111.
506 1593 649 1669 Secundo,
661 1594 766 1654 Acheru
776 1559 969 1672 spe’oulatieua
982 1595 1031 1655 vel
1041 1595 1163 1655 directus
1177 1604 1222 1655 est
1235 1603 1265 1657 et
1278 1617 1331 1657 ex-

149 1661 348 1767 *affe-dnm·
383 1693 509 1752 pressus,
533 1674 583 1733 vel
608 1674 760 1734 indirectas
784 1683 814 1734 et
837 1674 1081 1752 interpretativus.
1122 1677 1257 1736 Directtu
1277 1687 1330 1754 est,

292 1753 300 1768 '
385 1774 476 1832 quum
490 1752 555 1832 quis
569 1773 683 1814 omnem
697 1754 901 1834 cognitionem,
918 1774 1034 1814 sensum
1049 1764 1079 1815 et
1092 1755 1179 1814 fidem
1194 1757 1331 1818 Numinis

120 1835 241 1895 excutit.
283 1835 452 1910 Indirectus,
468 1854 557 1912 quum
570 1835 636 1912 quis
650 1835 720 1894 talis
735 1835 798 1894 Deo
812 1834 944 1894 attribuit
957 1835 1006 1893 vel
1020 1835 1057 1894 de
1070 1835 1121 1893 illo
1135 1845 1231 1914 neget,
1254 1839 1331 1898 unde

119 1935 172 1992 per
184 1915 379 1974 necessariam
393 1916 628 1992 consequentiam
644 1915 725 1975 Deus
739 1923 870 1992 negetur,
881 1934 909 1973 v.
921 1934 951 1991 g.
967 1915 991 1972 si
1006 1915 1071 1991 quis
1084 1925 1173 1992 negat
1189 1917 1244 1975 Dei
1259 1917 1332 1976 Pro-

118 1994 280 2055 videntiam
295 2004 325 2055 et
338 1995 498 2071 Justitiem,
513 1994 582 2054 lieet
595 1995 764 2073 profiteatur
786 2015 817 2054 se
832 1994 926 2053 Deum
950 2013 1116 2072 agnoscere,
1138 2014 1173 2053 eo
1188 1996 1250 2072 ipso
1265 2015 1332 2056 eum

116 2085 215 2154 negat,
230 2075 303 2153 quia
316 2075 398 2135 Deus
412 2075 474 2135 sine
494 2075 677 2154 providentia
699 2095 763 2135 esse
783 2094 842 2134 non
854 2082 960 2152 potest.
976 2073 1021 2134 De
1035 2073 1099 2134 istis
1112 2095 1182 2134 vero
1204 2075 1252 2134 bio
1272 2097 1332 2135 non

117 2155 353 2312 “gl-bdeld‘rltrd?
363 2155 479 2295 Amutbbus
493 2235 627 2312 directus,
643 2237 692 2296 vel
706 2242 751 2296 cet
764 2244 879 2295 eutcrne
900 2235 1054 2313 disputans,
1070 2235 1129 2294 imo
1143 2241 1173 2295 et
1186 2235 1330 2298 malitiose

116 2325 220 2375 contre
234 2335 353 2376 sensum
367 2335 452 2375 suum
465 2336 575 2394 negans
587 2340 594 2393 ;
616 2317 664 2376 vel
679 2317 786 2376 interm
799 2317 936 2392 dubitans,
959 2315 1009 2394 qui
1030 2315 1067 2374 ad
1087 2325 1201 2394 tempus
1216 2316 1329 2377 dubita·

116 2397 248 2457 tionibus
261 2415 300 2456 an
312 2397 352 2456 sit
366 2397 448 2455 Deus
460 2405 592 2472 vexatur,
608 2406 638 2456 et
650 2397 687 2456 iis
701 2396 736 2455 ad
752 2405 929 2456 momentum
938 2396 967 2454 in
976 2395 1144 2456 tentationis
1154 2416 1329 2474 paroxysmo

116 2477 234 2537 videtur
248 2476 455 2553 succumbere3
470 2476 518 2535 vel
530 2477 651 2536 saniore
664 2479 799 2555 affectans
812 2477 930 2537 totalem
945 2477 1080 2536 Numinis
1093 2477 1265 2556 &metentem
1281 2480 1330 2538 vel

115 2557 168 2636 qni
181 2557 269 2636 plane
283 2566 314 2617 et
326 2565 407 2617 certo
419 2555 609 2634 persuadetur
621 2558 652 2616 in
674 2557 760 2616 corde
775 2575 827 2616 suo
848 2557 960 2616 nullum
985 2576 1049 2616 esse
1063 2557 1168 2618 Deum.
1211 2558 1257 2616 Dc
1270 2559 1330 2618 illis

115 2657 175 2696 non
189 2637 313 2716 egimus,
328 2655 403 2715 quos
417 2636 539 2696 subinde
553 2637 673 2716 reperiri
693 2657 778 2716 posse
792 2655 851 2696 non
871 2656 1029 2714 negamus3
1051 2637 1103 2696 scd
1116 2638 1153 2697 de
1167 2637 1239 2715 istis,
1255 2657 1330 2716 quos

116 2717 180 2776 dari
188 2738 248 2777 non
255 2737 342 2796 posse
353 2735 513 2776 censemus.
535 2717 680 2793 Quaeritur
686 2717 734 2776 hic
748 2737 826 2796 ergo,
838 2717 887 2775 An
898 2717 1003 2777 dentur
1016 2716 1107 2777 Athei
1120 2737 1178 2777 non
1192 2719 1326 2797 practice,

116 2797 169 2856 sed
183 2799 373 2877 speculative,
396 2815 456 2856 non
480 2796 618 2857 indirecte
642 2804 673 2856 et
694 2798 919 2876 interpretative,
936 2797 988 2856 sed
1002 2797 1119 2873 directe,
1139 2817 1198 2857 non
1212 2799 1263 2876 qui
1276 2820 1328 2859 ex·

115 2885 196 2938 terne
210 2879 369 2957 disputem,
385 2877 434 2936 vel
444 2885 559 2954 negent,
582 2877 630 2937 vel
644 2877 694 2956 qui
716 2879 828 2937 interne
842 2877 982 2953 dubitent,
998 2886 1028 2937 et
1041 2886 1181 2938 conentur
1195 2879 1250 2938 sibi
1263 2899 1328 2957 per·

115 2957 237 3019 madere
251 2959 365 3018 nullum
388 2976 452 3016 esse
467 2959 580 3035 Deum;
604 2958 664 3019 Sed
684 2958 735 3036 qui
759 2977 895 3037 expresse
908 2957 964 3016 hoc
978 2957 1063 3016 corde
1078 2957 1205 3036 credant,
1228 2968 1258 3019 et
1278 2979 1328 3019 ore

115 3037 324 3117 profiteantur3
347 3036 427 3117 quod
440 3057 589 3116 negamus.
1185 3091 1190 3095 .

250 3116 253 3122 ’
420 3117 460 3178 V.
482 3119 621 3178 Rationes
634 3124 712 3178 sunt.
756 3121 782 3177 1.
805 3117 879 3193 Quia
902 3115 989 3176 datur
1009 3116 1039 3174 in
1061 3115 1177 3175 homine
1199 3117 1328 3195 cognitio

127 3183 348 3290 fflss‘ffiffi
379 3197 437 3258 Dei
460 3197 555 3276 insita,
578 3207 608 3259 et
630 3197 801 3258 Divinitstis
826 3216 936 3272 seusus,
961 3196 1012 3273 qni
1035 3216 1093 3255 non
1114 3196 1208 3275 magis
1232 3205 1328 3275 potest

173 3259 190 3303 P
262 3331 264 3334 .
295 3278 302 3295 ⁸
379 3278 480 3338 abesse
493 3279 531 3337 sb
544 3279 661 3338 homine
675 3297 762 3357 quam
776 3277 940 3337 intellectus
951 3275 1110 3352 rationalis,
1133 3277 1175 3338 ita
1188 3286 1221 3338 ut
1240 3278 1327 3340 homo

112 3355 197 3416 illum
218 3376 328 3417 exuere
347 3378 407 3418 non
427 3358 527 3436 possit,
543 3359 614 3437 quin
634 3359 762 3437 seipsum
782 3366 879 3435 exuat,
894 3364 928 3416 ut
948 3366 1033 3416 antea
1052 3358 1214 3435 probatum,
1230 3359 1283 3419 Lo.
1300 3361 1325 3422 I.

113 3436 149 3512 Q.
157 3439 186 3496 3.
198 3437 262 3496 Nec
276 3437 303 3496 si
315 3437 347 3495 in
360 3438 508 3516 Scriptura
520 3447 644 3517 negatur
656 3438 856 3517 peccatoribus
870 3437 998 3515 cognitio
1006 3437 1141 3498 selutuis
1149 3448 1179 3498 ct
1189 3441 1324 3518 practica,

113 3535 174 3592 qna
203 3525 422 3593 convertantur,
449 3522 464 3578 1
490 3519 598 3580 Johsn.
623 3519 652 3577 ii.
667 3523 696 3594 4,
722 3519 858 3578 continuo
886 3527 1009 3596 negatur
1035 3519 1163 3596 cognitio
1191 3520 1326 3580 inefficax

113 3605 145 3654 et
158 3596 328 3658 theoretica.
370 3599 410 3659 Et
434 3599 459 3658 si
472 3599 609 3659 tribuitur
622 3599 680 3658 illis
694 3598 858 3678 ignorantia
871 3618 969 3676 prava
983 3598 1188 3678 dispositionis,
1206 3603 1221 3658 l
1238 3600 1325 3660 Thes.

114 3674 155 3737 iv.
179 3679 207 3752 5,
230 3677 308 3757 Epir.
331 3678 371 3739 iv.
394 3683 441 3756 17,
466 3682 512 3756 18,
538 3699 596 3738 non
619 3687 716 3757 potest
736 3679 796 3738 illis
819 3679 926 3757 pariter
949 3679 1038 3740 tribui
1061 3679 1226 3758 ignorantia
1245 3701 1325 3758 purae

113 3775 152 3814 na
191 3757 290 3818 tionis.
593 3785 595 3790 ’
888 3815 892 3822 ,

153 3777 215 3896 gill.
236 3843 265 3899 2.
282 3837 357 3914 Quia
370 3838 456 3898 datur
469 3858 542 3917 opus
557 3838 646 3917 Legis
660 3837 690 3896 in
704 3859 739 3899 eo
754 3839 900 3917 scripturn,
916 3839 1002 3898 Rom.
1013 3839 1043 3898 ii.
1061 3841 1107 3915 14,
1123 3849 1153 3898 et
1167 3839 1324 3916 synteresis

117 3935 152 3974 sc
160 3919 337 3978 conscicntia
346 3919 494 3995 naturalis,
504 3919 535 3977 in
543 3939 601 3996 qua
609 3919 743 3979 thronum
753 3939 837 3980 suum
845 3919 939 3978 erexit
948 3919 1036 3994 Deus,
1047 3939 1111 3997 quse
1123 3917 1255 3996 extingui
1265 3939 1325 3976 non

118 4007 213 4072 potest
225 3998 284 4057 nisi
297 4019 362 4058 cum
385 3999 494 4059 lumine
517 3999 647 4059 rationis.
689 3999 772 4060 Licet
793 4000 869 4058 enim
892 4017 969 4076 saepe
989 3997 1147 4077 desperata
1168 3998 1325 4075 impietatis

118 4075 248 4137 homines
269 4099 333 4138 eem
354 4088 490 4139 excutere
514 4087 662 4156 conentur,
687 4099 746 4139 non
768 4087 890 4157 possunt
913 4087 1020 4138 tamen.
1063 4079 1102 4139 Et
1115 4086 1149 4137 ut
1172 4097 1224 4155 pro
1253 4085 1323 4136 tem-

116 4175 186 4232 pore
199 4158 307 4218 callum
321 4159 479 4219 obduxisse
493 4159 654 4236 videantur,
669 4169 699 4220 et
714 4161 807 4238 sopita
821 4159 859 4218 sit
873 4157 1057 4231 conscicntia
1072 4157 1194 4234 evigilat
1207 4157 1324 4218 undem

116 4245 148 4294 et
160 4238 284 4299 acriores
297 4240 415 4300 aculeos
435 4239 565 4318 ipsorum
587 4241 723 4300 cordibus
744 4239 848 4316 infigit,
871 4237 913 4296 ita
934 4244 968 4294 ut
991 4236 1083 4295 velint
1106 4237 1200 4295 nolint
1221 4237 1325 4298 irretiti

118 4325 277 4396 tenuntur,
292 4329 323 4381 et
336 4339 424 4398 quem
437 4320 549 4380 nescire
570 4321 699 4398 cupiunt,
720 4318 843 4380 subinde
857 4315 1074 4394 persentiscens,
1089 4325 1123 4376 ut
1136 4315 1166 4374 11
1181 4317 1322 4397 Caligula,

118 4395 240 4474 Nerone,
255 4411 285 4460 et
298 4401 364 4460 aliis
377 4417 436 4460 non
449 4400 549 4478 peusis
563 4401 668 4461 visum.
710 4400 773 4459 Nec
793 4396 890 4476 excipi
902 4404 1006 4474 potest,
1022 4396 1225 4457 conscientiam
1238 4399 1325 4458 istam

117 4495 177 4535 non
190 4499 301 4558 semper
314 4499 381 4540 cum
395 4481 499 4540 notitia
511 4481 560 4539 vel
572 4490 652 4541 metu
665 4480 764 4558 aliquo
779 4477 835 4536 Dei
850 4477 1032 4556 conjunctam
1047 4496 1129 4553 esse·;
1151 4497 1236 4556 posse
1247 4480 1323 4540 enim

120 4559 298 4619 conscientie
311 4560 462 4637 flagellum
475 4579 621 4620 remanere
635 4581 673 4620 ex
686 4559 836 4618 hominum
859 4566 957 4617 metu:
979 4557 1055 4616 Nam
1077 4557 1146 4618 licet
1159 4559 1214 4620 hoc
1228 4559 1324 4620 locum

120 4633 222 4698 habere
234 4641 327 4719 possit
340 4639 373 4699 in
386 4640 543 4700 sceleribus
554 4641 698 4719 cognitis;
720 4638 764 4699 At
777 4639 807 4696 in
821 4637 998 4698 absconditis
1006 4657 1071 4716 quse
1081 4639 1212 4700 homines
1222 4641 1322 4716 latent,

119 4723 149 4775 ct
161 4737 222 4796 que
235 4721 273 4782 sb
286 4721 324 4782 iis
339 4728 411 4781 sunt
422 4729 592 4800 perpetrate,
614 4720 666 4800 qui
688 4741 719 4782 se
744 4719 919 4799 superiorem
941 4718 972 4778 in
995 4718 1079 4779 terris
1093 4719 1205 4778 nullum
1219 4739 1323 4798 agnos-
