3152 5178
105 362 208 412 osser.
223 340 305 425 urm]
521 365 560 405 nn
574 365 633 408 neo
647 365 715 425 oreo,
731 365 769 406 nr
783 365 882 406 remo.
1259 353 1316 410 195

104 503 220 564 tentem
234 503 435 583 cognitionem
447 528 456 583 ς
471 507 608 585 quonism
618 525 657 566 ex
665 526 752 567 conse
759 505 935 568 indifferenti
947 505 1127 586 inquantum
1137 507 1315 588 indifferens,

99 605 154 644 non
168 584 224 644 erit
238 595 322 646 ectus
335 585 564 663 determinetus;
586 595 616 647 et
629 587 730 647 eedem
742 587 854 648 rstione
868 608 906 648 ex
919 588 1107 648 antecedente
1117 590 1312 669 contingente,

99 663 285 803 inpransum
299 665 484 744 contingens,
508 687 568 726 non
588 668 643 728 crit
665 668 759 728 illotio
782 668 946 730 necessarie
963 678 1031 729 ente
1043 668 1192 730 decretum
1206 669 1314 731 divine

97 765 137 803 ro
149 746 289 805 nutstis.”

136 825 236 884 XIII.
259 825 378 902 Quinto,
395 825 517 886 scientie
529 825 625 887 medin
638 827 716 888 tollit
730 826 888 888 dominium
903 827 960 888 Dei
974 825 1005 888 in
1018 837 1100 890 ectus
1114 829 1229 908 liberos,
1245 832 1314 908 quie

93 923 129 965 ee
142 915 244 966 strete
265 915 349 966 ectus
369 907 532 967 voiuntetis
555 917 757 986 supponuntur
778 928 842 968 esse
862 908 1067 970 antecedenter
1086 910 1125 970 ed
1146 911 1311 989 Decretum,

95 985 221 1064 ideoque
238 985 439 1047 futuritionom
460 1007 519 1047 non
538 987 648 1048 hebent
667 1009 686 1047 e
706 989 778 1065 Deo,
800 988 854 1049 sed
872 1009 892 1048 s
911 1010 962 1066 se;
983 989 1042 1050 imo
1064 991 1145 1050 Deus
1158 991 1214 1051 hoc
1227 1001 1313 1070 pecto

93 1066 214 1126 videtur
226 1067 329 1144 potius
342 1067 469 1145 pendere
482 1087 501 1127 e
513 1077 652 1145 ereetum,
674 1069 744 1128 dum
763 1069 837 1128 nihil
857 1079 952 1148 potest
972 1069 1125 1130 decernere
1146 1072 1195 1130 vel
1215 1071 1311 1151 dispo·

94 1167 173 1223 nuo,
188 1146 251 1207 nisi
273 1148 370 1225 posito
392 1147 527 1208 humane
540 1149 699 1209 voluntatis
723 1149 969 1227 determinatione,
994 1171 1081 1229 quem
1104 1152 1186 1212 Deus
1209 1152 1240 1211 iu
1260 1153 1313 1212 teli

95 1227 284 1288 connexione
309 1247 404 1288 rerum
429 1228 544 1290 viderit.
586 1229 648 1290 Nee
669 1230 770 1307 reponi
794 1228 881 1290 debet
907 1231 1067 1290 dominium
1088 1232 1146 1292 Dei
1165 1252 1224 1291 uon
1247 1233 1312 1292 tolli

94 1316 263 1386 propterea,
280 1308 350 1386 quie
364 1308 445 1368 Deus
459 1317 555 1388 potest
564 1309 645 1368 illem
665 1311 883 1386 connexionem,
905 1311 954 1371 vel
974 1311 1101 1390 aliquem
1123 1312 1312 1373 connexionis

93 1388 175 1448 iliius
188 1388 442 1450 circumstantium
455 1390 575 1467 tollere;
590 1409 619 1450 r.
628 1410 658 1468 g.
674 1390 711 1449 In
724 1391 913 1468 praescientis,
928 1411 987 1471 qne
1001 1393 1082 1452 Deus
1095 1393 1179 1452 novit
1193 1393 1312 1454 Petrum

93 1478 274 1546 negetumm
289 1469 445 1546 Christum,
471 1469 498 1532 si
547 1477 633 1531 netur
646 1471 677 1528 in
689 1471 741 1530 teli
755 1479 841 1548 stetu,
865 1473 961 1532 Deum
981 1492 1066 1550 posse
1086 1473 1180 1532 secere
1200 1481 1233 1534 nt
1253 1494 1312 1534 non

96 1559 184 1626 neget
198 1548 361 1626 Christum,
384 1549 502 1610 euseren
563 1551 690 1629 ediquem
703 1551 946 1613 circumstantium
959 1553 1122 1630 previsum,
1137 1573 1166 1612 v.
1182 1574 1212 1632 g.
1226 1553 1311 1614 timo·

96 1649 156 1688 rem
169 1630 286 1705 mortis,
302 1631 352 1688 vel
365 1629 498 1690 eddendo
511 1630 607 1708 mejus
627 1631 726 1692 lumen
745 1631 778 1690 in
798 1631 955 1709 intellectu,
979 1640 1010 1693 et
1032 1633 1171 1712 mojorem
1192 1634 1312 1692 incline·

97 1710 207 1768 tionem
228 1709 264 1768 in
285 1710 437 1770 voluntate
458 1710 497 1770 ed
517 1711 736 1789 consessionem,
760 1721 790 1772 et
810 1713 874 1772 sim.
916 1713 992 1772 Nem
1005 1733 1064 1773 non
1078 1713 1183 1774 sufficit
1196 1714 1234 1773 ed
1255 1715 1311 1774 Dei

99 1789 262 1849 dominium
286 1789 503 1868 adstruendum,
526 1791 605 1870 quod
629 1791 710 1852 Dens
731 1792 824 1870 possit
845 1792 957 1852 efficere
980 1801 1014 1852 nt
1035 1793 1139 1854 Petrus
1152 1813 1211 1852 non
1224 1803 1313 1872 neget

100 1870 268 1946 Christum
289 1890 357 1928 nem
371 1878 484 1948 poteret
499 1871 616 1932 Petrum
630 1892 668 1931 ex
682 1872 737 1932 hec
751 1872 812 1931 vite
825 1892 930 1932 vocure
943 1881 1098 1950 antequem
1119 1873 1251 1934 Christus
1264 1895 1311 1934 ee·

98 1959 232 2027 peretur;
257 1949 311 2009 sed
323 1951 379 2010 hoe
393 1958 471 2012 esset
483 1949 642 2012 dominium
661 1952 769 2011 hebere
782 1951 814 2010 in
827 1952 919 2012 vitem
933 1952 1021 2029 Petri,
1044 1972 1103 2011 non
1117 1953 1148 2010 in
1162 1953 1226 2031 ejus
1239 1954 1311 2013 libe·

98 2049 162 2088 rum
175 2029 332 2090 arbitrium
341 2031 424 2107 ;‘sed
447 2031 602 2109 requiritur
622 2040 656 2092 ut
674 2037 757 2092 ectus
780 2032 866 2092 liberi
880 2031 970 2108 Petri,
984 2032 1111 2110 negandi
1124 2033 1173 2091 vel
1185 2052 1245 2092 non
1261 2053 1312 2092 ne·

99 2110 190 2188 gandi
203 2110 364 2188 Christum,
374 2111 412 2170 eb
422 2131 458 2170 eo
466 2111 618 2190 pendeant,
629 2111 709 2190 quod
722 2111 817 2189 posite
829 2111 887 2172 iste
901 2111 1022 2172 scientie
1034 2121 1167 2190 negetur.
1188 2113 1312 2190 Deinde,

97 2191 124 2250 si
138 2191 221 2250 Dens
231 2198 330 2268 potest
339 2191 452 2252 suferre
465 2211 552 2252 nnem
566 2191 810 2253 circumstantium
823 2192 985 2270 previsum,
1002 2193 1085 2270 Ergo
1131 2199 1188 2252 test
1201 2202 1313 2254 mutere

97 2269 140 2330 rei
163 2279 322 2348 eventum
344 2272 369 2331 si
382 2281 479 2349 potest
491 2292 544 2350 per
560 2272 708 2334 decretum
729 2281 841 2332 mutere
864 2273 907 2332 rei
929 2281 1074 2350 eventum,
1201 2273 1239 2332 ed
1262 2273 1312 2333 de·

99 2357 211 2411 eretrrro
235 2350 325 2411 etiem
348 2352 474 2429 pertinet
497 2373 563 2412 eum
586 2371 756 2431 procurem
779 2352 862 2412 Idem
886 2352 963 2413 enim
977 2352 1028 2432 qni
1040 2353 1162 2432 impedit
1175 2361 1312 2420 eventum

97 2450 150 2522 per
161 2431 342 2526 eblstiopem
356 2432 480 2511 alicujus
493 2433 724 2511 circumstentie,
746 2431 834 2494 debet
846 2453 913 2496 eum
925 2453 1045 2495 cenem
1058 2453 1111 2514 per
1123 2434 1311 2498 circumsten-

101 2519 482 2672 leiiffltidddnposite
502 2593 558 2652 hee
579 2593 708 2671 scientie
737 2593 879 2672 essigneri
896 2601 996 2672 posset
1018 2593 1092 2654 rotie
1119 2594 1311 2655 Praedestine·

97 2669 188 2732 tionis
201 2679 287 2732 extre
301 2673 397 2734 Deum
411 2682 515 2752 preter
528 2673 619 2752 ipsius
633 2673 810 2752 propositum
818 2684 849 2734 et
860 2672 976 2750 siderite,
990 2674 1061 2753 quis
1070 2695 1228 2735 consensus
1238 2695 1311 2753 pres·

99 2751 182 2845 visus
196 2752 359 2813 voluntatis
372 2755 394 2814 J
395 2754 479 2813 eoobi
492 2753 523 2848 in
535 2754 588 2814 teli
601 2753 789 2832 dispositione
803 2756 962 2831 constituti,
976 2764 1054 2816 esset
1067 2755 1171 2815 seltem
1184 2756 1312 2816 conditio

99 2851 245 2972 mu
258 2853 321 2973 'iii
334 2833 422 2974 iffi
427 2842 553 2974 itit,
564 2833 1314 2992 ittttttuttdtttttttttttdtz

100 2989 209 3052 ιθιιὶι
224 2993 291 3070 Dei,
307 2994 363 3054 Ro.
377 2993 417 3055 ix.
435 2997 482 3055 11.
503 2997 639 3055 Nondum
660 2995 732 3054 errem
752 2995 826 3054 naue
842 2995 951 3071 puerei,
974 3003 1076 3052 etcum
1096 2995 1166 3053 nita
1180 2995 1315 3068 fecissent

99 3073 167 3132 doni
178 3077 223 3132 oei
235 3074 313 3149 malr',
329 3093 387 3132 non
400 3083 518 3153 propter
530 3075 685 3152 previsum
699 3074 784 3133 liberi
804 3073 916 3134 erbitrii
935 3073 1044 3132 bonum
1057 3092 1142 3132 usum
1155 3092 1208 3150 per
1220 3073 1312 3132 scien·

99 3153 172 3214 tim
185 3153 321 3229 mediam,
337 3154 389 3214 sed
402 3155 618 3232 utpropoeitnm
631 3155 692 3214 Dei
694 3157 815 3234 finctus
827 3162 961 3230 noemi,
986 3173 1043 3212 eon
1056 3171 1094 3211 es·
1113 3152 1242 3228 speses
1264 3153 1316 3211 sed

101 3253 138 3294 a
156 3244 284 3309 comte,
300 3235 405 3294 ἀίοωηι
417 3244 465 3311 ert,
480 3237 573 3312 major
590 3235 691 3295 serviet
709 3233 821 3293 minori
863 3234 925 3292 Nec
945 3231 1100 3292 dicendum
1120 3231 1314 3292 conditionem

100 3313 177 3374 hene
190 3314 335 3392 essifflrsri
348 3333 388 3374 ex
399 3323 481 3393 perte
496 3315 553 3375 Dei
566 3317 650 3394 enjus
673 3323 719 3374 est
739 3313 868 3390 scientis,
890 3333 949 3373 non
969 3312 1135 3390 hominum3
1157 3312 1233 3372 Nem
1245 3313 1315 3374 licet

104 3393 184 3454 Dens
198 3395 239 3454 sit
251 3395 305 3473 qui
317 3395 442 3473 prescit,
463 3395 609 3474 objectum
622 3404 720 3455 temen
743 3394 822 3472 qnod
842 3393 958 3473 praescit
979 3393 1115 3454 statuitur
1136 3413 1200 3454 esso
1220 3393 1315 3454 bonus

102 3493 173 3534 usus
185 3475 273 3534 liberi
287 3475 399 3534 srbitrii
411 3475 530 3555 previsi
542 3484 609 3535 ente
623 3475 780 3552 decretum,
794 3483 828 3535 nt
841 3475 914 3534 retio
929 3473 1037 3535 decreti
1049 3494 1108 3534 non
1127 3473 1159 3534 in
1173 3475 1247 3550 Deo,
1263 3473 1316 3535 sed

104 3553 134 3611 in
146 3555 265 3614 homine
279 3565 413 3633 ponetur.
457 3555 506 3616 sie
520 3555 614 3633 gretie
626 3555 722 3634 eptius
735 3555 848 3615 dioetrrr
859 3554 1033 3634 pedissequo
1045 3555 1179 3615 humense
1193 3555 1314 3614 incline·

105 3633 191 3696 tionis
213 3655 305 3713 quem
326 3635 452 3712 domine,
468 3643 499 3696 et
519 3657 608 3696 omnes
632 3655 718 3714 quem
741 3655 837 3712 ma,
863 3655 928 3714 quos
952 3635 1021 3698 fecit
1041 3643 1076 3696 ut
1095 3637 1177 3697 Deus
1190 3635 1315 3715 pendeet

109 3715 203 3792 potius
215 3716 255 3776 eb
268 3715 397 3794 homine,
411 3735 498 3794 quem
512 3716 599 3776 homo
613 3735 631 3774 e
645 3715 719 3776 Deo.

410 3795 484 3856 XV.
507 3796 612 3872 Locus,
629 3797 645 3855 l
663 3796 741 3858 Seru.
755 3794 839 3856 xxiii.
856 3797 904 3873 11,
920 3796 967 3871 12,
981 3813 1041 3854 non
1054 3801 1150 3874 potest
1163 3793 1257 3854 secere
1277 3791 1316 3850 ed

144 3859 319 3966 remla·
372 3875 530 3936 Scientiem
542 3876 667 3936 mediam
681 3875 894 3951 adstruendum,
909 3875 978 3953 quie
990 3895 1050 3934 non
1063 3885 1123 3935 tem
1137 3881 1182 3933 est
1194 3870 1316 3951 predic·

275 3949 282 3962 ⁹
371 3955 414 4017 tio
427 3955 589 4018 futurorum
612 3977 678 4035 quse
691 3956 786 4016 edhuc
800 3962 897 4016 essent
918 3955 949 4012 in
972 3953 1044 4032 fieri,
1069 3971 1156 4032 quem
1177 3949 1317 4042 revelatio

111 4033 284 4096 occultorum
297 4055 366 4113 qun
376 4036 439 4115 jem
452 4045 515 4097 tum
524 4045 615 4113 erent,
629 4045 701 4115 pute
713 4035 899 4097 consiliorum
913 4053 978 4113 quoe
991 4034 1067 4094 inter
1080 4030 1233 4092 Kehelites
1255 4049 1317 4124 egr·

109 4113 240 4176 stenem
254 4115 293 4176 de
306 4115 449 4177 tredendo
459 4117 582 4194 Doride,
598 4116 679 4177 siibi
692 4115 889 4190 substitissem
911 4115 986 4174 Nem
1006 4132 1073 4172 cum
1094 4110 1193 4204 Devid
1212 4109 1319 4168 dubrus

107 4203 182 4255 esset
204 4195 243 4256 de
267 4195 393 4256 oonsilio
417 4197 513 4258 Soulis
537 4206 567 4258 et
590 4197 686 4257 animo
709 4195 905 4256 Kehiliterum
928 4211 999 4271 erge
1019 4211 1059 4268 se,
1084 4197 1114 4250 et
1127 4196 1320 4268 mterrogeret

108 4273 265 4337 Dominum
279 4285 441 4355 propterea,
455 4297 526 4338 num
541 4277 613 4339 Seni
626 4285 704 4338 esset
712 4277 904 4336 descensurus
917 4282 1018 4333 contre
1032 4269 1169 4330 Kehilem
1183 4277 1213 4329 et
1227 4268 1319 4328 Kehi·

106 4354 278 4435 liteipsum
299 4365 399 4416 essent
419 4357 553 4417 trodituri
577 4357 608 4416 in
629 4377 733 4418 merrus
758 4353 864 4432 Seniis,
890 4351 916 4412 si
936 4353 999 4412 scil.
1022 4352 1098 4411 inter
1120 4350 1201 4429 ipsos
1221 4367 1318 4408 mene·

107 4445 167 4512 ret;
189 4435 350 4515 respondet
374 4437 464 4514 Dens,
485 4445 520 4500 ut
541 4437 640 4497 David
663 4456 727 4498 sese
750 4453 850 4498 eorum
874 4433 963 4494 furori
983 4431 1158 4494 subduceret
1177 4437 1207 4490 et
1220 4428 1320 4508 fugem

107 4517 254 4594 arriperet,
278 4515 320 4576 Et
345 4517 462 4577 Seulern
483 4517 691 4579 descensurum
712 4524 743 4579 et
765 4513 911 4576 Kehiiites
932 4533 999 4574 erun
1017 4511 1182 4588 tradituros,
1203 4511 1232 4572 si
1254 4511 1322 4603 istic

106 4605 245 4672 meet,
260 4595 333 4674 quie
345 4617 447 4658 revere
459 4609 489 4658 et
504 4597 575 4660 Seul
588 4619 620 4658 so
633 4598 803 4676 eceingebet
816 4595 855 4655 ed
867 4593 930 4670 iter,
951 4601 982 4654 et
996 4592 1134 4653 Kshilitse
1154 4591 1192 4652 ds
1206 4591 1322 4652 Doride

108 4674 150 4734 iiii
163 4677 318 4754 tredendo,
333 4677 507 4738 olencuierie
515 4680 578 4758 jem
592 4678 743 4756 egitebent
751 4676 880 4752 oonsilio,
895 4677 1022 4736 student
1035 4684 1060 4734 te
1073 4673 1154 4747 oeric,
1163 4669 1204 4732 id.
1217 4670 1321 4730 volun·
1353 4684 1355 4688 ’
