3158 5180
130 362 248 413 onear.
265 342 312 423 x.]
635 361 677 400 nn
689 351 867 401 cananeus.
1287 343 1346 400 415

135 503 224 580 cujus
238 520 347 580 eorpus
362 501 448 561 etiam
458 521 511 560 sno
524 501 611 560 modo
625 501 769 580 particeps
777 501 888 576 fuisset,
902 499 963 560 sive
977 499 1158 578 majestatem
1172 499 1252 560 illam
1265 519 1352 578 qnam

133 603 195 662 praa
210 603 241 642 se
256 582 379 656 ferebat,
395 590 524 659 atquem
539 580 625 641 Ovid.
641 581 790 659 eleganter
804 580 846 639 sic
861 580 1016 658 exprimit:

346 743 498 818 Pronaque
512 761 573 799 cnm
586 749 708 816 spectent
720 742 859 799 animalia
874 749 979 798 coetera
994 748 1110 815 terram,

347 823 386 882 Os
400 821 507 880 bomini
517 821 630 878 sublime
644 822 728 896 dedit,
744 823 894 896 coelumque
909 820 982 878 beeri

342 901 443 978 Joait,
460 909 486 958 ct
499 909 603 959 erectos
617 903 659 960 ad
670 901 766 959 sidero
781 903 877 959 tollere
890 903 1002 974 eatam

132 1061 200 1120 sire
222 1059 423 1120 admirabilem
438 1059 573 1138 Corporis
594 1061 731 1138 organici,
754 1067 783 1119 et
805 1061 933 1126 omnium
952 1059 1146 1118 membrorum
1167 1079 1345 1140 compagem,

133 1142 346 1218 symmetriam,
363 1148 392 1199 et
404 1159 489 1198 usum
503 1139 704 1215 attendamus;
727 1141 844 1199 Certum
858 1148 954 1199 tamen
966 1147 1018 1214 est,
1034 1159 1093 1198 non
1107 1147 1166 1198 tam
1181 1139 1346 1218 formaliter,

132 1241 226 1299 quam
239 1225 450 1298 consequenter
464 1227 494 1278 et
507 1219 647 1296 effective,
663 1220 778 1279 frrlsisse
792 1220 823 1277 in
837 1239 955 1297 corpore
970 1220 1054 1278 istam
1069 1219 1233 1297 imaginem,
1246 1231 1347 1298 quate·

132 1321 193 1359 nus
207 1309 239 1360 et
251 1299 346 1378 figura
365 1299 454 1376 ipsius
467 1299 601 1375 hominis,
617 1309 646 1360 ct
659 1302 795 1378 majestas
817 1300 853 1358 ab
867 1301 918 1357 illa
938 1300 1091 1374 resultans,
1108 1307 1230 1359 testatur
1245 1301 1281 1359 dc
1295 1301 1346 1360 ho-

133 1381 227 1439 miuis
248 1387 392 1460 potestate
406 1379 435 1438 in
454 1379 580 1456 reliquas
595 1389 748 1455 creaturas,
765 1387 794 1438 et
814 1379 892 1457 quod
906 1380 1012 1441 habeat
1032 1380 1156 1437 animam
1171 1381 1347 1459 contempla·

134 1461 212 1520 tioni
226 1468 255 1520 et
270 1459 429 1538 cognitioni
443 1458 575 1517 idoneam
588 1481 595 1535 ;
619 1469 705 1537 atque
720 1459 792 1518 adeo
812 1460 928 1538 propria
946 1459 1087 1536 Imaginis
1102 1458 1217 1518 Divinae
1239 1461 1345 1538 sedem,

133 1559 197 1599 non
212 1540 243 1597 in
258 1559 385 1616 corpore,
402 1538 455 1596 sed
468 1541 498 1596 In
512 1539 607 1598 anima
621 1539 718 1598 nisse.
745 1540 806 1598 Nec
821 1541 845 1598 si
857 1539 984 1597 membra
998 1540 1124 1598 humana
1139 1540 1202 1598 Deo
1216 1541 1347 1600 tribuun-

135 1619 232 1679 turin
248 1619 404 1697 Scriptura,
421 1626 571 1696 propterea
586 1621 714 1696 sequitur
728 1620 863 1697 imaginis
878 1620 1017 1677 rationem
1031 1619 1062 1676 ln
1078 1619 1142 1678 istis
1155 1621 1270 1699 proprie
1284 1639 1348 1680 esse

136 1699 358 1776 collocandam3
390 1717 455 1757 cum
480 1699 674 1781 tutemet&
698 1707 810 1759 tantum
838 1699 881 1757 illi
905 1700 1076 1774 tribuantur,
1103 1708 1132 1758 et
1158 1700 1349 1778 Intelligenda

136 1780 199 1838 sint
213 1783 355 1862 θνπςιπός,
371 1798 429 1837 non
443 1778 600 1838 formaliter
614 1789 643 1839 ct
657 1780 779 1858 proprie,
796 1779 848 1838 sed
859 1779 983 1856 figurate
998 1786 1027 1837 et
1041 1779 1199 1856 analogice.

181 1859 239 1918 vl.
260 1859 403 1934 Secundo,
425 1861 494 1916 md
514 1859 588 1935 bins,
610 1861 712 1936 Imago
727 1859 783 1916 ista
805 1858 981 1916 consistebat
1003 1858 1033 1916 in
1057 1858 1142 1918 bonis
1164 1859 1275 1918 homini
1298 1881 1350 1938 per

143 1939 319 1998 creationem
334 1939 455 2016 collatis,
479 1939 571 2016 iisque
585 1960 643 1998 non
657 1938 860 1997 essentialibus
875 1945 995 2011 tantum,
1010 1957 1064 1995 nec
1079 1937 1172 1996 solum
1186 1938 1349 1999 accidenta-

141 2019 228 2094 libus,
245 2019 295 2080 sed
309 2020 440 2096 utrisque
454 2018 549 2094 simul,
561 2028 621 2078 tarn
635 2019 764 2090 internis,
776 2037 863 2093 qnam
874 2021 1010 2092 externis,
1023 2017 1128 2094 quibus
1143 2017 1173 2074 in
1183 2036 1219 2075 eo
1229 2027 1348 2096 naturae,

137 2097 334 2176 perfectionis,
350 2107 379 2158 et
390 2099 572 2158 authoritatis
587 2098 680 2176 gradu
691 2106 752 2156 erat
762 2097 928 2170 collocatus,
944 2105 977 2155 nt
991 2095 1071 2154 nulla
1080 2096 1204 2154 visibilis
1219 2106 1351 2157 creatura

139 2179 206 2238 Deo
220 2180 269 2238 vel
283 2189 360 2239 esset
374 2179 502 2253 similior,
518 2179 566 2237 vel
580 2179 770 2256 conjunctior.
813 2177 849 2234 In
864 2177 956 2235 tribus
970 2195 1040 2234 vero
1060 2175 1242 2254 potissimum
1256 2177 1351 2254 posita

139 2299 217 2347 Saul
240 2300 271 2345 In
286 2305 383 2356 natura
405 2267 474 2334 crat,
499 2261 525 2317 1.
542 2259 578 2316 In
599 2267 709 2333 natura,
733 2263 761 2316 2.
776 2257 814 2315 In
834 2256 1006 2315 rectitudine
1027 2263 1146 2331 natiuae,
1169 2259 1197 2315 3.
1214 2256 1250 2314 In
1271 2265 1349 2318 statu

167 2358 191 2404 2.
219 2331 384 2412 'marrucina
405 2338 498 2414 beato,
523 2339 573 2416 qui
597 2339 627 2397 in
649 2346 771 2415 utraque
793 2337 939 2410 fundatur,
965 2339 1159 2394 antecedenter
1182 2334 1213 2393 in
1237 2346 1348 2413 natura,

167 2415 191 2488 ,³³
219 2417 328 2488 ‘¹⁰mi1310
357 2432 384 2462 ω
405 2417 501 2495 quoad
516 2417 755 2496 spiritualitatem,
768 2425 797 2476 et
810 2416 1055 2476 immortalitatem
1066 2417 1178 2491 animae,
1185 2419 1351 2490 secretaliter

169 2477 369 2522 mmmm
405 2498 436 2555 in
451 2497 631 2574 rectitudine,
648 2519 699 2557 seu
709 2498 833 2558 Justitia
843 2497 994 2574 originali3
1017 2497 1231 2573 Consequenter,
1248 2498 1284 2554 In
1298 2497 1349 2556 ho-

137 2577 228 2636 minis
249 2577 339 2638 totius
356 2577 483 2637 dominio
502 2587 532 2637 et
548 2578 770 2654 immortalitate,
787 2578 837 2654 qui
854 2577 909 2636 fuit
924 2577 1060 2654 imaginis
1073 2577 1158 2637 istius
1172 2577 1351 2654 splendentia

139 2655 248 2736 fulgor,
264 2665 294 2717 et
306 2657 382 2718 radii
395 2657 523 2736 undique
537 2659 684 2734 micantes,
700 2659 751 2736 qui
765 2658 910 2716 hominem
925 2663 1017 2716 toturn
1032 2657 1249 2716 collustrabant.

444 2739 518 2797 VII.
540 2739 638 2796 Prima
659 2759 728 2816 ergo
742 2757 809 2817 pars
820 2739 962 2816 ImaginIs
976 2738 1100 2815 pertinet
1114 2737 1152 2795 ed
1165 2738 1276 2796 Anima
1288 2739 1349 2796 aab·

406 2820 547 2894 standena,
563 2837 683 2896 eamque
698 2818 885 2896 spiritualem,
901 2825 930 2876 et
951 2817 1206 2894 incorruptibilem,
1226 2837 1276 2876 scu
1297 2818 1349 2876 im·

406 2900 556 2958 mortalem
570 2900 608 2957 ab
625 2899 788 2973 intrinseco,
804 2905 833 2956 et
852 2898 890 2956 ad
910 2897 974 2975 ejus
995 2896 1155 2972 facultates,
1172 2895 1350 2956 intellectum

140 2985 213 3054 puta
227 2987 257 3037 ct
267 2977 456 3054 voluntatem,
472 2985 501 3037 et
515 2999 579 3056 quaa
594 2999 631 3037 ex
645 2987 766 3054 utraque
781 2978 898 3052 exurgit
911 2977 1083 3050 libertatem,
1100 2977 1272 3051 quaomnia
1287 2977 1350 3035 Deo

141 3057 304 3117 eminenter
317 3065 346 3118 et
359 3059 566 3138 perfectissIme
581 3066 756 3136 competunt.
800 3055 886 3116 Unde
905 3056 992 3113 homo
1006 3055 1093 3113 ctiam
1113 3063 1180 3131 post
1199 3065 1351 3132 peccatum

141 3135 250 3198 dicitnr
263 3137 301 3197 ad
314 3139 470 3216 imaginem
486 3139 542 3197 Dei
556 3139 658 3213 factus,
674 3139 739 3197 Jae.
755 3137 795 3195 iii.
811 3138 847 3212 9;
870 3142 899 3194 et
914 3135 988 3194 Gen.
1003 3134 1044 3191 ix.
1057 3137 1084 3208 6,
1101 3133 1194 3192 caedes
1215 3134 1350 3211 hominis,

141 3217 281 3296 imaginis
297 3219 353 3278 Dei
368 3219 524 3279 destructio
538 3227 667 3292 vocatur,
683 3217 752 3276 dum
766 3223 881 3275 vetatur
894 3214 1081 3273 homicidium
1100 3213 1234 3288 hominia,
1250 3214 1300 3291 qui
1314 3213 1352 3272 ad

141 3297 300 3376 imaginem
317 3299 372 3358 Dei
386 3299 480 3359 factus
494 3307 547 3376 ast,
563 3299 641 3378 quod
655 3298 713 3357 dici
727 3317 786 3355 non
799 3303 907 3374 posset,
922 3295 978 3354 nisi
989 3294 1121 3370 quaedam
1135 3313 1202 3372 pars
1216 3293 1352 3372 imaginis

141 3377 261 3455 divina,
278 3380 364 3438 etiam
385 3379 416 3437 in
436 3380 500 3458 ipsa
520 3379 623 3439 anima
638 3387 741 3438 natura
755 3377 811 3436 sita
824 3383 910 3436 esset.
953 3375 1014 3433 Nec
1036 3373 1061 3433 si
1084 3375 1232 3452 Scriptura
1244 3375 1352 3452 saepius

141 3457 233 3517 refert
246 3459 402 3538 imaginem
417 3461 473 3518 Dei
488 3459 525 3518 ad
544 3460 687 3537 justitiam
702 3467 732 3516 et
746 3457 935 3532 sanctitatem,
952 3455 1020 3534 quia
1034 3463 1079 3514 est
1093 3457 1157 3533 ejus
1177 3475 1244 3534 pars
1260 3456 1350 3533 potis-

143 3537 225 3614 sima,
242 3549 393 3618 propterea
410 3540 558 3600 exclusive
572 3539 708 3618 loquitur,
724 3547 753 3598 et
767 3547 855 3614 negat
869 3537 906 3596 ad
927 3537 1052 3595 animam
1073 3535 1165 3615 ipsam
1180 3537 1266 3595 ctiam
1286 3556 1350 3614 par-

141 3617 254 3696 tinere;
279 3619 339 3679 Nec
354 3619 495 3679 ἐώσατο,
508 3629 561 3697 est,
576 3627 609 3680 ut
625 3621 726 3697 Imago
740 3619 845 3697 partim
859 3619 972 3676 dicatur
985 3617 1098 3692 amissa,
1115 3623 1144 3675 et
1165 3617 1269 3692 partim
1284 3635 1347 3674 eon·

144 3707 270 3776 servata,
293 3709 323 3760 et
341 3709 373 3759 nt
394 3701 424 3758 in
446 3700 547 3760 codem
568 3699 698 3778 subjecto
718 3700 755 3759 sit
776 3700 873 3775 imago
893 3697 950 3756 Dei
971 3703 1001 3755 et
1023 3696 1139 3754 Diaboli
1153 3696 1212 3753 κατ’
1225 3694 1353 3754 detonat

141 3776 231 3856 dato,
255 3779 312 3838 Illa
332 3779 449 3858 quidem
470 3781 501 3838 in
522 3780 624 3838 animae
646 3780 779 3853 essentia,
802 3787 831 3838 et
850 3777 967 3836 dotibus
989 3783 1055 3852 post
1076 3775 1189 3852 lapsum
1210 3775 1351 3850 residuis3

144 3856 208 3916 Ista
221 3878 292 3918 vero
307 3860 336 3916 in
350 3861 508 3919 vitiositate
523 3867 552 3919 et
565 3860 697 3918 macula:
717 3859 795 3918 unde
816 3865 981 3935 peccatores
996 3853 1104 3913 similes
1125 3855 1155 3911 in
1170 3873 1204 3912 ea
1218 3853 1354 3912 dicuntur

144 3937 261 3997 diabolo
283 3940 358 4016 patri
380 3959 440 4017 suo,
464 3941 526 4017 ejus
541 3959 628 4017 opera
648 3937 797 4015 patrando,
820 3937 870 4013 qui
890 3943 987 3994 tamen
1007 3953 1066 3992 non
1089 3933 1225 3992 desinunt
1247 3933 1352 3992 referre

144 4017 310 4077 Authorem
322 4040 406 4080 suurn
416 4021 527 4078 rationo
539 4017 749 4097 spiritualitatis
761 4025 790 4075 et
802 4011 1091 4092 incorruptibilitatis.
1127 4013 1189 4071 Nee
1203 4020 1354 4090 prepterea

143 4107 300 4158 revocatur
314 4120 393 4159 error
408 4100 526 4175 Flaccii,
542 4099 591 4177 qui
605 4119 664 4158 non
677 4095 733 4156 fuit
747 4097 776 4153 in
791 4115 834 4169 eo,
850 4093 928 4172 quod
949 4093 1137 4151 constitueret
1154 4092 1308 4169 imaginem
1323 4093 1353 4151 in

143 4177 249 4237 arumna
264 4181 399 4257 essentia,
415 4179 467 4239 scd
481 4181 560 4256 quod
574 4179 761 4238 arbitraretur
774 4182 924 4253 peceatum
938 4171 1047 4231 laesisse
1062 4172 1154 4249 ipsam
1168 4172 1271 4230 animae
1286 4174 1353 4232 sub·

145 4257 291 4334 stantiam,
308 4260 385 4336 qnod
400 4259 505 4318 falsum
520 4266 573 4319 cst.

199 4401 201 4404 .
453 4339 545 4400 VIII.
568 4343 596 4398 2.
620 4337 669 4397 ad
690 4356 752 4396 eam
774 4334 898 4415 pertinet
918 4331 1068 4407 rectitudo,
1085 4340 1114 4391 et
1128 4331 1287 4409 integritas,
1304 4351 1355 4393 aen

181 4408 202 4446 ²·
215 4403 245 4474 ¹¹3
256 4403 361 4474 {mettis
413 4420 497 4480 dotes
517 4419 627 4478 homini
649 4417 769 4492 collatae,
789 4435 854 4493 quae
873 4414 988 4472 nominc
1002 4413 1125 4471 Jaatitioe
1144 4413 1291 4489 originalis
1304 4434 1354 4472 ex-

207 4463 333 4521 ⁰¹²⁸¹³⁸lh
412 4501 498 4578 primi
513 4499 614 4574 solent,
631 4499 698 4576 quia
718 4495 773 4556 fuit
794 4495 904 4555 homini
918 4501 1077 4568 concreata,
1093 4501 1122 4553 et
1136 4493 1173 4552 ab
1188 4493 1298 4570 origine
1313 4494 1356 4552 illi

140 2802 162 2847 1.
178 2802 210 2847 In
223 2803 313 2850 animan
330 2805 385 2849 sub·

213 2863 314 2908 stantia.

145 4575 256 4639 collata
277 4585 331 4653 ost,
353 4597 418 4658 quac
440 4580 648 4658 complectitur,
671 4586 733 4636 tum
754 4577 923 4655 sapientiam
945 4575 975 4632 in
996 4581 1100 4648 mente,
1120 4574 1302 4633 sanctitatem
1326 4574 1356 4632 in

146 4661 311 4734 voluntate,
332 4667 362 4718 et
381 4659 585 4722 rectitudinem
606 4667 635 4719 et
657 4659 768 4730 ιῦτιξίκι
790 4659 820 4716 In
838 4655 997 4730 affectibus,
1021 4661 1050 4713 et
1070 4655 1157 4715 talem
1178 4655 1356 4714 hannoniam
