3158 5180
113 417 240 468 ounsr.
256 396 317 478 uu]
622 412 661 455 nn
676 415 854 456 oassnrous.
1279 401 1338 458 393

117 576 193 638 pera
207 557 303 617 omnis
317 556 455 635 potentias
469 556 602 635 passiva,
619 553 743 635 quaeest
755 557 841 616 radix
855 555 1032 634 mutationis,
1048 557 1179 634 sequitur
1203 566 1287 617 extra
1307 579 1338 618 se

119 659 188 698 sem
231 657 275 697 re
309 657 365 696 sse.

168 659 250 778 Xpll.
272 657 367 776 alliud
386 725 430 776 eat
454 736 518 776 ease
542 735 658 776 oausam
683 716 872 776 sufficientem
894 726 968 792 actu,
994 715 1087 776 Aliud
1108 737 1178 776 vero
1202 718 1232 776 in
1255 725 1339 776 actu.-

120 799 212 858 Deus
226 797 282 857 fuit
296 817 385 856 eausa
399 796 543 856 sufficiens
557 807 623 856 actu
637 797 674 855 ab
689 807 804 873 aeterno,
821 797 889 875 quia
903 817 1016 875 semper
1028 797 1084 856 fuit
1100 805 1130 856 et
1152 817 1265 874 semper
1286 816 1338 855 vo·

118 879 185 938 luit
199 897 297 937 creare
311 875 461 951 mundum,
478 877 529 936 sed
543 897 602 936 non
615 877 670 936 fuit
680 877 718 936 ab
732 885 839 936 aterno
853 877 884 934 iu
894 885 969 952 aotu,
985 877 1055 955 quia
1067 896 1126 935 non
1139 877 1233 936 voluit
1242 896 1338 936 creare

117 959 160 1019 ab
184 967 301 1034 aeterno,
317 957 370 1016 sed
383 965 496 1016 tantum
509 957 540 1014 in
554 966 690 1034 tempore.

164 1037 267 1096 XIII.
290 1037 374 1096 Lioet
388 1037 469 1096 Deus
483 1036 521 1095 ab
535 1045 642 1096 aeterno
655 1055 715 1094 non
729 1036 840 1112 crearit,
856 1056 916 1096 non
929 1045 1081 1114 propterea
1105 1045 1233 1097 mutatus
1254 1044 1300 1096 est
1320 1055 1338 1094 a

116 1117 260 1196 potantia
273 1117 313 1176 ad
326 1125 431 1192 uotum,
447 1125 477 1175 et
490 1117 528 1174 ab
542 1117 601 1176 otio
615 1116 653 1175 ad
666 1116 833 1194 negotium
855 1117 924 1193 quia
944 1116 1000 1176 alla
1021 1125 1066 1176 est
1085 1117 1159 1177 ratio
1179 1117 1337 1196 agentium,

119 1219 197 1276 quaa
211 1198 275 1256 sola
288 1197 429 1255 volitione
443 1205 543 1273 agrmt,
559 1205 589 1256 et
604 1216 704 1255 eorum
717 1197 748 1254 iu
763 1197 869 1274 quibus
882 1204 987 1274 praeter
999 1197 1169 1256 volitionem
1183 1198 1339 1274 requiritur

120 1297 254 1356 operosa
266 1276 388 1336 molitio.
431 1276 494 1335 Ista
507 1297 596 1354 quum
610 1295 683 1354 opus
697 1276 869 1354 producunt,
886 1284 1036 1336 transeunt
1050 1297 1151 1338 revera
1171 1298 1189 1336 a
1209 1277 1338 1354 potentia

120 1357 164 1416 ad
183 1365 289 1432 actm,
305 1377 323 1414 a
336 1355 475 1416 volitione
488 1357 528 1416 ad
541 1355 742 1416 effectionem:
765 1355 816 1414 sed
830 1356 914 1415 aliter
929 1376 959 1415 so
973 1377 1019 1416 res
1033 1358 1121 1417 habet
1137 1358 1168 1416 in
1190 1357 1256 1432 illis,
1273 1377 1337 1435 quas

120 1457 212 1496 mera
225 1445 319 1514 agunt
331 1437 479 1512 volitione,
495 1445 528 1495 ut
542 1436 634 1508 Deus,
653 1437 704 1513 qui
725 1444 759 1494 ut
771 1436 866 1494 voluit
887 1437 1072 1496 existentiam
1095 1437 1196 1497 mundi
1218 1437 1248 1495 in
1267 1446 1338 1496 tem·

120 1537 210 1596 pore,
227 1518 270 1576 sio
283 1535 348 1574 eam
363 1516 456 1575 voluit
469 1516 507 1575 ab
521 1525 638 1585 atomo.
680 1515 780 1592 Atque
794 1515 836 1574 ita
849 1517 971 1576 mutatio
985 1517 1117 1594 quadam
1142 1517 1218 1577 laeta
1243 1525 1287 1576 est
1308 1517 1340 1575 in

122 1595 250 1673 mundo,
266 1595 317 1675 qui
331 1596 463 1656 uanaita
476 1615 535 1655 non
549 1616 613 1656 osse
628 1595 665 1654 ad
680 1615 752 1672 esse,
769 1595 820 1654 sed
843 1615 903 1655 non
926 1597 957 1654 tn
982 1597 1054 1674 Deo,
1081 1597 1132 1676 qui
1153 1598 1230 1657 idem
1254 1597 1285 1655 in
1308 1616 1339 1656 se

122 1695 254 1736 manens
286 1695 339 1754 per
366 1676 535 1736 volitionem
570 1695 652 1736 suam
679 1676 835 1754 practicam
862 1695 923 1736 rem
951 1687 1034 1736 extra
1068 1697 1098 1738 ee
1132 1678 1271 1756 produxit
1303 1697 1341 1736 ex

125 1757 236 1816 nihilo.

177 1835 267 1895 XIV.
289 1835 332 1896 Ut
346 1835 428 1896 Deus
442 1855 590 1914 nunquam
603 1835 659 1896 suit
672 1835 735 1894 sine
750 1853 803 1894 sua
816 1836 1041 1914 omnipotentia;
1064 1837 1111 1896 Ita
1124 1857 1271 1915 nunquam
1286 1837 1341 1898 fuit

129 1917 200 1975 sine
212 1916 341 1994 potentia
355 1915 472 1975 creandi
486 1915 644 1992 mnndum;
669 1915 793 1974 sednon
806 1915 902 1993 potuit
920 1916 957 1974 ab
971 1924 1079 1975 aeterno
1093 1936 1228 1976 exeruere
1242 1927 1340 1977 aetum

130 1995 218 2054 illius
230 1995 372 2073 potentia,
388 1994 440 2054 sed
454 2003 566 2055 tantum
580 1995 762 2074 intempore,
777 2015 836 2054 non
856 2014 894 2053 ex
916 1995 1030 2054 delectu
1052 1997 1189 2074 potentia
1212 1997 1243 2055 in
1266 1999 1338 2073 Deo,

130 2075 190 2135 sed
197 2095 240 2134 'ex
252 2075 541 2153 incompossibilitate
551 2076 697 2135 creature
711 2095 777 2133 oum
791 2075 961 2134 aeternitate.
977 2075 1024 2134 Ita
1038 2094 1184 2153 nunquam
1195 2076 1249 2135 fuit
1261 2077 1341 2137 Deus

128 2155 206 2234 quin
220 2154 346 2232 potuerit
360 2175 457 2214 creare
470 2155 620 2231 mundum,
636 2154 688 2215 ssd
702 2173 736 2213 eo
751 2153 867 2214 demum
880 2162 1018 2232 tempore,
1041 2175 1099 2234 quo
1123 2156 1214 2214 creari
1235 2157 1339 2235 potuit,

128 2255 195 2295 non
205 2253 274 2294 vero
287 2243 364 2294 ante.

176 2314 250 2374 XV.
272 2314 343 2373 Alia
356 2323 401 2374 est
413 2314 591 2393 possibilitas
604 2334 670 2393 quae
685 2334 716 2376 se
726 2323 807 2374 tenet
820 2334 858 2374 ex
871 2322 952 2393 parte
965 2315 1103 2392 potentie
1119 2316 1252 2394 passiva,
1274 2336 1340 2394 quse

128 2395 225 2454 estin
238 2415 269 2454 re
283 2395 488 2473 producenda3
511 2394 581 2454 Alia
594 2415 665 2455 vero
679 2415 744 2472 quae
759 2415 790 2454 ae
808 2403 888 2454 tanet
910 2415 949 2454 ex
972 2405 1053 2473 parta
1075 2397 1212 2474 potentia
1237 2398 1341 2456 activae

126 2475 267 2552 agentis,
289 2474 419 2534 Mundus
432 2475 488 2534 fuit
500 2475 647 2553 possibilis
660 2476 697 2534 ab
712 2485 828 2551 aterno,
843 2495 901 2534 nou
913 2475 1071 2534 seeundum
1080 2479 1237 2554 muntium
1245 2479 1339 2554 poeai-

126 2575 200 2615 vam
214 2555 346 2632 eubjooti,
363 2555 415 2614 sed
429 2555 587 2615 seeundum
596 2557 752 2632 potentiam
767 2556 888 2614 act'aum
901 2556 982 2615 Dei:
1003 2556 1078 2615 Nam
1092 2557 1269 2635 possibilitas
1283 2558 1340 2617 ista

127 2655 195 2694 non
208 2634 346 2694 fundatur
359 2635 390 2693 in
402 2636 533 2712 potentia
546 2636 652 2712 aliqua,
667 2655 732 2712 quae
748 2636 785 2694 sit
805 2655 822 2694 a
846 2643 928 2714 parte
951 2637 994 2695 rei
1017 2637 1227 2714 producendae3
1250 2637 1302 2696 sed
1323 2658 1342 2697 a

127 2723 218 2794 parta
233 2715 298 2790 Dei,
319 2715 350 2772 in
364 2714 471 2775 virtute
495 2715 689 2792 producentis,
715 2715 784 2794 quia
807 2716 887 2776 Deus
908 2717 1003 2794 potuit
1025 2717 1107 2777 illum
1128 2718 1286 2797 producere
1310 2719 1341 2776 in

129 2804 217 2854 certo
230 2803 368 2873 tempore.

179 2874 270 2934 XVI.
292 2874 393 2934 Posito
406 2875 518 2935 aetione
533 2875 692 2936 seeundum
706 2895 737 2935 se
751 2884 850 2951 totam,
865 2877 983 2955 ponitur
1004 2877 1102 2936 statim
1126 2877 1262 2956 effootns;
1289 2877 1341 2936 aad

130 2955 252 3014 Creatio
265 2955 360 3032 posita
373 2973 432 3013 non
445 2954 501 3014 fuit
513 2955 551 3014 ab
565 2965 673 3016 aterno
688 2953 846 3014 seeundum
865 2975 895 3015 se
910 2963 1001 3016 totam
1013 2979 1020 3032 3
1042 2957 1111 3016 lieet
1134 2957 1221 3016 fuerit
1244 2958 1340 3035 quoad

131 3033 320 3112 principium,
335 3053 395 3093 nou
408 3033 463 3095 fuit
476 3043 573 3094 tamen
587 3035 684 3112 quoad
697 3034 851 3095 terminum
863 3056 870 3112 ;
892 3035 961 3095 lieet
974 3035 1061 3095 fuerit
1079 3037 1154 3096 actio
1178 3037 1292 3095 interna
1312 3045 1342 3096 et

132 3116 297 3174 immanens
311 3115 342 3173 in
357 3114 429 3190 Deo,
444 3135 503 3174 non
517 3115 572 3175 fuit
585 3117 661 3175 actio
675 3123 796 3174 externa
809 3115 951 3174 transiens
966 3115 996 3172 in
1011 3116 1186 3174 creaturam.

178 3193 287 3254 XVII.
309 3195 383 3254 Cum
397 3203 464 3254 ante
477 3195 650 3274 principium
664 3195 810 3272 temporis,
827 3213 884 3272 quo
906 3194 1032 3254 mundus
1054 3203 1168 3256 oreatus
1192 3203 1244 3271 est,
1269 3195 1342 3254 nihil

133 3272 218 3334 aliud
231 3274 270 3334 eit
283 3293 370 3352 quam
384 3275 537 3351 aeternitas,
552 3275 667 3355 proprie
680 3295 739 3334 non
752 3283 849 3352 potest
863 3275 929 3350 diei,
952 3274 1030 3352 quod
1048 3276 1129 3334 Deus
1153 3275 1279 3354 potuerit
1301 3277 1341 3335 oi-

134 3354 196 3413 tius
210 3355 349 3414 mundum
363 3375 460 3414 oreare
474 3375 560 3433 quam
574 3355 768 3434 creavitquia
781 3360 808 3414 st
822 3356 909 3430 ottus,
924 3355 973 3414 val
985 3356 1083 3431 anius,
1099 3365 1166 3416 sunt
1180 3363 1256 3416 nota
1270 3364 1342 3415 tem·

135 3435 225 3512 poris,
241 3452 307 3511 quaa
320 3434 351 3493 in
362 3436 521 3495 eternitate
534 3455 593 3494 non
608 3435 713 3496 dantur
721 3458 729 3514 ς
753 3436 874 3496 Interim
888 3436 914 3495 si
932 3436 1017 3496 eitius
1035 3437 1084 3496 vel
1098 3437 1189 3497 serius
1203 3436 1343 3497 referatur

128 3513 176 3572 ad
189 3513 282 3591 ipsam
295 3513 396 3574 mundi
410 3514 599 3592 sinuationem,
619 3515 713 3594 potuit
727 3516 776 3576 ille
790 3517 820 3575 in
834 3516 1003 3576 aeternitatis
1016 3525 1133 3595 punoto,
1148 3517 1226 3596 quod
1241 3537 1342 3577 omnes

134 3603 299 3670 temporum
327 3594 503 3654 differentias
530 3595 618 3655 etiam
641 3595 794 3673 possibiles
821 3596 1029 3675 compleatitur,
1059 3598 1144 3658 eitius
1172 3598 1221 3658 vel
1248 3598 1340 3658 serius

135 3674 249 3733 creari:
271 3674 319 3734 Ita
332 3683 365 3734 ut
378 3674 491 3735 duratio
505 3675 606 3734 mundi
619 3685 697 3736 esset
708 3677 834 3754 plurium
848 3678 940 3738 multo
955 3677 1125 3754 seculorum,
1151 3699 1184 3739 ao
1207 3679 1243 3738 de
1265 3678 1342 3738 faoto

136 3753 212 3813 fult:
231 3761 266 3813 ut
279 3774 296 3812 a
308 3754 450 3832 principio
464 3755 566 3815 mundi
579 3754 617 3814 ad
630 3767 801 3833 presentem
815 3767 944 3818 nostram
963 3767 1077 3818 aetatem
1099 3759 1260 3833 fluxissent,
1282 3777 1342 3816 non

135 3833 267 3911 quinque
279 3834 375 3910 modo,
391 3844 441 3895 aut
455 3855 507 3894 sex
520 3836 612 3894 millia
625 3855 774 3914 annorum,
790 3837 842 3896 ead
856 3847 966 3916 septem
979 3839 1027 3897 vel
1041 3857 1160 3912 novem3
1176 3838 1238 3896 Neo
1246 3847 1343 3896 tamen

137 3913 208 3972 inde
226 3914 300 3974 bene
314 3915 444 3992 colligas,
459 3917 587 3993 potuisse
611 3936 681 3994 ergo
703 3917 843 3976 mundum
865 3918 903 3977 ab
925 3929 1031 3978 aeterno
1055 3917 1165 3976 creari:
1187 3917 1262 3992 Quia
1284 3935 1343 3976 non

138 3993 219 4052 valet
232 3995 439 4073 oonaeqnentia
452 4016 470 4054 a
482 3996 607 4074 longiori
620 3995 771 4056 duratione
785 3996 867 4055 finita
880 4005 910 4056 et
926 3997 1056 4072 limitata,
1080 3997 1111 4054 in
1135 4017 1193 4074 qua
1217 3997 1341 4074 coneipi-

138 4091 203 4133 mua
219 4074 315 4134 Deum
328 4075 457 4152 potuisse
471 4095 567 4135 oreare
581 4075 729 4152 mundum,
745 4075 783 4133 ad
797 4075 978 4136 durationem
991 4084 1127 4135 aternam
1142 4084 1171 4135 et
1189 4075 1340 4154 infinitam,

137 4171 203 4230 qnae
216 4164 262 4213 est
274 4153 416 4221 ἄσῦστιτος
429 4165 561 4233 reapeotu
574 4155 685 4215 mundi.

179 4233 306 4293 XVIII.
329 4235 414 4310 Quod
427 4245 472 4296 eat
485 4236 655 4314 ingenitum,
671 4254 818 4313 nunquam
838 4234 946 4312 incepit
965 4255 1027 4294 esee
1046 4255 1098 4313 per
1117 4235 1342 4313 generationem,

138 4312 191 4407 sed
211 4323 308 4453 poetdest
326 4314 469 4394 incepisse
482 4337 534 4394 per
549 4317 739 4376 Creationem.
781 4315 906 4374 Materia
919 4315 986 4375 talis
1000 4323 1052 4390 est,
1068 4335 1133 4393 quae
1147 4335 1205 4375 non
1227 4325 1271 4376 est
1293 4337 1343 4394 ge·

138 4401 207 4468 mta,
224 4414 238 4452 a
290 4404 396 4455 ereata.

182 4473 280 4534 XIX.
303 4475 399 4549 Quum
413 4474 536 4535 dicimus
550 4476 689 4536 mundum
700 4477 808 4536 fantum
822 4477 852 4535 in
866 4484 996 4552 tempore,
1011 4474 1067 4536 hoo
1080 4495 1138 4535 non
1157 4475 1346 4555 Intelligimus

138 4551 253 4634 ὶιςιῗῧς,
269 4555 356 4632 quasi
368 4556 482 4633 propria
496 4555 605 4616 dietum
619 4563 733 4635 tempus
747 4557 833 4616 fuerit
846 4565 913 4616 ante
926 4555 1075 4634 mundum,
1099 4557 1129 4614 in
1151 4577 1208 4634 quo
1231 4567 1344 4618 oreatus

139 4645 236 4710 esset,
259 4633 313 4694 sed
326 4633 441 4713 phrasis
454 4636 511 4696 ista
524 4635 701 4715 populariter
715 4647 759 4697 est
773 4635 963 4715 intelligenda
986 4645 1019 4697 ut
1042 4637 1195 4698 aeternitati
1217 4659 1345 4718 oppona-

139 4723 195 4789 tur,
210 4723 242 4774 et
254 4714 330 4774 nihil
344 4714 423 4774 aliud
438 4715 583 4792 innuatur,
598 4735 684 4794 quam
699 4717 838 4788 mundum
852 4737 910 4776 nou
925 4737 988 4778 ease
1003 4727 1150 4794 aternum,
1167 4717 1218 4777 aed
1239 4720 1344 4796 prinoi-
