3158 5180
263 363 329 428 ¹aaa
745 378 835 425 noma
849 378 993 432 cataras.
1273 355 1397 442 [avist-
1409 375 1468 420 ¹¹*
1552 359 1553 442 l

271 525 486 600 damnativam,
503 520 628 602 pendeat
641 544 659 582 a
672 523 734 584 sola
750 525 806 583 Dei
826 521 930 604 triluca.
972 525 1047 584 Nam
1068 533 1100 584 nt
1120 530 1168 583 est
1189 531 1275 582 actus
1290 521 1346 581 Dei
1366 519 1470 581 Judicie

271 605 398 666 debitam
411 623 526 682 prenern
539 604 684 682 peccatori
698 603 888 680 decernentis,
903 613 1013 665 certum
1027 613 1071 665 est
1084 604 1199 683 peceati
1223 601 1471 662 considerationem

270 687 319 746 bic
333 682 538 746 intercessisse.
574 685 636 744 Nec
657 684 733 743 enim
754 693 850 764 potest
870 682 933 744 dari
953 684 982 744 in
1006 685 1069 744 Deo
1090 681 1232 743 voluntas
1254 681 1400 762 puniendi,
1423 680 1471 740 nisi
1552 707 1553 760 ι

262 775 459 846 'peccatorem
474 783 528 824 nec
541 785 635 843 poenae
648 765 769 825 indictio
783 765 832 824 vel
845 765 999 826 destinatio
1017 765 1098 844 justa
1112 785 1179 824 esse
1193 771 1292 842 potest
1316 763 1376 822 sine
1389 761 1472 838 culpa
1552 779 1553 788 ¹

274 845 332 906 sed
346 865 404 904 non
418 855 526 923 estpar
536 845 610 905 ratio
624 853 703 904 aetla
714 845 843 921 acpadai,
859 865 910 904 scu
920 845 1119 922 praeteritionis
1130 870 1140 903 :
1162 863 1231 922 quse
1255 841 1293 901 ab
1316 862 1358 916 eo,
1380 851 1412 900 ιιι
1433 857 1473 898 ιιι

272 946 370 1006 premo
387 927 512 984 Domino
526 942 579 1004 pro
588 927 654 1003 jure
670 945 721 984 suo
736 927 943 985 autocratorico
958 923 1064 1004 oritnr3
1086 925 1170 984 illius
1182 924 1262 983 enim
1274 941 1369 998 causa,
1383 931 1476 1000 prater
1552 919 1553 960 7

264 1007 337 1086 ejus
351 1004 466 1082 adimis,
481 1005 562 1066 nulla
575 1006 688 1085 proprie
703 1005 765 1064 dari
778 1015 884 1083 potest.

317 1087 411 1146 XIII.
428 1086 556 1160 interim,
572 1096 605 1145 ut
619 1089 740 1145 absolate
754 1087 802 1144 vel
823 1089 986 1164 comparate
1000 1092 1155 1163 spectatur,
1171 1077 1370 1143 diversimode
1392 1075 1425 1139 de
1446 1099 1475 1139 ee

275 1166 509 1245 respondendum
523 1175 583 1243 cet3
607 1167 681 1224 Nam
696 1166 722 1224 si
735 1168 858 1224 absolate
868 1165 1074 1242 consideratur,
1084 1175 1163 1223 recte
1179 1163 1358 1224 adscribitur
1370 1181 1474 1238 eonnp·
1552 1165 1553 1204 ἒ

276 1247 350 1306 tioni
363 1247 488 1306 hominis
501 1246 616 1321 marae,
632 1263 777 1323 quaeum
791 1245 886 1306 effecit
902 1246 981 1322 juste
995 1245 1228 1322 reprobabilem:
1251 1244 1278 1302 si
1292 1259 1477 1318 verocompa-

276 1337 348 1402 rate,
364 1327 401 1385 ad
427 1326 519 1385 solum
543 1326 599 1384 Dei
619 1325 831 1404 beneplacitum
859 1335 904 1384 est
926 1325 1082 1400 referenda,
1105 1343 1159 1403 pro
1182 1323 1335 1384 liberrima
1358 1337 1408 1382 sua
1432 1339 1476 1398 pc·

277 1415 390 1480 testate,
410 1425 484 1483 quos
497 1407 562 1466 nult
583 1405 726 1484 eligentis,
751 1416 780 1466 ct
801 1415 920 1466 caeteros
942 1405 1151 1482 pretereuntis.
1196 1403 1298 1478 Qurrm
1319 1421 1389 1480 erge
1407 1419 1476 1478 qna·

277 1487 359 1561 riter,
380 1487 438 1545 Cur
461 1487 508 1545 hie
530 1486 579 1546 vel
602 1486 652 1546 ille
674 1485 844 1564 reprobatus
867 1487 912 1560 sit,
935 1487 1009 1544 bene
1033 1485 1230 1564 respondetur
1253 1485 1310 1542 hoc
1338 1481 1400 1540 ideo
1425 1479 1474 1538 iac·

277 1573 348 1640 tum,
374 1567 580 1644 quiapropter
606 1575 756 1644 peccatum
780 1566 886 1644 dignus
910 1565 966 1625 init
992 1565 1042 1644 qui
1065 1563 1294 1644 reprobaretur:
1324 1561 1389 1620 Non
1408 1556 1476 1636 quod

277 1654 427 1724 paccatum
450 1646 488 1704 sit
511 1646 625 1723 proprie
639 1665 727 1705 eausa
741 1645 957 1724 reprobationis
980 1645 1052 1704 alias
1071 1665 1173 1704 omnes
1195 1641 1346 1723 reprobati
1359 1641 1476 1710 subeam,

279 1725 329 1803 qui
353 1733 435 1784 crant
453 1725 560 1802 pariter
583 1736 766 1803 peccatores,
799 1725 851 1784 sed
872 1727 940 1803 quia
967 1733 1012 1784 est
1035 1725 1164 1784 conditio
1186 1732 1217 1783 et
1240 1724 1365 1802 qualitas
1386 1719 1413 1778 in
1431 1719 1474 1776 ob-

275 1806 356 1883 jecto
376 1805 569 1882 praecedanea,
593 1825 631 1864 ex
652 1807 813 1884 quaeritur
831 1806 990 1864 inhomine
1010 1804 1246 1884 reprobabilitas,
1263 1801 1313 1861 rel
1333 1820 1414 1860 emron
1426 1799 1476 1856 siae

280 1903 338 1963 qao
351 1905 415 1960 aaa,
431 1886 500 1962 quia
513 1887 570 1944 nisi
583 1886 670 1945 homo
684 1895 819 1963 peccator
830 1895 915 1961 essct,
931 1905 947 1944 a
962 1885 1026 1944 Deo
1040 1905 1098 1943 non
1112 1885 1328 1964 reprobaretur,
1344 1881 1407 1940 licet
1425 1895 1474 1936 non

280 1966 449 2043 reprobetur
463 1965 560 2026 statim
575 1968 668 2025 omnis
682 1968 732 2044 qui
745 1975 879 2044 peccator
891 1974 944 2025 est.
987 1966 1030 2026 Ar
1043 1985 1133 2044 quum
1156 1964 1308 2044 quaritur,
1333 1961 1389 2020 Cur
1410 1958 1476 2017 bunc

280 2046 477 2124 potiusquam
492 2046 574 2104 illum
588 2047 756 2124 reprobarit,
772 2066 837 2105 curn
851 2046 935 2106 ambo
948 2055 1045 2105 essent
1059 2063 1096 2105 ex
1111 2066 1197 2123 aequo
1212 2051 1386 2122 peccatores,
1407 2035 1475 2097 ideo·
1552 2089 1553 2118 ,

281 2145 338 2203 qne
363 2127 566 2204 reprobabiles,
588 2127 636 2185 hic
657 2137 805 2204 peccatum
826 2125 945 2203 allegari
965 2145 1023 2184 non
1044 2133 1147 2204 potest,
1176 2125 1248 2204 quia
1272 2131 1317 2182 est
1340 2135 1476 2181 commune
1552 2165 1553 2180 ι

281 2206 405 2284 utrique,
421 2215 451 2264 at
464 2207 627 2264 eommunia
640 2225 700 2266 non
712 2207 821 2266 faciunt
834 2206 1005 2265 discrimen:
1027 2205 1067 2264 Et
1087 2224 1176 2265 causa
1200 2203 1283 2265 nulla
1301 2199 1381 2261 reddi
1393 2205 1476 2277 potest

281 2294 386 2362 praeter
399 2286 492 2344 solnm
508 2286 563 2343 Dei
577 2286 797 2364 beneplacitum,
814 2287 883 2363 quia
899 2286 940 2344 ita
954 2285 997 2344 ssli
1018 2285 1112 2344 libuit.
1156 2287 1223 2362 Qno
1240 2282 1357 2361 respicit
1381 2277 1475 2338 Paulus

281 2363 312 2421 in
327 2364 468 2440 exemplis
483 2365 574 2422 Esavi
588 2375 618 2423 et
632 2365 746 2442 Jacobi,
763 2367 847 2424 Rom.
862 2366 902 2424 ix.
921 2369 966 2441 11,
982 2366 1032 2443 qui
1045 2365 1115 2425 lieet
1129 2366 1208 2426 inter
1221 2385 1253 2424 se
1267 2382 1359 2442 pares,
1374 2355 1475 2418 discreti

281 2451 379 2501 tamen
392 2451 461 2502 sunt
474 2444 511 2501 ab
525 2443 650 2502 invicem
665 2465 717 2522 per
730 2446 828 2504 odium
843 2453 872 2504 et
886 2465 1011 2504 amorem
1026 2445 1090 2522 Dei,
1104 2447 1182 2505 nihil
1202 2444 1310 2522 quippe
1332 2442 1363 2499 in
1376 2436 1476 2499 Jacobo

281 2522 350 2580 boni
365 2521 420 2581 luit
433 2543 491 2600 pre
507 2523 613 2598 Essene,
627 2533 745 2602 propter
758 2525 836 2601 quod
849 2545 909 2602 prae
922 2525 973 2584 illo
987 2526 1149 2602 eligeretur,
1165 2525 1243 2584 nihil
1264 2525 1295 2582 irr
1315 2521 1409 2580 Esaao
1424 2533 1477 2594 pra

282 2601 404 2677 Jacobo,
420 2601 628 2679 propterquod
643 2624 701 2681 pra
722 2604 773 2662 illo
794 2607 1003 2682 reprobaretur.
1046 2605 1132 2665 Unde
1154 2605 1211 2665 soli
1236 2603 1293 2664 Dei
1312 2595 1477 2676 beneplacito

282 2681 337 2739 hoc
351 2689 396 2740 est
410 2681 639 2741 adscribendum.
682 2681 781 2759 Atque
798 2685 845 2742 hic
859 2703 890 2743 se
904 2685 1002 2762 prodit
1014 2695 1096 2746 actus
1111 2686 1167 2744 Dei
1180 2683 1371 2764 stragisque,
1391 2687 1417 2735 et
1435 2693 1476 2733 ⁸¹¹·

282 2760 374 2840 premi
389 2761 515 2837 Domini,
530 2763 580 2838 qui
594 2769 628 2820 ut
640 2761 804 2822 liberrimus
818 2763 959 2823 bonorum
981 2785 1096 2824 suorum
1118 2775 1162 2824 est
1183 2765 1374 2844 dispensator,
1429 2761 1477 2814 teat

284 2840 321 2898 de
336 2859 389 2898 suo
404 2839 496 2900 iacere
510 2841 674 2918 quodvult,
690 2843 767 2901 hunc
780 2843 923 2921 eligendo,
940 2845 1061 2904 alteram
1075 2845 1287 2924 praetereunda,
1309 2840 1374 2900 huic
1426 2831 1477 2892 1¹³⁰
1552 2893 1553 2918 ,

284 2919 416 2998 gratiam,
432 2921 514 2980 alteri
528 2920 707 3000 denegando,
723 2923 831 3000 absquo
846 2925 987 3002 cujusque
1000 2925 1115 3002 injuria.

326 2999 417 3060 XIV.
433 3002 560 3077 Quaestio
571 3021 640 3079 ergo
655 3023 689 3062 eo
703 3003 786 3078 redit,
803 3003 852 3061 An
868 3004 1021 3064 Decretum
1035 3003 1090 3064 Dei
1105 3011 1246 3064 aternum
1263 2991 1474 3079 Reprobationia

285 3099 345 3140 non
358 3091 418 3141 tam
433 3080 619 3157 affinnativae,
629 3103 716 3160 qnam
730 3083 881 3159 negativae,
897 3103 956 3142 non
970 3093 1028 3144 tam
1044 3083 1192 3158 absolutae,
1208 3101 1297 3162 quam
1312 3079 1473 3154 comparata,

287 3161 325 3220 sit
339 3161 511 3237 absolutum,
527 3181 585 3222 non
599 3183 617 3221 a
630 3163 733 3222 mediis
742 3164 991 3242 consequentibus,
1003 3165 1051 3224 vel
1065 3183 1153 3224 causa
1166 3163 1257 3240 finali,
1266 3160 1315 3221 vel
1330 3153 1474 3217 conatam

287 3259 338 3298 seu
353 3241 490 3317 qualitate
505 3242 699 3318 praecedanea,
715 3242 765 3302 sed
780 3263 797 3300 a
811 3263 897 3302 eausa
911 3245 1117 3321 procatarctice
1130 3253 1261 3318 externa,
1278 3250 1310 3300 ut
1323 3259 1340 3297 a
1352 3227 1471 3295 solereio·

283 3323 331 3395 -aetp
345 3320 400 3378 Dei
414 3321 563 3396 pendeat?
583 3321 632 3380 An
647 3341 717 3380 vero
730 3323 884 3398 praevisum
898 3333 1056 3400 peccatum,
1080 3333 1109 3382 et
1132 3321 1331 3382 infidelitatem
1352 3326 1470 3390 tanquam

286 3415 402 3454 eaumm
416 3399 591 3458 meritoriam
605 3402 813 3476 reprobationis
828 3403 913 3464 unius
926 3423 985 3480 prae
1008 3403 1065 3461 alio
1088 3423 1201 3480 semper
1224 3403 1373 3480 supponat.
1410 3389 1471 3448 P⁰⁵·

286 3475 376 3534 terius
390 3475 532 3535 affirment
548 3479 734 3555 Adversarii3
757 3481 818 3540 Nos
832 3483 911 3560 prius
925 3492 1048 3542 tuemur.
1156 3532 1160 3538 .

328 3553 400 3612 XV.
424 3551 595 3630 Arminiani,
611 3567 643 3616 ut
659 3559 814 3618 Decretum
835 3561 992 3620 illectionis
1013 3581 1051 3622 ex
1071 3561 1196 3640 praevisa
1214 3560 1274 3620 fide
1294 3547 1470 3633 suspendunt}
1552 3623 1553 3630 ἵ

289 3634 335 3693 lta
354 3633 501 3693 decretum
524 3636 746 3713 Reprobationis
767 3641 919 3716 praevisam
944 3641 1173 3700 incredulitatem
1195 3655 1353 3720 supponere
1373 3635 1469 3718 penen-

287 3714 368 3790 dunt,
384 3721 417 3773 ιιι
432 3733 517 3772 nemo
531 3735 610 3774 mera
625 3716 681 3774 Dei
695 3719 845 3779 voluntate
856 3721 893 3779 sit
906 3721 1075 3798 praeteritus,
1092 3721 1144 3779 sed
1157 3719 1319 3798 reprobatio
1329 3709 1413 3774 omnis
1422 3721 1470 3762 ern-

288 3794 420 3872 galerum
447 3813 634 3871 personarum
661 3795 738 3856 saeta
764 3799 803 3858 sit
825 3799 981 3860 secundum
1010 3799 1268 3860 considerationem
1292 3787 1469 3856 antecedente
1552 3849 1553 3868 χ

288 3873 476 3949 infidelitatis,
492 3883 522 3934 et
535 3875 564 3932 in
590 3875 690 3934 eadem
712 3881 933 3954 perseverentia
955 3881 1067 3958 finalis,
1093 3889 1180 3958 atque
1203 3879 1245 3938 ita
1267 3877 1400 3956 objectum
1420 3861 1467 3920 Re·
1552 3879 1553 3924 ἲ

286 3954 466 4030 probationis
492 3963 631 4030 statuunt,
659 3973 717 4014 non
738 3965 851 4017 tantum
881 3959 1026 4018 hominem
1057 3968 1256 4038 peecatorem
1289 3951 1336 4016 scd
1364 3941 1469 4006 finaliter

287 4033 468 4170 zelpbedulum
482 4041 511 4092 et
526 4033 760 4116 impoenitentem,
776 4047 809 4096 ut
831 4046 954 4098 mentem
977 4059 1058 4098 suam
1081 4039 1229 4118 explicant
1250 4039 1278 4095 in
1302 4029 1373 4096 Acta
1393 4025 1467 4099 syno-

365 4133 405 4171 us.

330 4191 420 4250 XVI.
443 4192 505 4252 Nos
520 4211 597 4267 vero,
613 4193 681 4254 licet
695 4195 842 4272 objectam
857 4197 1079 4275 Reprobationis
1100 4219 1157 4257 non
1179 4198 1273 4256 minus
1287 4175 1466 4276 correctionis

288 4277 449 4330 statuamus
462 4273 608 4332 hominem
630 4283 817 4350 peccatorem,
833 4285 866 4336 nt
887 4295 973 4354 snpra
987 4279 1090 4354 visum,
1106 4285 1140 4337 ut
1160 4297 1194 4337 ea
1214 4293 1272 4336 non
1291 4273 1359 4332 sacta
1372 4269 1404 4322 srt
1416 4271 1466 4315 sne

288 4346 394 4408 intuitu
414 4351 542 4428 peccati;
573 4351 719 4429 Negamus
740 4361 836 4414 tamen
857 4356 1012 4433 praevisum
1059 4367 1198 4433 secatum,
1220 4356 1268 4415 rel
1294 4342 1464 4427 infidelitatem

288 4443 373 4499 posse
388 4431 498 4488 censeri
513 4447 637 4508 causam,
649 4432 708 4491 Gur
721 4453 796 4492 unus
808 4455 867 4512 prae
882 4435 939 4495 alio
953 4379 1138 4516 reprobatum
1160 4446 1189 4496 et
1203 4455 1260 4495 non
1274 4431 1352 4493 aliam
1361 4415 1461 4500 qualita-

288 4511 355 4575 tem,
368 4507 415 4563 vel
430 4509 623 4570 conditionem
638 4511 668 4568 in
681 4514 826 4589 preterito
838 4517 1022 4594 prasnpponi
1037 4515 1167 4594 dicimus,
1178 4535 1263 4594 quam
1278 4529 1336 4592 qua
1348 4505 1375 4564 in
1386 4497 1462 4557 electo

288 4591 401 4652 reperta
414 4594 467 4657 est,
483 4595 512 4645 et
525 4606 590 4665 quae
612 4591 665 4648 toti
686 4611 788 4650 massae
810 4604 950 4674 corrupta
972 4605 1016 4656 est
1037 4595 1205 4674 eommunis,
1221 4594 1291 4654 adeo
1303 4597 1333 4650 ιιι
1351 4579 1402 4642 sala
1415 4567 1460 4631 Dffl'
1552 4619 1553 4670 ι

288 4651 383 4712 atinate
403 4660 478 4719 inter
498 4665 605 4725 electos
626 4676 655 4725 et
677 4671 813 4746 reprobos
835 4673 989 4735 discrimen
1012 4677 1175 4750 constituat,
1198 4693 1256 4734 non
1270 4689 1332 4730 raro
1352 4659 1408 4729 ulii
1420 4647 1458 4706 γε]
