3158 5180
152 397 266 470 conpr.
282 379 362 462 rra]
590 399 629 440 ua
643 397 938 441 enannsrrnsrrous.
1305 385 1362 443 ast

151 543 271 619 meritis,
284 541 371 619 eujus
382 540 614 618 rultmiseretnr,
625 549 654 601 et
665 561 738 620 quoa
748 541 986 620 digneturvooat,
996 559 1096 619 parum
1111 540 1272 619 adsudant,
1288 543 1367 620 quod

152 621 251 684 debita
263 621 405 682 reddatur
418 641 504 700 poena
518 620 662 698 damnato,
684 620 814 681 indebita
828 621 922 700 gratia
934 621 1065 697 liberato,
1087 631 1120 681 ut
1132 642 1186 681 nec
1213 623 1263 682 ille
1277 643 1308 683 se
1322 625 1366 683 in·

153 704 274 782 dignum
285 710 433 781 queratur,
448 721 502 761 noc
512 702 633 780 dignum
645 722 675 762 se
687 703 741 762 iste
756 702 903 780 glorietur,
916 710 1002 780 atque
1012 702 1053 760 ibi
1064 703 1159 778 potius
1171 704 1367 782 acceptionem

152 784 263 844 nullam
276 783 341 841 fieri
351 801 547 861 personamm,
558 782 611 842 ubi
630 801 688 842 una
702 783 859 860 eademque
874 801 969 840 massa
982 781 1175 841 damnationis
1189 793 1218 842 et
1232 783 1367 844 offensio·

154 864 345 938 nisinvolvit,
355 870 389 922 ut
402 863 542 921 liberatus
552 862 588 922 de
602 881 661 922 non
674 863 796 921 liberato
811 863 912 938 discat,
927 862 1006 940 quod
1020 863 1106 922 etiam
1121 863 1178 921 sibi
1192 864 1365 941 supplicium

154 943 333 1017 conveniret,
355 943 413 1001 nisi
437 943 531 1020 gratia
545 943 729 1018 subveniret3
751 943 776 1000 si
797 952 892 1001 autern
915 943 1016 1019 gratia,
1032 943 1131 1020 utique
1153 943 1241 1002 nullis
1255 945 1366 1005 meritis

154 1021 261 1097 debita,
278 1022 331 1082 sed
345 1022 472 1100 gratuita
490 1021 620 1081 bonitate
634 1023 749 1081 donata.
794 1022 851 1081 Sed
871 1023 1010 1099 injustum
1033 1031 1085 1098 est,
1101 1023 1244 1100 inquiant,
1259 1023 1289 1082 in
1308 1045 1367 1086 una

154 1103 315 1180 eademqne
329 1102 407 1160 mala
421 1121 508 1160 causa
520 1103 598 1160 bunc
611 1101 736 1177 liberari,
751 1102 834 1160 illum
847 1102 960 1180 puniri:
983 1103 1093 1180 Nempe
1108 1121 1177 1180 argo
1194 1104 1307 1180 justum
1320 1115 1366 1164 est

151 1193 311 1261 utrumque
325 1182 430 1260 puniri.
473 1182 545 1256 Quis
567 1183 622 1242 hoc
644 1183 818 1260 negaverit?
840 1183 973 1260 Agamus
987 1201 1057 1258 ergo
1079 1184 1187 1260 gadas
1210 1184 1364 1261 Salvatori,

152 1263 224 1323 dnm
239 1263 326 1322 nobis
347 1262 491 1321 redditum
513 1281 572 1320 non
590 1263 746 1338 cemimus,
762 1261 841 1340 quod
863 1263 893 1320 in
916 1262 1099 1321 damnatione
1121 1263 1258 1322 similium
1279 1265 1366 1325 etiam

145 1343 240 1403 ¹nobis
254 1342 387 1402 debitum
401 1343 614 1420 agnoscimusl'
657 1343 697 1401 Et
711 1352 819 1420 postea.
863 1344 882 1376 ‘⁴
897 1343 956 1401 Cur
976 1342 1058 1400 illurn
1071 1343 1168 1421 potius
1182 1363 1269 1422 quam
1283 1344 1366 1404 illum

152 1424 267 1498 liberet,
284 1431 335 1482 aut
349 1441 406 1480 non
420 1423 531 1497 liberet,
547 1429 690 1482 scrutetur
703 1423 753 1500 qui
771 1429 868 1500 potest
881 1421 903 1482 J
906 1423 1064 1482 udiciorum
1078 1425 1141 1501 ejus
1155 1432 1214 1483 tam
1227 1443 1366 1502 magnum

150 1503 350 1582 profundum
365 1509 564 1562 verumtamen
578 1509 680 1561 caveat
692 1503 904 1581 precipitium:
925 1501 1066 1580 Nunqnid
1079 1503 1156 1562 enim
1170 1512 1214 1564 est
1228 1504 1366 1582 iniqnitas

153 1583 233 1662 apud
249 1584 370 1642 Deum?
391 1582 507 1659 Absit,”
523 1579 578 1641 ac.

197 1663 311 1722 XXX.
335 1662 474 1737 Quamvis
497 1662 577 1721 Deus
597 1662 711 1722 dicatur
730 1662 806 1722 velle
827 1663 955 1722 omnium
977 1662 1107 1739 salutem,
1126 1667 1140 1721 1
1157 1663 1231 1722 Tim.
1246 1663 1276 1724 ii.
1293 1667 1320 1740 4,
1337 1673 1367 1724 et

154 1763 214 1804 non
228 1743 368 1802 delectari
382 1749 473 1801 morte
485 1743 654 1820 peccatoris,
667 1741 774 1800 Erech.
789 1743 889 1819 xviii.;
912 1742 978 1801 Non
992 1751 1143 1819 propterea
1157 1744 1287 1821 sequitur
1300 1763 1367 1804 eum

127 1825 132 1835 '
153 1824 301 1883 neminem
315 1822 493 1899 reprobasse,
510 1823 578 1898 quia
592 1823 691 1880 eadem
709 1822 856 1899 Scriptura
869 1831 992 1881 testatur
1005 1822 1082 1897 alibi,
1100 1823 1194 1881 Deum
1207 1843 1267 1882 non
1280 1825 1366 1883 mise-

156 1904 216 1962 reri
229 1901 429 1980 quorumdam,
445 1911 473 1961 et
492 1901 678 1980 praesoribere
699 1901 765 1960 illos
786 1900 824 1960 ad
837 1901 997 1961 Iudicium.
1040 1901 1132 1960 Aliud
1146 1923 1216 1979 ergo
1231 1911 1275 1962 est
1288 1904 1365 1964 velle

161 1984 281 2042 alutem
295 1983 445 2041 hominum
459 1983 609 2041 voluntate
623 1984 773 2063 ιῦιςιπίας,
788 1981 885 2055 idest,
900 1981 1097 2056 eadelectari;
1113 1981 1205 2041 Aliud
1216 2002 1279 2042 eam
1290 1984 1367 2044 velle

158 2064 307 2123 volumtate
322 2061 437 2137 rituam,
450 2062 480 2119 id
501 2069 554 2135 est,
569 2081 632 2120 eam
647 2062 805 2121 intendere.
847 2059 939 2119 Aliud
953 2059 1029 2118 velle
1044 2061 1171 2121 omnium
1186 2062 1308 2122 salutem
1322 2063 1366 2121 in-

156 2143 396 2218 discriminatim
420 2141 512 2200 Aliud
526 2143 653 2201 omnium
668 2151 698 2201 et
712 2141 890 2219 singulorum
903 2140 1123 2201 universaliter:
1144 2142 1287 2220 posterius
1301 2163 1367 2202 eum

157 2223 374 2302 Reprobatione
388 2221 536 2297 ὶσῦστιτιν,
553 2222 605 2281 aad
617 2243 676 2282 non
689 2223 778 2301 prius.

198 2303 331 2362 XXXI.
354 2303 426 2362 (tim
442 2304 522 2362 Deus
536 2303 644 2361 nemini
664 2303 694 2361 in
717 2303 771 2361 hac
785 2301 847 2360 vita
860 2301 933 2360 velit
946 2300 1176 2378 reprobationem
1190 2321 1272 2362 suam
1287 2311 1366 2362 certo

155 2392 301 2458 constare,
318 2382 369 2442 sed
382 2383 475 2460 possit
496 2382 582 2441 etiam
602 2383 813 2460 perditissimos
833 2389 998 2460 peccatores
1011 2381 1113 2440 ultima
1133 2383 1205 2441 hora
1218 2381 1256 2441 ad
1270 2403 1300 2441 se
1314 2403 1366 2442 vo·

154 2483 241 2539 cara3
266 2463 333 2523 Non
346 2471 443 2540 potest
456 2462 587 2521 docmina
600 2462 809 2540 reprobationis
829 2462 902 2520 bene
924 2461 1071 2520 intellecta
1091 2461 1122 2519 in
1136 2461 1366 2540 desperationem

154 2543 292 2602 homines
314 2543 439 2620 adigere,
455 2542 507 2601 sed
526 2542 623 2620 potina
644 2543 681 2600 ad
695 2541 877 2619 vigilantiam
891 2550 922 2601 et
936 2541 1148 2601 solicitudinem
1167 2561 1217 2600 cos
1238 2543 1365 2603 excitare

152 2623 253 2699 debet,
268 2631 303 2682 ut
317 2621 518 2700 cognoscendo
532 2623 715 2682 severitatem
731 2622 794 2695 Dei,
810 2640 868 2680 non
882 2620 1037 2680 efferantur
1058 2622 1200 2699 superbia,
1217 2621 1269 2682 aad
1282 2623 1365 2682 time-

154 2711 216 2778 ant,
239 2711 270 2762 st
289 2702 457 2762 recedentes
479 2703 559 2760 avia
577 2703 697 2780 peccati,
713 2720 778 2779 quse
800 2721 850 2760 eos
870 2702 901 2760 In
921 2702 976 2760 hoc
996 2702 1186 2780 precipitium
1200 2695 1365 2778 abduceret,

154 2783 310 2843 ambulent
322 2791 487 2842 constanter
500 2783 530 2840 in
544 2782 593 2840 via
607 2782 776 2857 sanctitatis,
788 2800 861 2860 quse,
876 2789 909 2840 ut
918 2781 1077 2841 Electionis
1091 2783 1209 2858 finctus,
1225 2782 1262 2841 ad
1276 2783 1366 2842 vitain

148 2862 350 2922 infallibiliter
363 2881 413 2922 eos
426 2863 599 2940 perductura
612 2870 665 2922 est.

197 2941 349 3013 XXXII,
371 2942 510 3017 Quamvis
524 2961 609 3001 nemo
624 2942 775 3001 damnetur
788 2940 845 3000 nisi
858 2948 975 3018 propter
988 2945 1146 3018 peccatum,
1162 2961 1219 3000 non
1237 2942 1368 3020 sequitur

153 3023 268 3102 pariter
278 3023 425 3082 'neminem
447 3021 594 3100 reprobari
607 3022 664 3080 nisi
685 3028 802 3099 propter
821 3020 903 3094 illud,
919 3021 988 3096 qnia
1000 3021 1163 3097 reprobatio
1185 3020 1272 3079 latius
1287 3030 1368 3097 patet

157 3103 344 3162 damnatione
356 3125 363 3179 3
385 3121 439 3162 nec
453 3113 497 3161 eat
511 3109 623 3161 anum
639 3111 720 3160 actam
731 3099 862 3178 justitia,
877 3099 909 3156 in
922 3099 1174 3176 praedamnatione,
1190 3117 1366 3176 quererere

157 3182 192 3242 lit
204 3202 243 3242 ax
256 3183 365 3242 intuitu
378 3182 498 3260 peccati,
515 3181 567 3241 ssd
590 3182 677 3240 etiam
692 3189 774 3240 actus
796 3179 916 3237 dominii
937 3178 968 3236 in
988 3179 1181 3255 praeteritione
1201 3189 1366 3257 comparate

159 3271 298 3340 sprctam,
314 3282 379 3340 que
400 3282 418 3320 a
437 3263 583 3320 liberrima
598 3261 655 3320 Dei
676 3267 819 3339 potestate
841 3258 1040 3336 proficiscitur,
1055 3273 1177 3335 quaeque
1198 3278 1256 3318 non
1270 3267 1366 3336 potest

158 3341 243 3419 ψη
256 3341 363 3401 babere
377 3341 416 3401 ad
428 3349 587 3420 peccatum,
602 3339 682 3418 quod
695 3347 755 3400 tam
768 3337 868 3398 electis
882 3356 969 3416 qnam
983 3338 1112 3416 reprobis
1126 3357 1277 3398 commune
1291 3348 1345 3398 est.
1443 3409 1447 3414 Δ

199 3422 367 3481 XXXIII.
390 3421 473 3480 Licet
486 3421 525 3480 ad
538 3417 686 3480 decretum
698 3417 910 3499 reprobationis
921 3427 1058 3496 sequatur
1066 3417 1229 3478 necessario
1239 3418 1366 3479 hominis

158 3502 301 3577 exitium
324 3502 390 3560 Non
414 3509 511 3561 tamen
526 3501 590 3560 Deo
614 3509 709 3578 potest
728 3499 883 3559 transcribi
904 3499 970 3576 ejus
989 3517 1084 3575 eausa,
1100 3498 1153 3559 sed
1176 3499 1285 3558 homini
1300 3499 1363 3574 soli,

153 3583 242 3660 juxta
250 3581 325 3640 illud
334 3582 418 3642 Oscae
431 3581 494 3640 xiii.
504 3583 532 3655 9,
542 3583 595 3640 En
606 3583 645 3639 Ta
653 3580 778 3657 perditio
788 3585 845 3655 tua,
857 3581 959 3654 Icari,
971 3580 1039 3656 quie
1049 3599 1108 3638 non
1118 3580 1253 3657 reprobat
1263 3599 1364 3657 quem·

157 3681 247 3739 quam
261 3661 318 3720 nisi
331 3669 521 3740 pceoetorem,
536 3660 666 3738 adeoque
677 3659 779 3720 merito
790 3659 1000 3738 reprobabilem
1012 3675 1019 3736 3
1043 3659 1129 3719 Unde
1140 3659 1222 3718 exitii
1236 3660 1310 3718 ratio
1321 3667 1366 3718 eat

155 3740 328 3818 justissima,
338 3747 401 3800 tum
415 3759 433 3798 a
446 3749 565 3817 peccato
574 3740 805 3817 englandi-quod
819 3740 848 3797 in
862 3739 979 3798 homine
993 3739 1173 3816 reprobando
1185 3739 1364 3815 supponitur,

158 3829 222 3880 tum
236 3821 352 3894 actuali,
368 3819 447 3897 quod
460 3819 516 3879 etsi
530 3819 750 3897 denegationem
764 3818 833 3878 fidei
853 3838 911 3878 non
925 3819 1017 3895 possit
1030 3837 1090 3876 non
1111 3817 1201 3894 sequi,
1218 3826 1304 3894 atque
1325 3817 1367 3876 ita

161 3899 200 3959 ait
212 3900 416 3976 necessarium,
433 3908 587 3958 esttamen
602 3909 791 3977 spontaneum
805 3907 835 3957 et
847 3897 1052 3971 voluntarium,
1068 3905 1097 3955 et
1110 3917 1168 3954 non
1183 3903 1324 3954 coactum.

200 3979 363 4038 XXXIV.
387 3979 419 4038 Si
430 3997 517 4057 porro
531 3979 605 4038 Caro
619 3977 787 4038 tumultuari
801 3985 911 4054 pergat,
927 3985 957 4035 ct
977 3973 1141 4068 obstrepere
1162 3975 1301 4033 adversus
1322 3971 1365 4032 in-

162 4059 316 4120 acmtabile
330 4059 387 4118 hoc
402 4059 583 4136 Mysterinm,
605 4059 820 4117 meminerimus
839 4055 975 4134 Apostoli
999 4055 1159 4113 doctrinam
1173 4053 1275 4112 iisdem
1300 4053 1366 4112 telis

161 4137 249 4212 inisse
264 4147 469 4218 oppugnatam,
487 4139 571 4198 Rom.
586 4139 627 4198 ix.
645 4141 690 4212 14,
708 4139 754 4212 19,
770 4135 849 4213 quod
862 4136 1002 4194 invictum
1017 4143 1061 4193 est
1075 4133 1282 4192 conformitatis
1297 4131 1365 4190 doc-

161 4218 244 4278 trinae
257 4227 365 4296 nostre
388 4237 454 4278 cum
476 4217 608 4278 doctrina
629 4216 715 4276 Pauli
737 4223 958 4292 argumentumt
989 4213 1061 4271 ldeo
1081 4212 1184 4270 iisdem
1199 4213 1285 4270 etiam
1300 4231 1366 4270 cum

162 4296 226 4374 ipso
238 4299 328 4358 ermis
339 4305 464 4374 utamur,
480 4297 518 4355 ad
532 4299 590 4356 tale
610 4299 666 4356 ista
679 4295 772 4373 ignita
793 4293 910 4352 Diaboli
934 4291 1141 4368 extinguenda,
1159 4293 1177 4324 “
1188 4291 1214 4351 Ο
1226 4291 1313 4350 horno
1334 4300 1367 4350 tu

162 4378 228 4454 quis
241 4397 281 4452 es,
298 4378 401 4456 quiex
415 4377 537 4437 adverso
551 4395 704 4454 responsas
726 4375 789 4434 Deo
796 4375 830 4432 ?''
853 4371 907 4432 ac.
950 4371 989 4430 Et
1009 4391 1074 4430 cum
1096 4373 1159 4449 ipso
1173 4371 1365 4446 severitatem,

163 4465 193 4514 at
205 4457 416 4535 benignitatem
432 4457 487 4516 Dei
509 4457 698 4530 attendentes,
714 4455 798 4514 Rom.
821 4453 861 4512 xi.
877 4455 925 4527 33,
941 4455 988 4527 34,
1011 4452 1214 4524 excbmemns,
1232 4451 1251 4484 ‘⁶
1262 4450 1290 4510 Ο
1302 4449 1365 4512 alti-

162 4535 233 4594 tudo
247 4536 424 4610 divitiarum,
440 4537 596 4614 sapientia,
612 4544 642 4594 at
652 4534 825 4614 cognitionis
836 4534 908 4610 ejus,
918 4552 1004 4610 quam
1015 4529 1212 4590 inscrutabilia
1227 4539 1294 4590 sunt
1304 4530 1368 4608 ejus

161 4615 281 4692 judicia,
298 4625 327 4674 at
340 4615 620 4694 impervestigabiles
634 4617 697 4694 ejus
711 4615 791 4674 viee?
824 4612 895 4688 Quis
913 4612 987 4672 enirn
1002 4612 1085 4670 novit
1098 4619 1224 4670 mentem
1241 4611 1367 4684 Domini,

165 4704 214 4754 snt
223 4695 293 4772 quis
301 4695 356 4755 init
364 4695 406 4753 illi
417 4695 595 4755 aconeiliis?
610 4695 673 4754 Aut
683 4695 748 4774 quis
761 4693 840 4772 prior
848 4693 928 4754 dedit
942 4694 977 4768 ei,
990 4701 1018 4751 et
1030 4691 1166 4750 reddetur
1179 4692 1231 4750 ei?
1245 4691 1317 4748 Nam
1330 4711 1368 4748 ex

165 4793 207 4849 eo,
224 4782 253 4834 ct
268 4795 319 4851 per
333 4795 409 4851 eum,
424 4785 451 4835 et
466 4777 495 4832 in
511 4776 606 4852 ipsum
621 4783 687 4834 sunt
702 4773 806 4834 omnia.
849 4773 897 4832 Ilii
914 4773 949 4832 sit
961 4773 1053 4849 gloria
1069 4773 1098 4830 in
1113 4771 1238 4834 secula.'’
1263 4771 1367 4826 Amen.
