3174 5174
168 352 279 403 comer.
295 331 353 414 v1.]
585 351 623 392 us
639 351 773 393 rosnnnn
788 353 928 394 seruam.
1311 343 1369 402 525

168 492 323 568 scribebat,
338 499 368 552 et
383 491 510 552 secunda
525 492 694 570 Symbolum
707 491 826 570 praemii,
843 511 900 570 quo
914 493 978 570 ejus
988 493 1181 554 obedientiam
1195 501 1371 558 remunerari

168 574 251 633 Deus
265 572 379 648 voluit3
401 571 442 632 ita
455 571 539 631 nobis
552 580 674 649 utraque
689 573 872 632 adumbravit
886 573 992 651 optime
1005 573 1122 634 modum
1144 576 1250 654 agendi
1264 578 1321 638 Dei
1340 579 1372 638 in

168 652 304 712 Ecclesia
317 671 369 729 per
382 655 520 711 mndata
533 660 563 711 et
571 653 735 728 pomme-
757 652 823 728 Illa,
834 671 899 730 quas
911 651 1034 711 officium
1048 655 1158 713 homini
1171 659 1369 735 praescribunt,

167 741 197 793 et
211 752 278 809 qum
293 732 358 809 ejus
372 731 564 791 obedientiam
579 732 739 810 explorant,
754 751 819 810 quse
833 731 934 792 arbore
949 731 1076 792 scientiae
1089 735 1159 793 boni
1172 744 1202 795 et
1214 737 1284 795 mali
1297 738 1371 798 bene

167 811 390 890 significantur:
411 811 475 870 Ista
488 831 566 886 vero,
587 831 653 888 quae
672 811 844 872 beneficium
860 812 916 870 Dei
936 819 966 872 et
983 813 1146 873 mercedem
1165 817 1372 893 amplissimam

167 892 318 966 exhibent,
333 910 391 968 qua
404 891 469 950 vult
488 890 658 968 obsequium
679 900 808 951 nostrum
830 911 975 969 coronare,
996 911 1061 969 quae
1082 893 1183 953 arbore
1203 896 1271 955 vitae
1296 916 1373 955 com·

166 972 254 1030 mode
269 971 478 1048 exprimuntur.
522 969 655 1031 Secundo
668 973 734 1030 Les
746 979 776 1031 et
789 973 976 1048 Eouoqeliam
995 981 1117 1048 possunt
1137 974 1224 1034 etiam
1246 976 1300 1035 sub
1321 997 1371 1054 ge-

167 1052 249 1109 mino
262 1052 319 1110 hoc
333 1049 466 1127 symbolo
477 1050 626 1110 contineri.
668 1053 732 1110 Lero
745 1051 830 1127 enim,
846 1061 879 1110 ut
897 1052 983 1112 arbor
1003 1051 1130 1112 scientim
1154 1054 1224 1113 boni
1244 1063 1273 1114 et
1293 1057 1371 1133 mali,

168 1131 206 1190 ad
220 1130 450 1208 explorationem
464 1129 636 1189 obedientis
649 1130 733 1190 nobis
752 1130 845 1207 datur,
860 1139 890 1190 et
902 1151 954 1210 per
974 1141 1123 1210 peccatum
1143 1154 1202 1192 non
1222 1135 1318 1195 minus
1338 1156 1373 1195 ac

167 1211 227 1286 illa,
243 1211 278 1270 fit
291 1210 405 1268 occasio
419 1210 529 1283 mortis,
544 1217 573 1269 et
586 1209 777 1270 ministerium
798 1211 1054 1272 condemnationis.
1095 1215 1283 1291 Eoonqclr‘um
1302 1235 1372 1275 vero

167 1299 213 1350 est
227 1291 315 1348 arbor
328 1290 396 1348 vita
411 1289 544 1350 salutaris
559 1297 589 1348 et
602 1289 726 1365 vivifica,
742 1291 811 1369 quia
824 1297 869 1350 est
887 1293 1006 1350 Verbum
1019 1292 1090 1367 vitre,
1104 1292 1155 1352 Jo.
1170 1294 1211 1352 vi.
1225 1296 1273 1353 68.
1301 1295 1370 1355 Ter·

167 1369 219 1444 tio,
237 1369 295 1428 Illa
308 1369 423 1445 Adami,
439 1388 527 1447 aquo
541 1377 692 1446 peccatum
705 1378 735 1429 et
754 1389 833 1430 mors
853 1370 957 1431 fluxit:
979 1372 1042 1431 Ista
1056 1390 1126 1432 vero
1142 1373 1255 1450 otras,
1277 1395 1295 1432 a
1313 1395 1371 1453 quo

165 1449 285 1527 justitia
298 1456 328 1509 ct
342 1449 404 1508 vita
417 1451 515 1524 oritur,
533 1452 548 1508 1
564 1449 630 1508 Cor.
644 1468 695 1507 xv.
710 1453 758 1525 22,
773 1450 929 1527 imaginem
943 1451 1069 1510 exhibet.
1401 1474 1404 1480 ⁴

633 1688 827 1765 cumauro
847 1689 903 1750 vr.

220 1849 268 1908 An
282 1847 411 1908 Adamas
419 1848 634 1924 promissionem
647 1849 776 1908 habuerit
787 1850 851 1909 citoe
864 1858 977 1909 oeterms
990 1857 1017 1908 et
1029 1850 1150 1926 celestis,
1165 1859 1324 1928 aspernato

317 1928 476 2016 obedientiae
489 1930 629 1988 curriculo
642 1930 672 1988 in
684 1932 782 1988 celum
795 1930 1067 2005 evehenduaficerit!
1107 1929 1221 1990 Affirm.

473 2087 499 2148 Ι.
522 2088 649 2164 Quaestio
663 2091 726 2148 haeo
740 2110 757 2149 a
771 2089 859 2148 variis
873 2089 957 2149 nobis
970 2097 1112 2150 movetur.
1148 2090 1245 2149 Primo
1259 2111 1277 2150 a
1289 2091 1367 2151 Soci-

433 2169 534 2246 niam'a,
563 2169 614 2247 qui
640 2177 674 2228 ut
696 2169 902 2229 mortalitatem
922 2169 1008 2248 primi
1031 2169 1157 2230 hominis
1178 2180 1316 2246 asserant,
1339 2180 1370 2231 et

434 2257 556 2308 mortem
579 2269 638 2308 non
658 2268 721 2307 esre
740 2269 855 2326 poenam
875 2249 996 2326 peccati,
1017 2250 1069 2309 sed
1092 2250 1239 2327 sequelam
1259 2259 1368 2310 natura

169 2330 314 2405 evincant,
328 2328 511 2407 pertendunt,
526 2328 620 2388 foedus
635 2328 691 2387 Dei
705 2349 771 2388 curn
784 2327 901 2387 Adamo
913 2349 972 2388 non
985 2329 1075 2389 fuisse
1095 2329 1251 2406 spirituale,
1267 2331 1318 2389 sed
1332 2331 1369 2390 de

168 2409 303 2469 animalis
316 2418 429 2468 tantum
444 2417 473 2469 et
493 2416 613 2468 terrenae
627 2407 695 2467 vitae
717 2408 883 2484 commodis,
905 2409 1072 2488 nullamque
1092 2409 1137 2467 illi
1156 2409 1243 2468 aliam
1264 2429 1368 2487 expec-

168 2490 287 2550 tandam
301 2487 390 2548 fuisse
403 2487 610 2548 beatitudinem
625 2497 728 2566 praeter
748 2496 890 2548 terrenam
911 2497 941 2548 et
960 2489 1121 2567 animalem,
1143 2508 1202 2565 qua
1221 2489 1369 2560 fruebatur

167 2571 198 2628 in
215 2567 363 2644 Paradiso,
388 2567 544 2627 obnoxiam
566 2569 629 2628 esui
650 2576 680 2627 et
701 2569 791 2645 potui,
816 2577 846 2627 et
869 2569 934 2628 ahie
957 2568 1026 2628 ritae
1050 2569 1278 2644 necessitatibus,
1304 2589 1369 2647 quae

167 2651 256 2709 etiam
269 2657 362 2707 morte
376 2648 508 2726 abrumpi
521 2647 661 2707 debuerit.
694 2648 780 2708 Unde
794 2649 966 2726 promissum
980 2649 1048 2708 vitae
1063 2658 1177 2708 aeterna
1190 2649 1318 2708 referunt
1331 2649 1369 2707 ad

167 2730 246 2788 bona
259 2729 297 2787 N.
312 2729 346 2787 T.
388 2728 450 2786 Nec
463 2728 553 2787 ullam
568 2747 648 2805 spem
667 2728 730 2805 ejus
749 2727 855 2788 factam
875 2729 967 2806 primo
988 2729 1097 2787 homini
1119 2729 1305 2804 contendunt,
1320 2729 1369 2788 vel

168 2808 377 2868 subobscuram
399 2815 510 2866 tantum
532 2807 657 2884 aliquam
679 2807 918 2884 significationem
939 2829 978 2866 ex
1001 2808 1111 2868 arboris
1125 2809 1193 2867 vitae
1216 2808 1368 2886 aenigmate

167 2887 366 2948 hauriendam.
408 2888 481 2946 doci.
497 2887 628 2946 Prsclect
644 2907 668 2944 c.
684 2886 712 2962 i.,
734 2888 838 2946 Vollrel.
852 2887 903 2946 lib.
919 2887 959 2944 iii.
974 2907 999 2946 e.
1017 2891 1063 2946 11.

211 2968 254 3026 11.
277 2967 419 3042 Secundo,
435 2967 472 3026 ab
485 2967 522 3026 iis
535 2967 586 3042 qui
600 2965 707 3042 triplex
720 2965 815 3024 foedus
824 2966 1040 3044 constituentes,
1055 2965 1202 3040 Naturale,
1219 2966 1327 3042 Legale
1338 2974 1368 3025 et

168 3047 390 3124 Evangelicum‚
413 3047 454 3106 ita
474 3046 692 3123 promissionem
712 3045 867 3121 unicuique
887 3045 989 3102 foederi
1008 3045 1135 3104 additam
1157 3053 1312 3121 exponunt,
1334 3053 1368 3104 ut

169 3129 232 3186 sola
244 3128 420 3203 Evonqelica
432 3125 518 3185 fuerit
531 3125 600 3184 vitae
615 3133 728 3183 aeternse
747 3123 778 3182 iu
792 3123 873 3182 omlis
886 3124 1066 3201 peragendae,
1081 3125 1194 3200 Lepalia
1207 3124 1368 3184 constiterit

168 3207 199 3264 in
212 3205 391 3266 beatitudine
405 3205 622 3283 perfectissima,
638 3223 704 3262 eum
718 3203 806 3262 animi
820 3211 881 3262 tum
897 3203 1025 3280 corporis
1038 3202 1158 3262 fruenda
1172 3203 1202 3260 in
1222 3211 1298 3261 terra
1313 3205 1366 3263 Ca-

166 3306 263 3363 naan;
287 3285 443 3344 Promissio
456 3304 527 3344 vero
540 3283 643 3342 foederi
656 3284 779 3342 naturali
800 3303 914 3341 annexa
933 3303 992 3342 non
1012 3283 1070 3342 alio
1089 3283 1256 3359 respexerit,
1279 3303 1365 3360 quam

167 3366 206 3425 ad
221 3369 240 3400 “
252 3365 344 3424 vitam
357 3373 524 3442 perpetuam
538 3371 568 3422 et
586 3362 749 3422 affluentem
770 3363 848 3422 omni
867 3362 1008 3422 bonorum
1029 3382 1142 3440 genere,
1164 3383 1228 3440 quse
1249 3383 1314 3422 eum
1335 3364 1366 3421 in

167 3445 302 3520 animam,
317 3452 377 3504 tum
392 3445 423 3503 in
437 3463 540 3520 corpus
554 3443 679 3502 hominis
693 3443 723 3500 in
737 3451 814 3502 statu
828 3443 948 3520 integras
962 3452 1072 3502 naturae
1091 3443 1238 3502 constituti
1252 3463 1365 3520 compe·

168 3533 228 3583 tere
242 3532 372 3602 possrmt,
387 3543 508 3599 eamque
522 3523 552 3580 in
562 3522 700 3582 Paradiso
713 3523 842 3582 terrestri
855 3522 1033 3600 hueudamss'
1048 3531 1082 3583 ut
1091 3523 1218 3601 loquitur
1227 3523 1270 3582 Ol.
1280 3525 1365 3600 Amy-

167 3607 276 3680 raldua,
294 3604 376 3681 Disp.
392 3603 428 3661 de
442 3603 535 3662 tribus
549 3603 664 3661 Foeder.
679 3603 734 3661 Th.
751 3606 797 3662 ll.

209 3684 270 3742 ΙΙΙ.
293 3683 421 3759 Recepta
435 3702 504 3740 vero
518 3680 596 3758 apud
610 3682 795 3742 Orthodoxos
816 3682 959 3742 sententia
978 3689 1031 3755 est,
1048 3681 1270 3740 Promissionem
1284 3680 1364 3740 Ada-

167 3762 336 3838 modeim,
351 3781 410 3820 non
423 3761 512 3820 fuisse
535 3769 648 3820 tantum
661 3762 730 3820 vitae
752 3762 845 3821 felicis
863 3761 1064 3820 continuandae
1088 3761 1117 3817 in
1142 3759 1288 3832 Paradiso,
1314 3759 1366 3818 sed

168 3842 294 3900 caelestis
309 3849 338 3900 et
352 3849 476 3915 aemma,
492 3840 630 3917 adquam
645 3841 811 3899 evehendus
825 3839 927 3898 fuisset
946 3839 1080 3897 Adamus
1100 3857 1215 3896 emenso
1230 3837 1365 3896 obedien·

167 3921 215 3979 tiss
229 3921 364 3998 perfectae
378 3928 408 3979 et
420 3919 631 3996 perseverantia
645 3919 796 3992 curriculo,
811 3918 890 3994 quod
905 3919 985 3977 Deus
998 3917 1041 3975 illi
1060 3917 1242 3994 praescriberc
1257 3917 1365 3977 voluis-

168 4008 213 4058 set
225 3999 264 4076 ad
277 4001 341 4078 ejus
355 3999 549 4058 obedientiam
563 3997 778 4075 explorandam.
821 3997 900 4056 Hinc
913 4004 1001 4074 patet,
1017 3997 1083 4055 Non
1099 3996 1197 4072 quaeri,
1219 3995 1270 4054 An
1284 3996 1364 4055 Ada-

167 4098 232 4138 mus
246 4079 470 4138 immortalitatis
483 4078 669 4156 privilegium
682 4076 815 4136 habuerit
828 4077 859 4135 in
873 4085 951 4136 statu
964 4077 1085 4153 integro,
1101 4075 1178 4152 quod
1192 4083 1278 4134 antea
1297 4096 1364 4134 con·

166 4164 212 4217 tra
227 4159 365 4218 Socinurn
378 4158 582 4235 probavimus:
606 4158 681 4233 Non,
697 4156 747 4215 An
760 4157 804 4215 illi
817 4156 969 4234 promissio
983 4155 1051 4215 data
1064 4155 1150 4214 fuerit
1170 4153 1316 4214 felicitatis
1336 4165 1366 4216 et

166 4236 235 4296 vitae
248 4246 388 4316 perpetuo
402 4237 556 4312 duratura,
580 4236 605 4296 si
625 4237 657 4295 in
676 4237 842 4314 integritate
863 4235 1055 4314 perstitisset,
1076 4234 1154 4311 quod
1178 4253 1236 4292 non
1257 4243 1366 4310 negant

167 4316 233 4374 Viri
248 4317 343 4392 Docti,
358 4317 499 4375 adversus
512 4336 586 4393 quos
595 4317 644 4375 hic
658 4316 788 4393 agimus:
812 4315 878 4392 Sed,
894 4315 944 4374 An
957 4312 1080 4375 felicitas
1097 4315 1148 4372 ills
1171 4321 1200 4372 ct
1213 4313 1274 4372 vita
1288 4321 1365 4372 tran-

166 4395 289 4473 sigenda
302 4396 389 4455 fuerit
402 4397 432 4453 in
447 4396 536 4471 coelis,
553 4395 602 4453 An
620 4404 730 4455 tannim
744 4397 776 4455 in
795 4404 872 4455 terra
893 4404 923 4456 ct
937 4395 1084 4454 Paradiso.
1126 4391 1273 4452 Posterius
1291 4392 1365 4451 affir-

166 4483 266 4535 mant·
289 4476 351 4534 Nos
385 4476 454 4534 rius.

209 4522 267 4614 1v.'
287 4495 427 4614 merdas
452 4561 527 4626 suns
552 4556 577 4611 1.
601 4553 675 4628 oute
696 4555 759 4614 Lex
784 4575 902 4632 operum
925 4554 1029 4614 ιιιιιι
1055 4552 1274 4632 promissionem
1298 4553 1366 4613 vae

167 4634 295 4694 coelestis
309 4643 338 4693 et
349 4643 482 4710 sternae3
506 4635 585 4710 Ergo
599 4634 686 4692 etism
701 4635 764 4693 Lex
780 4636 947 4713 praescripta
966 4635 1091 4709 Adamo,
1113 4633 1181 4712 quie
1201 4633 1302 4692 eadem
1322 4639 1367 4692 cst

199 2152 285 2198 Status
297 2151 379 2202 Quies·

250 2209 335 2256 tionis.
