<?xml version="1.0" encoding="UTF-8"?>
<!DOCTYPE html PUBLIC "-//W3C//DTD XHTML 1.0 Transitional//EN"
    "http://www.w3.org/TR/xhtml1/DTD/xhtml1-transitional.dtd">
<html xmlns="http://www.w3.org/1999/xhtml" xml:lang="en" lang="en">
 <head>
  <title>
</title>
<meta http-equiv="Content-Type" content="text/html;charset=utf-8" />
  <meta name='ocr-system' content='tesseract 3.04.00' />
  <meta name='ocr-capabilities' content='ocr_page ocr_carea ocr_par ocr_line ocrx_word'/>
</head>
<body>
  <div class='ocr_page' id='page_1' title='image "./francisciturret01pictgoog_0053.png"; bbox 0 0 3160 5194; ppageno 0'>
   <div class='ocr_carea' id='block_1_1' title="bbox 277 363 1048 428">
    <p class='ocr_par' dir='ltr' id='par_1_1' title="bbox 277 363 1048 428">
     <span class='ocr_line' id='line_1_1' title="bbox 277 363 1048 428; baseline -0.005 -2"><span class='ocrx_word' id='word_1_1' title='bbox 277 363 341 428; x_wconf 80' lang='lat' dir='ltr'>xlvi</span> <span class='ocrx_word' id='word_1_2' title='bbox 710 376 843 424; x_wconf 82' lang='lat' dir='ltr'>onnrro</span> <span class='ocrx_word' id='word_1_3' title='bbox 861 375 1048 425; x_wconf 83' lang='lat' dir='ltr'>runsuars.</span> 
     </span>
    </p>
   </div>
   <div class='ocr_carea' id='block_1_2' title="bbox 261 536 1505 4743">
    <p class='ocr_par' dir='ltr' id='par_1_2' title="bbox 261 536 1505 4743">
     <span class='ocr_line' id='line_1_2' title="bbox 277 536 1503 621; baseline -0.002 -15"><span class='ocrx_word' id='word_1_4' title='bbox 277 544 386 615; x_wconf 81' lang='lat' dir='ltr'>hebat3</span> <span class='ocrx_word' id='word_1_5' title='bbox 414 541 512 615; x_wconf 87' lang='lat' dir='ltr'>Eheu,</span> <span class='ocrx_word' id='word_1_6' title='bbox 525 559 585 602; x_wconf 93' lang='lat' dir='ltr'>nou</span> <span class='ocrx_word' id='word_1_7' title='bbox 595 539 665 603; x_wconf 84' lang='lat' dir='ltr'>fidei</span> <span class='ocrx_word' id='word_1_8' title='bbox 680 545 804 603; x_wconf 88' lang='lat' dir='ltr'>tantum</span> <span class='ocrx_word' id='word_1_9' title='bbox 815 547 870 604; x_wconf 83' lang='lat' dir='ltr'>aut</span> <span class='ocrx_word' id='word_1_10' title='bbox 882 539 959 621; x_wconf 87' lang='lat' dir='ltr'>spei,</span> <span class='ocrx_word' id='word_1_11' title='bbox 972 539 1026 603; x_wconf 90' lang='lat' dir='ltr'>sed</span> <span class='ocrx_word' id='word_1_12' title='bbox 1041 545 1078 602; x_wconf 88' lang='lat' dir='ltr'>ut</span> <span class='ocrx_word' id='word_1_13' title='bbox 1092 537 1139 601; x_wconf 86' lang='lat' dir='ltr'>ita</span> <span class='ocrx_word' id='word_1_14' title='bbox 1153 537 1254 602; x_wconf 91' lang='lat' dir='ltr'>dicam</span> <span class='ocrx_word' id='word_1_15' title='bbox 1270 536 1370 618; x_wconf 89' lang='lat' dir='ltr'>ipsius</span> <span class='ocrx_word' id='word_1_16' title='bbox 1386 537 1503 620; x_wconf 78' lang='lat' dir='ltr'>gloria</span> 
     </span>
     <span class='ocr_line' id='line_1_3' title="bbox 277 637 1505 724; baseline -0.002 -20"><span class='ocrx_word' id='word_1_17' title='bbox 277 641 309 704; x_wconf 92' lang='lat' dir='ltr'>in</span> <span class='ocrx_word' id='word_1_18' title='bbox 325 661 362 703; x_wconf 91' lang='lat' dir='ltr'>eo</span> <span class='ocrx_word' id='word_1_19' title='bbox 378 637 549 702; x_wconf 79' lang='lat' dir='ltr'>revelanda</span> <span class='ocrx_word' id='word_1_20' title='bbox 567 637 733 702; x_wconf 85' lang='lat' dir='ltr'>stricturas</span> <span class='ocrx_word' id='word_1_21' title='bbox 750 637 904 720; x_wconf 85' lang='lat' dir='ltr'>exipsius</span> <span class='ocrx_word' id='word_1_22' title='bbox 920 659 974 702; x_wconf 90' lang='lat' dir='ltr'>ore</span> <span class='ocrx_word' id='word_1_23' title='bbox 991 638 1159 702; x_wconf 73' lang='lat' dir='ltr'>emicantes</span> <span class='ocrx_word' id='word_1_24' title='bbox 1176 637 1349 724; x_wconf 79' lang='lat' dir='ltr'>etiamnum</span> <span class='ocrx_word' id='word_1_25' title='bbox 1363 657 1505 704; x_wconf 84' lang='lat' dir='ltr'>cernere</span> 
     </span>
     <span class='ocr_line' id='line_1_4' title="bbox 277 736 1503 817; baseline -0.002 -16"><span class='ocrx_word' id='word_1_26' title='bbox 277 737 352 801; x_wconf 92' lang='lat' dir='ltr'>mihi</span> <span class='ocrx_word' id='word_1_27' title='bbox 365 736 480 812; x_wconf 75' lang='lat' dir='ltr'>uideor,</span> <span class='ocrx_word' id='word_1_28' title='bbox 497 747 529 800; x_wconf 86' lang='lat' dir='ltr'>et</span> <span class='ocrx_word' id='word_1_29' title='bbox 547 736 698 816; x_wconf 80' lang='lat' dir='ltr'>supremis</span> <span class='ocrx_word' id='word_1_30' title='bbox 710 738 837 802; x_wconf 80' lang='lat' dir='ltr'>vocibus</span> <span class='ocrx_word' id='word_1_31' title='bbox 854 737 932 800; x_wconf 88' lang='lat' dir='ltr'>nihil</span> <span class='ocrx_word' id='word_1_32' title='bbox 956 736 1089 817; x_wconf 80' lang='lat' dir='ltr'>amplius</span> <span class='ocrx_word' id='word_1_33' title='bbox 1103 737 1272 800; x_wconf 86' lang='lat' dir='ltr'>humanum</span> <span class='ocrx_word' id='word_1_34' title='bbox 1296 736 1503 816; x_wconf 76' lang='lat' dir='ltr'>spirantibus</span> 
     </span>
     <span class='ocr_line' id='line_1_5' title="bbox 278 835 1503 916; baseline 0 -18"><span class='ocrx_word' id='word_1_35' title='bbox 278 855 368 898; x_wconf 91' lang='lat' dir='ltr'>aures</span> <span class='ocrx_word' id='word_1_36' title='bbox 384 855 459 898; x_wconf 79' lang='lat' dir='ltr'>mea</span> <span class='ocrx_word' id='word_1_37' title='bbox 477 835 578 898; x_wconf 92' lang='lat' dir='ltr'>adhuc</span> <span class='ocrx_word' id='word_1_38' title='bbox 597 843 775 916; x_wconf 88' lang='lat' dir='ltr'>personant.</span> <span class='ocrx_word' id='word_1_39' title='bbox 829 835 918 900; x_wconf 87' lang='lat' dir='ltr'>Hora</span> <span class='ocrx_word' id='word_1_40' title='bbox 942 835 1074 916; x_wconf 87' lang='lat' dir='ltr'>septima</span> <span class='ocrx_word' id='word_1_41' title='bbox 1099 835 1232 899; x_wconf 88' lang='lat' dir='ltr'>deficere</span> <span class='ocrx_word' id='word_1_42' title='bbox 1252 835 1358 916; x_wconf 84' lang='lat' dir='ltr'>coepit,</span> <span class='ocrx_word' id='word_1_43' title='bbox 1377 843 1417 900; x_wconf 89' lang='lat' dir='ltr'>et</span> <span class='ocrx_word' id='word_1_44' title='bbox 1433 836 1503 916; x_wconf 86' lang='lat' dir='ltr'>ejus</span> 
     </span>
     <span class='ocr_line' id='line_1_6' title="bbox 277 933 1502 1010; baseline 0.001 -15"><span class='ocrx_word' id='word_1_45' title='bbox 277 934 510 998; x_wconf 86' lang='lat' dir='ltr'>tabernaculum</span> <span class='ocrx_word' id='word_1_46' title='bbox 527 935 672 998; x_wconf 89' lang='lat' dir='ltr'>fatiscere</span> <span class='ocrx_word' id='word_1_47' title='bbox 686 935 785 1000; x_wconf 82' lang='lat' dir='ltr'>risum</span> <span class='ocrx_word' id='word_1_48' title='bbox 804 940 862 1010; x_wconf 91' lang='lat' dir='ltr'>est,</span> <span class='ocrx_word' id='word_1_49' title='bbox 880 934 969 998; x_wconf 91' lang='lat' dir='ltr'>nohis</span> <span class='ocrx_word' id='word_1_50' title='bbox 985 934 1127 997; x_wconf 89' lang='lat' dir='ltr'>ultimum</span> <span class='ocrx_word' id='word_1_51' title='bbox 1140 933 1209 997; x_wconf 84' lang='lat' dir='ltr'>ruis</span> <span class='ocrx_word' id='word_1_52' title='bbox 1225 933 1318 1010; x_wconf 84' lang='lat' dir='ltr'>dixit,</span> <span class='ocrx_word' id='word_1_53' title='bbox 1336 940 1372 998; x_wconf 86' lang='lat' dir='ltr'>et</span> <span class='ocrx_word' id='word_1_54' title='bbox 1389 955 1436 998; x_wconf 82' lang='lat' dir='ltr'>ex</span> <span class='ocrx_word' id='word_1_55' title='bbox 1454 933 1502 996; x_wconf 90' lang='lat' dir='ltr'>in·</span> 
     </span>
     <span class='ocr_line' id='line_1_7' title="bbox 276 1031 1504 1113; baseline 0.003 -21"><span class='ocrx_word' id='word_1_56' title='bbox 276 1031 361 1094; x_wconf 88' lang='lat' dir='ltr'>timis</span> <span class='ocrx_word' id='word_1_57' title='bbox 373 1031 542 1095; x_wconf 77' lang='lat' dir='ltr'>visceribus</span> <span class='ocrx_word' id='word_1_58' title='bbox 554 1032 622 1096; x_wconf 88' lang='lat' dir='ltr'>Deo</span> <span class='ocrx_word' id='word_1_59' title='bbox 639 1033 874 1098; x_wconf 86' lang='lat' dir='ltr'>commendavit.</span> <span class='ocrx_word' id='word_1_60' title='bbox 925 1031 1074 1097; x_wconf 83' lang='lat' dir='ltr'>Pnecibus</span> <span class='ocrx_word' id='word_1_61' title='bbox 1085 1032 1203 1096; x_wconf 80' lang='lat' dir='ltr'>nostris</span> <span class='ocrx_word' id='word_1_62' title='bbox 1219 1032 1331 1096; x_wconf 66' lang='lat' dir='ltr'>caelum</span> <span class='ocrx_word' id='word_1_63' title='bbox 1347 1053 1504 1113; x_wconf 83' lang='lat' dir='ltr'>perrum-</span> 
     </span>
     <span class='ocr_line' id='line_1_8' title="bbox 276 1130 1501 1210; baseline 0.002 -18"><span class='ocrx_word' id='word_1_64' title='bbox 276 1130 387 1210; x_wconf 89' lang='lat' dir='ltr'>pimus,</span> <span class='ocrx_word' id='word_1_65' title='bbox 405 1135 438 1192; x_wconf 92' lang='lat' dir='ltr'>et</span> <span class='ocrx_word' id='word_1_66' title='bbox 455 1151 523 1194; x_wconf 90' lang='lat' dir='ltr'>cnm</span> <span class='ocrx_word' id='word_1_67' title='bbox 541 1130 743 1195; x_wconf 85' lang='lat' dir='ltr'>Reverendus</span> <span class='ocrx_word' id='word_1_68' title='bbox 759 1131 872 1195; x_wconf 84' lang='lat' dir='ltr'>Pastor</span> <span class='ocrx_word' id='word_1_69' title='bbox 888 1131 1081 1195; x_wconf 80' lang='lat' dir='ltr'>Berncrdm</span> <span class='ocrx_word' id='word_1_70' title='bbox 1105 1130 1193 1193; x_wconf 94' lang='lat' dir='ltr'>illum</span> <span class='ocrx_word' id='word_1_71' title='bbox 1217 1137 1371 1210; x_wconf 68' lang='lat' dir='ltr'>meamet,</span> <span class='ocrx_word' id='word_1_72' title='bbox 1391 1137 1436 1194; x_wconf 90' lang='lat' dir='ltr'>ut</span> <span class='ocrx_word' id='word_1_73' title='bbox 1452 1152 1501 1194; x_wconf 89' lang='lat' dir='ltr'>re·</span> 
     </span>
     <span class='ocr_line' id='line_1_9' title="bbox 277 1227 1501 1310; baseline 0.002 -18"><span class='ocrx_word' id='word_1_74' title='bbox 277 1228 457 1292; x_wconf 87' lang='lat' dir='ltr'>cordaretur</span> <span class='ocrx_word' id='word_1_75' title='bbox 472 1227 645 1307; x_wconf 70' lang='lat' dir='ltr'>Contionis,</span> <span class='ocrx_word' id='word_1_76' title='bbox 664 1251 754 1310; x_wconf 89' lang='lat' dir='ltr'>quam</span> <span class='ocrx_word' id='word_1_77' title='bbox 779 1231 919 1294; x_wconf 90' lang='lat' dir='ltr'>ultimam</span> <span class='ocrx_word' id='word_1_78' title='bbox 936 1231 1089 1293; x_wconf 82' lang='lat' dir='ltr'>habuerat</span> <span class='ocrx_word' id='word_1_79' title='bbox 1105 1229 1145 1292; x_wconf 93' lang='lat' dir='ltr'>ad</span> <span class='ocrx_word' id='word_1_80' title='bbox 1161 1229 1309 1310; x_wconf 92' lang='lat' dir='ltr'>populum</span> <span class='ocrx_word' id='word_1_81' title='bbox 1327 1229 1381 1294; x_wconf 88' lang='lat' dir='ltr'>die</span> <span class='ocrx_word' id='word_1_82' title='bbox 1401 1249 1501 1294; x_wconf 77' lang='lat' dir='ltr'>sacra</span> 
     </span>
     <span class='ocr_line' id='line_1_10' title="bbox 278 1324 1500 1410; baseline 0.001 -22"><span class='ocrx_word' id='word_1_83' title='bbox 278 1324 447 1407; x_wconf 82' lang='lat' dir='ltr'>Synaxoos,</span> <span class='ocrx_word' id='word_1_84' title='bbox 463 1327 496 1390; x_wconf 93' lang='lat' dir='ltr'>in</span> <span class='ocrx_word' id='word_1_85' title='bbox 524 1329 590 1392; x_wconf 82' lang='lat' dir='ltr'>haec</span> <span class='ocrx_word' id='word_1_86' title='bbox 604 1330 700 1392; x_wconf 82' lang='lat' dir='ltr'>verba</span> <span class='ocrx_word' id='word_1_87' title='bbox 712 1329 812 1404; x_wconf 92' lang='lat' dir='ltr'>Pauli,</span> <span class='ocrx_word' id='word_1_88' title='bbox 830 1330 954 1392; x_wconf 85' lang='lat' dir='ltr'>Eamus</span> <span class='ocrx_word' id='word_1_89' title='bbox 981 1331 1028 1391; x_wconf 83' lang='lat' dir='ltr'>ad</span> <span class='ocrx_word' id='word_1_90' title='bbox 1040 1349 1043 1356; x_wconf 72' lang='grc'><em>’</em></span> <span class='ocrx_word' id='word_1_91' title='bbox 1054 1329 1204 1391; x_wconf 75' lang='lat' dir='ltr'>thronum</span> <span class='ocrx_word' id='word_1_92' title='bbox 1227 1329 1356 1410; x_wconf 72' lang='lat' dir='ltr'>pratia,</span> <span class='ocrx_word' id='word_1_93' title='bbox 1384 1328 1500 1392; x_wconf 81' lang='lat' dir='ltr'>stat-im</span> 
     </span>
     <span class='ocr_line' id='line_1_11' title="bbox 278 1424 1501 1508; baseline 0.002 -20"><span class='ocrx_word' id='word_1_94' title='bbox 278 1424 463 1488; x_wconf 81' lang='lat' dir='ltr'>exclamavit</span> <span class='ocrx_word' id='word_1_95' title='bbox 486 1427 615 1503; x_wconf 79' lang='lat' dir='ltr'>Noster,</span> <span class='ocrx_word' id='word_1_96' title='bbox 631 1427 719 1507; x_wconf 90' lang='lat' dir='ltr'>quasi</span> <span class='ocrx_word' id='word_1_97' title='bbox 746 1427 912 1507; x_wconf 77' lang='lat' dir='ltr'>impatiens</span> <span class='ocrx_word' id='word_1_98' title='bbox 940 1447 1044 1502; x_wconf 78' lang='lat' dir='ltr'>mora,</span> <span class='ocrx_word' id='word_1_99' title='bbox 1060 1427 1196 1508; x_wconf 89' lang='lat' dir='ltr'>Eamus,</span> <span class='ocrx_word' id='word_1_100' title='bbox 1223 1427 1359 1492; x_wconf 84' lang='lat' dir='ltr'>Eamus.</span> <span class='ocrx_word' id='word_1_101' title='bbox 1420 1426 1501 1490; x_wconf 85' lang='lat' dir='ltr'>Haec</span> 
     </span>
     <span class='ocr_line' id='line_1_12' title="bbox 281 1523 1500 1604; baseline 0.002 -18"><span class='ocrx_word' id='word_1_102' title='bbox 281 1523 369 1588; x_wconf 89' lang='lat' dir='ltr'>diota</span> <span class='ocrx_word' id='word_1_103' title='bbox 384 1530 548 1603; x_wconf 83' lang='lat' dir='ltr'>postquam</span> <span class='ocrx_word' id='word_1_104' title='bbox 559 1525 691 1604; x_wconf 90' lang='lat' dir='ltr'>promsit</span> <span class='ocrx_word' id='word_1_105' title='bbox 707 1525 853 1590; x_wconf 87' lang='lat' dir='ltr'>ementis</span> <span class='ocrx_word' id='word_1_106' title='bbox 870 1526 948 1600; x_wconf 89' lang='lat' dir='ltr'>sinu,</span> <span class='ocrx_word' id='word_1_107' title='bbox 959 1524 1128 1604; x_wconf 86' lang='lat' dir='ltr'>tranquilla</span> <span class='ocrx_word' id='word_1_108' title='bbox 1142 1545 1226 1588; x_wconf 90' lang='lat' dir='ltr'>mors</span> <span class='ocrx_word' id='word_1_109' title='bbox 1242 1531 1279 1587; x_wconf 92' lang='lat' dir='ltr'>ut</span> <span class='ocrx_word' id='word_1_110' title='bbox 1293 1543 1429 1588; x_wconf 88' lang='lat' dir='ltr'>somnus</span> <span class='ocrx_word' id='word_1_111' title='bbox 1444 1527 1500 1588; x_wconf 87' lang='lat' dir='ltr'>ob-</span> 
     </span>
     <span class='ocr_line' id='line_1_13' title="bbox 277 1621 1501 1702; baseline 0.001 -17"><span class='ocrx_word' id='word_1_112' title='bbox 277 1623 374 1702; x_wconf 80' lang='lat' dir='ltr'>repit,</span> <span class='ocrx_word' id='word_1_113' title='bbox 392 1621 477 1684; x_wconf 90' lang='lat' dir='ltr'>mdlo</span> <span class='ocrx_word' id='word_1_114' title='bbox 493 1623 631 1702; x_wconf 90' lang='lat' dir='ltr'>corporis</span> <span class='ocrx_word' id='word_1_115' title='bbox 646 1643 803 1700; x_wconf 87' lang='lat' dir='ltr'>succussu,</span> <span class='ocrx_word' id='word_1_116' title='bbox 821 1624 906 1686; x_wconf 90' lang='lat' dir='ltr'>nulla</span> <span class='ocrx_word' id='word_1_117' title='bbox 919 1623 992 1700; x_wconf 90' lang='lat' dir='ltr'>oris,</span> <span class='ocrx_word' id='word_1_118' title='bbox 1018 1623 1175 1688; x_wconf 88' lang='lat' dir='ltr'>oculorum</span> <span class='ocrx_word' id='word_1_119' title='bbox 1190 1623 1393 1699; x_wconf 88' lang='lat' dir='ltr'>distorsione,</span> <span class='ocrx_word' id='word_1_120' title='bbox 1410 1623 1501 1686; x_wconf 91' lang='lat' dir='ltr'>nullo</span> 
     </span>
     <span class='ocr_line' id='line_1_14' title="bbox 285 1719 1500 1801; baseline 0.002 -19"><span class='ocrx_word' id='word_1_121' title='bbox 285 1719 420 1801; x_wconf 83' lang='lat' dir='ltr'>pectoris</span> <span class='ocrx_word' id='word_1_122' title='bbox 432 1720 587 1801; x_wconf 85' lang='lat' dir='ltr'>singultu;</span> <span class='ocrx_word' id='word_1_123' title='bbox 605 1727 672 1783; x_wconf 90' lang='lat' dir='ltr'>turn</span> <span class='ocrx_word' id='word_1_124' title='bbox 688 1721 773 1785; x_wconf 89' lang='lat' dir='ltr'>lenta</span> <span class='ocrx_word' id='word_1_125' title='bbox 787 1722 872 1784; x_wconf 89' lang='lat' dir='ltr'>letho</span> <span class='ocrx_word' id='word_1_126' title='bbox 887 1721 1004 1784; x_wconf 84' lang='lat' dir='ltr'>labitur</span> <span class='ocrx_word' id='word_1_127' title='bbox 1018 1721 1123 1785; x_wconf 79' lang='lat' dir='ltr'>cervix</span> <span class='ocrx_word' id='word_1_128' title='bbox 1138 1721 1224 1785; x_wconf 77' lang='lat' dir='ltr'>uelut</span> <span class='ocrx_word' id='word_1_129' title='bbox 1238 1721 1398 1786; x_wconf 88' lang='lat' dir='ltr'>defectum</span> <span class='ocrx_word' id='word_1_130' title='bbox 1415 1722 1500 1786; x_wconf 78' lang='lat' dir='ltr'>oliuo</span> 
     </span>
     <span class='ocr_line' id='line_1_15' title="bbox 281 1818 1350 1901; baseline 0.002 -21"><span class='ocrx_word' id='word_1_131' title='bbox 281 1818 394 1894; x_wconf 92' lang='lat' dir='ltr'>lnmen,</span> <span class='ocrx_word' id='word_1_132' title='bbox 411 1825 467 1881; x_wconf 87' lang='lat' dir='ltr'>aut</span> <span class='ocrx_word' id='word_1_133' title='bbox 481 1839 625 1899; x_wconf 89' lang='lat' dir='ltr'>quassum</span> <span class='ocrx_word' id='word_1_134' title='bbox 640 1820 728 1901; x_wconf 80' lang='lat' dir='ltr'>gravi</span> <span class='ocrx_word' id='word_1_135' title='bbox 744 1839 880 1901; x_wconf 78' lang='lat' dir='ltr'>papaver</span> <span class='ocrx_word' id='word_1_136' title='bbox 894 1840 969 1882; x_wconf 89' lang='lat' dir='ltr'>aura</span> <span class='ocrx_word' id='word_1_137' title='bbox 985 1818 1076 1882; x_wconf 91' lang='lat' dir='ltr'>molle</span> <span class='ocrx_word' id='word_1_138' title='bbox 1091 1819 1231 1882; x_wconf 89' lang='lat' dir='ltr'>demittit</span> <span class='ocrx_word' id='word_1_139' title='bbox 1245 1827 1350 1900; x_wconf 87' lang='lat' dir='ltr'>caput.</span> 
     </span>
     <span class='ocr_line' id='line_1_16' title="bbox 328 1915 1497 2000; baseline 0.003 -21"><span class='ocrx_word' id='word_1_140' title='bbox 328 1915 380 1980; x_wconf 81' lang='lat' dir='ltr'>sio</span> <span class='ocrx_word' id='word_1_141' title='bbox 396 1916 474 1980; x_wconf 89' lang='lat' dir='ltr'>obiit</span> <span class='ocrx_word' id='word_1_142' title='bbox 489 1916 550 1980; x_wconf 86' lang='lat' dir='ltr'>Vir</span> <span class='ocrx_word' id='word_1_143' title='bbox 565 1918 627 1982; x_wconf 86' lang='lat' dir='ltr'>iste</span> <span class='ocrx_word' id='word_1_144' title='bbox 649 1939 778 2000; x_wconf 81' lang='lat' dir='ltr'>magnus</span> <span class='ocrx_word' id='word_1_145' title='bbox 804 1939 900 1982; x_wconf 88' lang='lat' dir='ltr'>annos</span> <span class='ocrx_word' id='word_1_146' title='bbox 919 1919 963 1982; x_wconf 89' lang='grc'>64</span> <span class='ocrx_word' id='word_1_147' title='bbox 981 1925 1092 1992; x_wconf 89' lang='lat' dir='ltr'>natus;</span> <span class='ocrx_word' id='word_1_148' title='bbox 1118 1918 1163 1982; x_wconf 90' lang='lat' dir='ltr'>sic</span> <span class='ocrx_word' id='word_1_149' title='bbox 1180 1925 1333 1982; x_wconf 86' lang='lat' dir='ltr'>assertum</span> <span class='ocrx_word' id='word_1_150' title='bbox 1350 1927 1388 1983; x_wconf 87' lang='lat' dir='ltr'>et</span> <span class='ocrx_word' id='word_1_151' title='bbox 1404 1919 1497 1983; x_wconf 82' lang='lat' dir='ltr'>redo</span> 
     </span>
     <span class='ocr_line' id='line_1_17' title="bbox 278 2016 1499 2099; baseline 0.001 -21"><span class='ocrx_word' id='word_1_152' title='bbox 278 2021 387 2078; x_wconf 89' lang='lat' dir='ltr'>natum</span> <span class='ocrx_word' id='word_1_153' title='bbox 403 2023 453 2080; x_wconf 86' lang='lat' dir='ltr'>est</span> <span class='ocrx_word' id='word_1_154' title='bbox 476 2016 579 2097; x_wconf 84' lang='lat' dir='ltr'>patrio</span> <span class='ocrx_word' id='word_1_155' title='bbox 595 2018 672 2080; x_wconf 74' lang='lat' dir='ltr'>coslo</span> <span class='ocrx_word' id='word_1_156' title='bbox 687 2018 790 2082; x_wconf 89' lang='lat' dir='ltr'>nobile</span> <span class='ocrx_word' id='word_1_157' title='bbox 805 2016 880 2080; x_wconf 93' lang='lat' dir='ltr'>illud</span> <span class='ocrx_word' id='word_1_158' title='bbox 904 2017 1015 2099; x_wconf 84' lang='lat' dir='ltr'>pignus</span> <span class='ocrx_word' id='word_1_159' title='bbox 1032 2037 1069 2080; x_wconf 88' lang='lat' dir='ltr'>ac</span> <span class='ocrx_word' id='word_1_160' title='bbox 1084 2016 1258 2097; x_wconf 88' lang='lat' dir='ltr'>depositum</span> <span class='ocrx_word' id='word_1_161' title='bbox 1274 2018 1356 2097; x_wconf 90' lang='lat' dir='ltr'>quod</span> <span class='ocrx_word' id='word_1_162' title='bbox 1374 2017 1499 2081; x_wconf 78' lang='lat' dir='ltr'>nasu-is</span> 
     </span>
     <span class='ocr_line' id='line_1_18' title="bbox 277 2112 1498 2190; baseline 0.001 -12"><span class='ocrx_word' id='word_1_163' title='bbox 277 2115 372 2178; x_wconf 90' lang='lat' dir='ltr'>terris</span> <span class='ocrx_word' id='word_1_164' title='bbox 388 2115 596 2178; x_wconf 85' lang='lat' dir='ltr'>commodarat</span> <span class='ocrx_word' id='word_1_165' title='bbox 619 2116 716 2179; x_wconf 87' lang='lat' dir='ltr'>Deus.</span> <span class='ocrx_word' id='word_1_166' title='bbox 768 2117 845 2179; x_wconf 87' lang='lat' dir='ltr'>Oto</span> <span class='ocrx_word' id='word_1_167' title='bbox 860 2116 989 2190; x_wconf 89' lang='lat' dir='ltr'>felicem,</span> <span class='ocrx_word' id='word_1_168' title='bbox 1007 2135 1096 2178; x_wconf 89' lang='lat' dir='ltr'>onos</span> <span class='ocrx_word' id='word_1_169' title='bbox 1121 2112 1277 2177; x_wconf 83' lang='lat' dir='ltr'>infelices!</span> <span class='ocrx_word' id='word_1_170' title='bbox 1331 2115 1384 2178; x_wconf 78' lang='lat' dir='ltr'>&#39;ln</span> <span class='ocrx_word' id='word_1_171' title='bbox 1413 2135 1498 2179; x_wconf 87' lang='lat' dir='ltr'>nnnc</span> 
     </span>
     <span class='ocr_line' id='line_1_19' title="bbox 278 2210 1497 2291; baseline 0.002 -16"><span class='ocrx_word' id='word_1_172' title='bbox 278 2212 359 2276; x_wconf 91' lang='lat' dir='ltr'>mole</span> <span class='ocrx_word' id='word_1_173' title='bbox 375 2213 511 2291; x_wconf 90' lang='lat' dir='ltr'>corporis</span> <span class='ocrx_word' id='word_1_174' title='bbox 528 2213 646 2275; x_wconf 89' lang='lat' dir='ltr'>solutus</span> <span class='ocrx_word' id='word_1_175' title='bbox 664 2213 803 2276; x_wconf 76' lang='lat' dir='ltr'>colossos</span> <span class='ocrx_word' id='word_1_176' title='bbox 820 2214 912 2274; x_wconf 89' lang='lat' dir='ltr'>orbes</span> <span class='ocrx_word' id='word_1_177' title='bbox 937 2210 1142 2290; x_wconf 85' lang='lat' dir='ltr'>perambulas,</span> <span class='ocrx_word' id='word_1_178' title='bbox 1160 2211 1254 2272; x_wconf 88' lang='lat' dir='ltr'>beato</span> <span class='ocrx_word' id='word_1_179' title='bbox 1271 2211 1426 2276; x_wconf 70' lang='lat' dir='ltr'>uelitum</span> <span class='ocrx_word' id='word_1_180' title='bbox 1447 2215 1497 2277; x_wconf 89' lang='lat' dir='ltr'>ad-</span> 
     </span>
     <span class='ocr_line' id='line_1_20' title="bbox 277 2305 1495 2386; baseline 0.002 -14"><span class='ocrx_word' id='word_1_181' title='bbox 277 2309 411 2386; x_wconf 90' lang='lat' dir='ltr'>scriptus</span> <span class='ocrx_word' id='word_1_182' title='bbox 428 2309 523 2370; x_wconf 93' lang='lat' dir='ltr'>choro</span> <span class='ocrx_word' id='word_1_183' title='bbox 534 2309 668 2368; x_wconf 89' lang='lat' dir='ltr'>humana</span> <span class='ocrx_word' id='word_1_184' title='bbox 684 2315 796 2369; x_wconf 90' lang='lat' dir='ltr'>cuncta</span> <span class='ocrx_word' id='word_1_185' title='bbox 810 2307 932 2385; x_wconf 89' lang='lat' dir='ltr'>temnis,</span> <span class='ocrx_word' id='word_1_186' title='bbox 949 2313 982 2368; x_wconf 90' lang='lat' dir='ltr'>ot</span> <span class='ocrx_word' id='word_1_187' title='bbox 996 2307 1054 2367; x_wconf 90' lang='lat' dir='ltr'>sub</span> <span class='ocrx_word' id='word_1_188' title='bbox 1071 2312 1105 2367; x_wconf 89' lang='lat' dir='ltr'>te</span> <span class='ocrx_word' id='word_1_189' title='bbox 1121 2305 1207 2369; x_wconf 84' lang='lat' dir='ltr'>vides</span> <span class='ocrx_word' id='word_1_190' title='bbox 1224 2306 1345 2371; x_wconf 87' lang='lat' dir='ltr'>telluris</span> <span class='ocrx_word' id='word_1_191' title='bbox 1362 2313 1495 2386; x_wconf 81' lang='lat' dir='ltr'>orhem3</span> 
     </span>
     <span class='ocr_line' id='line_1_21' title="bbox 280 2401 1496 2484; baseline 0.006 -18"><span class='ocrx_word' id='word_1_192' title='bbox 280 2425 320 2466; x_wconf 89' lang='lat' dir='ltr'>ex</span> <span class='ocrx_word' id='word_1_193' title='bbox 335 2403 451 2482; x_wconf 85' lang='lat' dir='ltr'>lugenti</span> <span class='ocrx_word' id='word_1_194' title='bbox 467 2422 575 2480; x_wconf 88' lang='lat' dir='ltr'>campo</span> <span class='ocrx_word' id='word_1_195' title='bbox 589 2403 629 2462; x_wconf 93' lang='lat' dir='ltr'>ad</span> <span class='ocrx_word' id='word_1_196' title='bbox 645 2402 865 2480; x_wconf 85' lang='lat' dir='ltr'>sempiternam</span> <span class='ocrx_word' id='word_1_197' title='bbox 879 2401 1081 2484; x_wconf 71' lang='lat' dir='ltr'>foelicitatem,</span> <span class='ocrx_word' id='word_1_198' title='bbox 1092 2421 1132 2465; x_wconf 88' lang='lat' dir='ltr'>ex</span> <span class='ocrx_word' id='word_1_199' title='bbox 1146 2404 1348 2471; x_wconf 83' lang='lat' dir='ltr'>mortalitatis</span> <span class='ocrx_word' id='word_1_200' title='bbox 1362 2429 1496 2475; x_wconf 83' lang='lat' dir='ltr'>carcere</span> 
     </span>
     <span class='ocr_line' id='line_1_22' title="bbox 278 2497 1495 2585; baseline 0.009 -24"><span class='ocrx_word' id='word_1_201' title='bbox 278 2499 424 2562; x_wconf 74' lang='lat' dir='ltr'>advitam</span> <span class='ocrx_word' id='word_1_202' title='bbox 440 2517 507 2560; x_wconf 86' lang='lat' dir='ltr'>eam</span> <span class='ocrx_word' id='word_1_203' title='bbox 522 2497 739 2578; x_wconf 83' lang='lat' dir='ltr'>commigrasti,</span> <span class='ocrx_word' id='word_1_204' title='bbox 750 2518 818 2579; x_wconf 86' lang='lat' dir='ltr'>ques</span> <span class='ocrx_word' id='word_1_205' title='bbox 828 2519 886 2564; x_wconf 87' lang='lat' dir='ltr'>nco</span> <span class='ocrx_word' id='word_1_206' title='bbox 900 2505 1073 2580; x_wconf 90' lang='lat' dir='ltr'>temporum</span> <span class='ocrx_word' id='word_1_207' title='bbox 1087 2502 1190 2585; x_wconf 89' lang='lat' dir='ltr'>metis,</span> <span class='ocrx_word' id='word_1_208' title='bbox 1206 2523 1263 2568; x_wconf 88' lang='lat' dir='ltr'>nec</span> <span class='ocrx_word' id='word_1_209' title='bbox 1279 2505 1495 2572; x_wconf 87' lang='lat' dir='ltr'>beatitudinis</span> 
     </span>
     <span class='ocr_line' id='line_1_23' title="bbox 277 2593 1493 2686; baseline 0.009 -28"><span class='ocrx_word' id='word_1_210' title='bbox 277 2596 368 2658; x_wconf 91' lang='lat' dir='ltr'>modo</span> <span class='ocrx_word' id='word_1_211' title='bbox 387 2593 667 2671; x_wconf 82' lang='lat' dir='ltr'>circumscribitur3</span> <span class='ocrx_word' id='word_1_212' title='bbox 693 2595 726 2658; x_wconf 91' lang='lat' dir='ltr'>N</span> <span class='ocrx_word' id='word_1_213' title='bbox 728 2617 762 2660; x_wconf 89' lang='lat' dir='ltr'>os</span> <span class='ocrx_word' id='word_1_214' title='bbox 778 2597 810 2660; x_wconf 93' lang='lat' dir='ltr'>in</span> <span class='ocrx_word' id='word_1_215' title='bbox 827 2599 885 2663; x_wconf 91' lang='lat' dir='ltr'>hac</span> <span class='ocrx_word' id='word_1_216' title='bbox 911 2600 1016 2662; x_wconf 93' lang='lat' dir='ltr'>mundi</span> <span class='ocrx_word' id='word_1_217' title='bbox 1034 2600 1098 2680; x_wconf 89' lang='lat' dir='ltr'>pila</span> <span class='ocrx_word' id='word_1_218' title='bbox 1114 2602 1222 2681; x_wconf 91' lang='lat' dir='ltr'>procul</span> <span class='ocrx_word' id='word_1_219' title='bbox 1236 2623 1387 2686; x_wconf 81' lang='lat' dir='ltr'>vagamur</span> <span class='ocrx_word' id='word_1_220' title='bbox 1403 2627 1427 2670; x_wconf 91' lang='lat' dir='ltr'>a</span> <span class='ocrx_word' id='word_1_221' title='bbox 1442 2627 1493 2672; x_wconf 91' lang='lat' dir='ltr'>su-</span> 
     </span>
     <span class='ocr_line' id='line_1_24' title="bbox 277 2691 1491 2788; baseline 0.013 -36"><span class='ocrx_word' id='word_1_222' title='bbox 277 2691 384 2773; x_wconf 84' lang='lat' dir='ltr'>pernis</span> <span class='ocrx_word' id='word_1_223' title='bbox 398 2691 532 2768; x_wconf 89' lang='lat' dir='ltr'>sedibus,</span> <span class='ocrx_word' id='word_1_224' title='bbox 549 2693 712 2774; x_wconf 87' lang='lat' dir='ltr'>patrioque</span> <span class='ocrx_word' id='word_1_225' title='bbox 727 2696 811 2759; x_wconf 80' lang='lat' dir='ltr'>culo.</span> <span class='ocrx_word' id='word_1_226' title='bbox 864 2697 912 2759; x_wconf 81' lang='lat' dir='ltr'>Tu</span> <span class='ocrx_word' id='word_1_227' title='bbox 926 2698 1058 2777; x_wconf 88' lang='lat' dir='ltr'>quiescis</span> <span class='ocrx_word' id='word_1_228' title='bbox 1073 2699 1105 2762; x_wconf 93' lang='lat' dir='ltr'>in</span> <span class='ocrx_word' id='word_1_229' title='bbox 1121 2701 1200 2764; x_wconf 81' lang='lat' dir='ltr'>vado</span> <span class='ocrx_word' id='word_1_230' title='bbox 1213 2702 1399 2788; x_wconf 71' lang='lat' dir='ltr'>foelicitatis,</span> <span class='ocrx_word' id='word_1_231' title='bbox 1427 2706 1491 2768; x_wconf 94' lang='lat' dir='ltr'>imo</span> 
     </span>
     <span class='ocr_line' id='line_1_25' title="bbox 270 2789 1490 2880; baseline 0.014 -29"><span class='ocrx_word' id='word_1_232' title='bbox 270 2791 395 2851; x_wconf 87' lang='lat' dir='ltr'>functus</span> <span class='ocrx_word' id='word_1_233' title='bbox 410 2789 467 2852; x_wconf 82' lang='lat' dir='ltr'>avi</span> <span class='ocrx_word' id='word_1_234' title='bbox 486 2809 592 2854; x_wconf 89' lang='lat' dir='ltr'>errore</span> <span class='ocrx_word' id='word_1_235' title='bbox 602 2792 669 2871; x_wconf 89' lang='lat' dir='ltr'>jam</span> <span class='ocrx_word' id='word_1_236' title='bbox 684 2801 809 2873; x_wconf 92' lang='lat' dir='ltr'>portum</span> <span class='ocrx_word' id='word_1_237' title='bbox 826 2801 914 2860; x_wconf 89' lang='lat' dir='ltr'>tenes</span> <span class='ocrx_word' id='word_1_238' title='bbox 930 2795 984 2859; x_wconf 89' lang='lat' dir='ltr'>diu</span> <span class='ocrx_word' id='word_1_239' title='bbox 1001 2797 1128 2862; x_wconf 79' lang='lat' dir='ltr'>fervidis</span> <span class='ocrx_word' id='word_1_240' title='bbox 1143 2800 1283 2880; x_wconf 91' lang='lat' dir='ltr'>cupitum</span> <span class='ocrx_word' id='word_1_241' title='bbox 1299 2805 1490 2876; x_wconf 80' lang='lat' dir='ltr'>vocatibus;</span> 
     </span>
     <span class='ocr_line' id='line_1_26' title="bbox 269 2885 1489 2979; baseline 0.014 -31"><span class='ocrx_word' id='word_1_242' title='bbox 269 2885 338 2949; x_wconf 91' lang='lat' dir='ltr'>Nos</span> <span class='ocrx_word' id='word_1_243' title='bbox 363 2886 447 2949; x_wconf 86' lang='lat' dir='ltr'>iuter</span> <span class='ocrx_word' id='word_1_244' title='bbox 468 2889 630 2970; x_wconf 83' lang='lat' dir='ltr'>naufragia</span> <span class='ocrx_word' id='word_1_245' title='bbox 645 2898 679 2954; x_wconf 92' lang='lat' dir='ltr'>et</span> <span class='ocrx_word' id='word_1_246' title='bbox 702 2892 842 2972; x_wconf 88' lang='lat' dir='ltr'>scopulos</span> <span class='ocrx_word' id='word_1_247' title='bbox 858 2895 1027 2959; x_wconf 87' lang='lat' dir='ltr'>horrisonis</span> <span class='ocrx_word' id='word_1_248' title='bbox 1044 2896 1200 2977; x_wconf 82' lang='lat' dir='ltr'>agitamur</span> <span class='ocrx_word' id='word_1_249' title='bbox 1225 2900 1383 2979; x_wconf 86' lang='lat' dir='ltr'>procellis,</span> <span class='ocrx_word' id='word_1_250' title='bbox 1403 2921 1489 2965; x_wconf 88' lang='lat' dir='ltr'>nunc</span> 
     </span>
     <span class='ocr_line' id='line_1_27' title="bbox 267 2984 1485 3081; baseline 0.013 -35"><span class='ocrx_word' id='word_1_251' title='bbox 267 2984 379 3047; x_wconf 88' lang='lat' dir='ltr'>timore</span> <span class='ocrx_word' id='word_1_252' title='bbox 392 2986 528 3066; x_wconf 87' lang='lat' dir='ltr'>penduli,</span> <span class='ocrx_word' id='word_1_253' title='bbox 546 3007 627 3052; x_wconf 88' lang='lat' dir='ltr'>nuno</span> <span class='ocrx_word' id='word_1_254' title='bbox 644 3009 699 3070; x_wconf 90' lang='lat' dir='ltr'>spe</span> <span class='ocrx_word' id='word_1_255' title='bbox 715 2997 880 3057; x_wconf 88' lang='lat' dir='ltr'>tumentes.</span> <span class='ocrx_word' id='word_1_256' title='bbox 930 2993 998 3056; x_wconf 83' lang='lat' dir='ltr'>Pan</span> <span class='ocrx_word' id='word_1_257' title='bbox 1020 3001 1053 3057; x_wconf 87' lang='lat' dir='ltr'>te</span> <span class='ocrx_word' id='word_1_258' title='bbox 1079 2996 1153 3058; x_wconf 88' lang='lat' dir='ltr'>beat</span> <span class='ocrx_word' id='word_1_259' title='bbox 1175 3017 1324 3062; x_wconf 87' lang='lat' dir='ltr'>mansura</span> <span class='ocrx_word' id='word_1_260' title='bbox 1347 3019 1485 3081; x_wconf 86' lang='lat' dir='ltr'>semper,</span> 
     </span>
     <span class='ocr_line' id='line_1_28' title="bbox 269 3081 1483 3178; baseline 0.012 -33"><span class='ocrx_word' id='word_1_261' title='bbox 269 3081 336 3146; x_wconf 89' lang='lat' dir='ltr'>Nos</span> <span class='ocrx_word' id='word_1_262' title='bbox 352 3084 467 3163; x_wconf 85' lang='lat' dir='ltr'>premit</span> <span class='ocrx_word' id='word_1_263' title='bbox 482 3086 554 3149; x_wconf 82' lang='lat' dir='ltr'>vita</span> <span class='ocrx_word' id='word_1_264' title='bbox 571 3087 657 3151; x_wconf 88' lang='lat' dir='ltr'>labes</span> <span class='ocrx_word' id='word_1_265' title='bbox 682 3109 755 3152; x_wconf 87' lang='lat' dir='ltr'>mox</span> <span class='ocrx_word' id='word_1_266' title='bbox 781 3091 937 3155; x_wconf 82' lang='lat' dir='ltr'>desitura.</span> <span class='ocrx_word' id='word_1_267' title='bbox 988 3092 1076 3157; x_wconf 85' lang='lat' dir='ltr'>Mors</span> <span class='ocrx_word' id='word_1_268' title='bbox 1091 3101 1148 3157; x_wconf 85' lang='lat' dir='ltr'>tua</span> <span class='ocrx_word' id='word_1_269' title='bbox 1163 3095 1242 3178; x_wconf 82' lang='lat' dir='ltr'>finis</span> <span class='ocrx_word' id='word_1_270' title='bbox 1258 3106 1304 3160; x_wconf 84' lang='lat' dir='ltr'>est</span> <span class='ocrx_word' id='word_1_271' title='bbox 1322 3097 1483 3172; x_wconf 81' lang='lat' dir='ltr'>laborum,</span> 
     </span>
     <span class='ocr_line' id='line_1_29' title="bbox 268 3183 1484 3279; baseline 0.013 -37"><span class='ocrx_word' id='word_1_272' title='bbox 268 3183 409 3243; x_wconf 71' lang='lat' dir='ltr'>uictoria</span> <span class='ocrx_word' id='word_1_273' title='bbox 421 3188 660 3263; x_wconf 83' lang='lat' dir='ltr'>consummatio,</span> <span class='ocrx_word' id='word_1_274' title='bbox 666 3189 739 3250; x_wconf 85' lang='lat' dir='ltr'>uitoe</span> <span class='ocrx_word' id='word_1_275' title='bbox 748 3189 868 3273; x_wconf 81' lang='lat' dir='ltr'>janua,</span> <span class='ocrx_word' id='word_1_276' title='bbox 879 3191 1032 3274; x_wconf 78' lang='lat' dir='ltr'>perfecta</span> <span class='ocrx_word' id='word_1_277' title='bbox 1040 3195 1222 3258; x_wconf 81' lang='lat' dir='ltr'>securitatis</span> <span class='ocrx_word' id='word_1_278' title='bbox 1237 3197 1411 3279; x_wconf 64' lang='lat' dir='ltr'>inpressas,</span> <span class='ocrx_word' id='word_1_279' title='bbox 1422 3215 1484 3260; x_wconf 91' lang='lat' dir='ltr'>non</span> 
     </span>
     <span class='ocr_line' id='line_1_30' title="bbox 270 3277 1482 3380; baseline 0.016 -40"><span class='ocrx_word' id='word_1_280' title='bbox 270 3277 374 3340; x_wconf 84' lang='lat' dir='ltr'>exitus</span> <span class='ocrx_word' id='word_1_281' title='bbox 399 3285 458 3358; x_wconf 89' lang='lat' dir='ltr'>est,</span> <span class='ocrx_word' id='word_1_282' title='bbox 475 3281 529 3344; x_wconf 85' lang='lat' dir='ltr'>sed</span> <span class='ocrx_word' id='word_1_283' title='bbox 550 3283 590 3346; x_wconf 90' lang='lat' dir='ltr'>ad</span> <span class='ocrx_word' id='word_1_284' title='bbox 609 3286 817 3350; x_wconf 76' lang='lat' dir='ltr'>eternitatem</span> <span class='ocrx_word' id='word_1_285' title='bbox 842 3288 1003 3370; x_wconf 88' lang='lat' dir='ltr'>transitus,</span> <span class='ocrx_word' id='word_1_286' title='bbox 1025 3297 1053 3351; x_wconf 78' lang='lat' dir='ltr'>ot</span> <span class='ocrx_word' id='word_1_287' title='bbox 1071 3298 1154 3375; x_wconf 68' lang='grc' dir='ltr'><strong><em>φθορὰ</em></strong></span> <span class='ocrx_word' id='word_1_288' title='bbox 1170 3299 1255 3355; x_wconf 69' lang='grc' dir='ltr'>ἀλλὰ</span> <span class='ocrx_word' id='word_1_289' title='bbox 1271 3297 1344 3378; x_wconf 76' lang='grc' dir='ltr'><strong><em>ζωῆς</em></strong></span> <span class='ocrx_word' id='word_1_290' title='bbox 1360 3301 1482 3380; x_wconf 63' lang='grc' dir='ltr'>ἀφορμὴ,</span> 
     </span>
     <span class='ocr_line' id='line_1_31' title="bbox 269 3379 1479 3477; baseline 0.018 -43"><span class='ocrx_word' id='word_1_291' title='bbox 269 3379 316 3434; x_wconf 78' lang='grc' dir='ltr'>οὐκ</span> <span class='ocrx_word' id='word_1_292' title='bbox 338 3379 498 3452; x_wconf 65' lang='lat' dir='ltr'>apariendo,</span> <span class='ocrx_word' id='word_1_293' title='bbox 519 3387 603 3440; x_wconf 75' lang='grc' dir='ltr'>ἀλλὰ</span> <span class='ocrx_word' id='word_1_294' title='bbox 625 3386 783 3456; x_wconf 72' lang='grc' dir='ltr'>μετάβασις</span> <span class='ocrx_word' id='word_1_295' title='bbox 799 3393 863 3468; x_wconf 67' lang='grc' dir='ltr'>πρὸς</span> <span class='ocrx_word' id='word_1_296' title='bbox 888 3392 966 3460; x_wconf 69' lang='grc' dir='ltr'>τιμὴν</span> <span class='ocrx_word' id='word_1_297' title='bbox 987 3397 1036 3448; x_wconf 79' lang='lat' dir='ltr'>nal</span> <span class='ocrx_word' id='word_1_298' title='bbox 1057 3394 1151 3472; x_wconf 62' lang='grc' dir='ltr'><em>δρόμος</em></span> <span class='ocrx_word' id='word_1_299' title='bbox 1171 3397 1215 3452; x_wconf 77' lang='lat' dir='ltr'>ieri</span> <span class='ocrx_word' id='word_1_300' title='bbox 1242 3399 1302 3462; x_wconf 74' lang='lat' dir='ltr'>scic</span> <span class='ocrx_word' id='word_1_301' title='bbox 1323 3402 1479 3477; x_wconf 74' lang='grc' dir='ltr'><strong><em>στεφάνους.</em></strong></span> 
     </span>
     <span class='ocr_line' id='line_1_32' title="bbox 271 3468 1481 3572; baseline 0.019 -42"><span class='ocrx_word' id='word_1_302' title='bbox 271 3468 349 3531; x_wconf 85' lang='lat' dir='ltr'>Vita</span> <span class='ocrx_word' id='word_1_303' title='bbox 361 3489 423 3548; x_wconf 90' lang='lat' dir='ltr'>qua</span> <span class='ocrx_word' id='word_1_304' title='bbox 432 3471 499 3549; x_wconf 89' lang='lat' dir='ltr'>jam</span> <span class='ocrx_word' id='word_1_305' title='bbox 514 3475 625 3539; x_wconf 88' lang='lat' dir='ltr'>frueris</span> <span class='ocrx_word' id='word_1_306' title='bbox 641 3487 730 3541; x_wconf 86' lang='lat' dir='ltr'>certa</span> <span class='ocrx_word' id='word_1_307' title='bbox 747 3489 793 3543; x_wconf 86' lang='lat' dir='ltr'>cet</span> <span class='ocrx_word' id='word_1_308' title='bbox 808 3486 973 3560; x_wconf 73' lang='lat' dir='ltr'>securitas,</span> <span class='ocrx_word' id='word_1_309' title='bbox 988 3505 1104 3550; x_wconf 86' lang='lat' dir='ltr'>secura</span> <span class='ocrx_word' id='word_1_310' title='bbox 1119 3491 1343 3572; x_wconf 82' lang='lat' dir='ltr'>tranquillitas</span> <span class='ocrx_word' id='word_1_311' title='bbox 1348 3513 1361 3568; x_wconf 90' lang='lat'><em>;</em></span> <span class='ocrx_word' id='word_1_312' title='bbox 1389 3503 1481 3556; x_wconf 87' lang='lat' dir='ltr'>tran-</span> 
     </span>
     <span class='ocr_line' id='line_1_33' title="bbox 268 3565 1481 3672; baseline 0.02 -46"><span class='ocrx_word' id='word_1_313' title='bbox 268 3565 372 3648; x_wconf 80' lang='lat' dir='ltr'>quilla</span> <span class='ocrx_word' id='word_1_314' title='bbox 382 3568 545 3648; x_wconf 67' lang='lat' dir='ltr'>felicitas,</span> <span class='ocrx_word' id='word_1_315' title='bbox 554 3574 651 3655; x_wconf 79' lang='lat' dir='ltr'>salio</span> <span class='ocrx_word' id='word_1_316' title='bbox 666 3580 842 3644; x_wconf 69' lang='lat' dir='ltr'>alamitae.</span> <span class='ocrx_word' id='word_1_317' title='bbox 885 3582 933 3644; x_wconf 90' lang='lat' dir='ltr'>At</span> <span class='ocrx_word' id='word_1_318' title='bbox 944 3583 1010 3646; x_wconf 80' lang='lat' dir='ltr'>vita</span> <span class='ocrx_word' id='word_1_319' title='bbox 1027 3605 1118 3664; x_wconf 92' lang='lat' dir='ltr'>quam</span> <span class='ocrx_word' id='word_1_320' title='bbox 1136 3587 1236 3652; x_wconf 90' lang='lat' dir='ltr'>adhuc</span> <span class='ocrx_word' id='word_1_321' title='bbox 1248 3588 1391 3672; x_wconf 78' lang='lat' dir='ltr'>vivimus,</span> <span class='ocrx_word' id='word_1_322' title='bbox 1406 3591 1481 3653; x_wconf 81' lang='lat' dir='ltr'>Vita</span> 
     </span>
     <span class='ocr_line' id='line_1_34' title="bbox 270 3663 1481 3766; baseline 0.019 -40"><span class='ocrx_word' id='word_1_323' title='bbox 270 3672 316 3726; x_wconf 84' lang='lat' dir='ltr'>eet</span> <span class='ocrx_word' id='word_1_324' title='bbox 331 3663 439 3740; x_wconf 83' lang='lat' dir='ltr'>dubia,</span> <span class='ocrx_word' id='word_1_325' title='bbox 455 3669 522 3732; x_wconf 88' lang='lat' dir='ltr'>uita</span> <span class='ocrx_word' id='word_1_326' title='bbox 539 3689 631 3747; x_wconf 82' lang='lat' dir='ltr'>coeca,</span> <span class='ocrx_word' id='word_1_327' title='bbox 647 3675 716 3736; x_wconf 85' lang='lat' dir='ltr'>uita</span> <span class='ocrx_word' id='word_1_328' title='bbox 732 3697 923 3756; x_wconf 79' lang='lat' dir='ltr'>oerurnuosa,</span> <span class='ocrx_word' id='word_1_329' title='bbox 949 3703 1048 3764; x_wconf 79' lang='lat' dir='ltr'>quam</span> <span class='ocrx_word' id='word_1_330' title='bbox 1064 3684 1213 3749; x_wconf 73' lang='lat' dir='ltr'>lauinorcs</span> <span class='ocrx_word' id='word_1_331' title='bbox 1230 3690 1403 3766; x_wconf 84' lang='lat' dir='ltr'>tumidant,</span> <span class='ocrx_word' id='word_1_332' title='bbox 1421 3690 1481 3751; x_wconf 81' lang='lat' dir='ltr'>do-</span> 
     </span>
     <span class='ocr_line' id='line_1_35' title="bbox 271 3761 1477 3868; baseline 0.018 -44"><span class='ocrx_word' id='word_1_333' title='bbox 271 3761 354 3824; x_wconf 84' lang='lat' dir='ltr'>lores</span> <span class='ocrx_word' id='word_1_334' title='bbox 369 3770 550 3842; x_wconf 68' lang='lat' dir='ltr'>extenuant,</span> <span class='ocrx_word' id='word_1_335' title='bbox 573 3772 712 3834; x_wconf 84' lang='lat' dir='ltr'>ardores</span> <span class='ocrx_word' id='word_1_336' title='bbox 735 3777 907 3852; x_wconf 67' lang='lat' dir='ltr'>exsiccant,</span> <span class='ocrx_word' id='word_1_337' title='bbox 925 3790 1005 3844; x_wconf 75' lang='lat' dir='ltr'>atra</span> <span class='ocrx_word' id='word_1_338' title='bbox 1027 3783 1223 3859; x_wconf 82' lang='lat' dir='ltr'>morbidant,</span> <span class='ocrx_word' id='word_1_339' title='bbox 1252 3805 1331 3848; x_wconf 76' lang='lat' dir='ltr'>esoce</span> <span class='ocrx_word' id='word_1_340' title='bbox 1353 3787 1477 3868; x_wconf 74' lang='lat' dir='ltr'>inflant,</span> 
     </span>
     <span class='ocr_line' id='line_1_36' title="bbox 261 3859 1479 3964; baseline 0.023 -43"><span class='ocrx_word' id='word_1_341' title='bbox 261 3859 390 3944; x_wconf 79' lang='lat' dir='ltr'>jejunia</span> <span class='ocrx_word' id='word_1_342' title='bbox 412 3874 588 3948; x_wconf 76' lang='lat' dir='ltr'>macerem,</span> <span class='ocrx_word' id='word_1_343' title='bbox 607 3871 678 3952; x_wconf 82' lang='lat' dir='ltr'>joci</span> <span class='ocrx_word' id='word_1_344' title='bbox 695 3872 880 3952; x_wconf 84' lang='lat' dir='ltr'>dissolvunt,</span> <span class='ocrx_word' id='word_1_345' title='bbox 907 3881 1043 3943; x_wconf 72' lang='lat' dir='ltr'>tristitias</span> <span class='ocrx_word' id='word_1_346' title='bbox 1067 3891 1267 3964; x_wconf 86' lang='lat' dir='ltr'>consumunt,</span> <span class='ocrx_word' id='word_1_347' title='bbox 1294 3884 1479 3948; x_wconf 70' lang='lat' dir='ltr'>sollicitudo</span> 
     </span>
     <span class='ocr_line' id='line_1_37' title="bbox 268 3964 1479 4066; baseline 0.019 -48"><span class='ocrx_word' id='word_1_348' title='bbox 268 3964 423 4034; x_wconf 87' lang='lat' dir='ltr'>coarctat,</span> <span class='ocrx_word' id='word_1_349' title='bbox 438 3965 591 4028; x_wconf 76' lang='lat' dir='ltr'>securitas</span> <span class='ocrx_word' id='word_1_350' title='bbox 611 3968 741 4044; x_wconf 81' lang='lat' dir='ltr'>habetat,</span> <span class='ocrx_word' id='word_1_351' title='bbox 762 3972 882 4036; x_wconf 79' lang='lat' dir='ltr'>divitia</span> <span class='ocrx_word' id='word_1_352' title='bbox 903 3978 1069 4059; x_wconf 80' lang='lat' dir='ltr'>jactitant,</span> <span class='ocrx_word' id='word_1_353' title='bbox 1081 3989 1264 4061; x_wconf 83' lang='lat' dir='ltr'>paupertas</span> <span class='ocrx_word' id='word_1_354' title='bbox 1278 3982 1398 4066; x_wconf 66' lang='grc' dir='ltr'>ᾱιῇἰοὶι,</span> <span class='ocrx_word' id='word_1_355' title='bbox 1420 3982 1479 4065; x_wconf 83' lang='lat' dir='ltr'>ju-</span> 
     </span>
     <span class='ocr_line' id='line_1_38' title="bbox 268 4060 1476 4160; baseline 0.02 -46"><span class='ocrx_word' id='word_1_356' title='bbox 268 4062 376 4116; x_wconf 84' lang='lat' dir='ltr'>ventus</span> <span class='ocrx_word' id='word_1_357' title='bbox 391 4060 528 4137; x_wconf 70' lang='lat' dir='ltr'>attollit,</span> <span class='ocrx_word' id='word_1_358' title='bbox 545 4073 684 4130; x_wconf 70' lang='lat' dir='ltr'>senectia</span> <span class='ocrx_word' id='word_1_359' title='bbox 693 4070 853 4147; x_wconf 84' lang='lat' dir='ltr'>incurvat,</span> <span class='ocrx_word' id='word_1_360' title='bbox 867 4073 1038 4153; x_wconf 77' lang='lat' dir='ltr'>lnfimnitas</span> <span class='ocrx_word' id='word_1_361' title='bbox 1045 4078 1186 4160; x_wconf 75' lang='lat' dir='ltr'>sranye&#39;t.</span> <span class='ocrx_word' id='word_1_362' title='bbox 1223 4076 1341 4143; x_wconf 81' lang='lat' dir='ltr'>Vivere</span> <span class='ocrx_word' id='word_1_363' title='bbox 1356 4077 1476 4159; x_wconf 89' lang='lat' dir='ltr'>incipis,</span> 
     </span>
     <span class='ocr_line' id='line_1_39' title="bbox 268 4154 1476 4256; baseline 0.024 -47"><span class='ocrx_word' id='word_1_364' title='bbox 268 4167 351 4212; x_wconf 90' lang='lat' dir='ltr'>mors</span> <span class='ocrx_word' id='word_1_365' title='bbox 376 4154 457 4217; x_wconf 90' lang='lat' dir='ltr'>enim</span> <span class='ocrx_word' id='word_1_366' title='bbox 473 4159 539 4223; x_wconf 90' lang='lat' dir='ltr'>dics</span> <span class='ocrx_word' id='word_1_367' title='bbox 553 4167 603 4225; x_wconf 87' lang='lat' dir='ltr'>est</span> <span class='ocrx_word' id='word_1_368' title='bbox 624 4165 758 4240; x_wconf 89' lang='lat' dir='ltr'>natulis;</span> <span class='ocrx_word' id='word_1_369' title='bbox 786 4167 854 4231; x_wconf 90' lang='lat' dir='ltr'>Nos</span> <span class='ocrx_word' id='word_1_370' title='bbox 871 4171 1019 4234; x_wconf 89' lang='lat' dir='ltr'>morimur</span> <span class='ocrx_word' id='word_1_371' title='bbox 1034 4173 1067 4235; x_wconf 94' lang='lat' dir='ltr'>in</span> <span class='ocrx_word' id='word_1_372' title='bbox 1093 4173 1170 4256; x_wconf 84' lang='lat' dir='ltr'>dies,</span> <span class='ocrx_word' id='word_1_373' title='bbox 1188 4195 1244 4239; x_wconf 88' lang='lat' dir='ltr'>nec</span> <span class='ocrx_word' id='word_1_374' title='bbox 1270 4177 1347 4240; x_wconf 89' lang='lat' dir='ltr'>mori</span> <span class='ocrx_word' id='word_1_375' title='bbox 1366 4173 1476 4242; x_wconf 90' lang='lat' dir='ltr'>desini-</span> 
     </span>
     <span class='ocr_line' id='line_1_40' title="bbox 268 4247 1475 4356; baseline 0.025 -53"><span class='ocrx_word' id='word_1_376' title='bbox 268 4263 350 4352; x_wconf 73' lang='grc' dir='ltr'>ιιιιιε.Ι</span> <span class='ocrx_word' id='word_1_377' title='bbox 397 4247 473 4314; x_wconf 82' lang='lat' dir='ltr'>Cum</span> <span class='ocrx_word' id='word_1_378' title='bbox 498 4255 568 4321; x_wconf 87' lang='lat' dir='ltr'>Deo</span> <span class='ocrx_word' id='word_1_379' title='bbox 591 4268 684 4341; x_wconf 83' lang='lat' dir='ltr'>atque</span> <span class='ocrx_word' id='word_1_380' title='bbox 714 4264 845 4344; x_wconf 86' lang='lat' dir='ltr'>Angelis</span> <span class='ocrx_word' id='word_1_381' title='bbox 870 4268 1008 4333; x_wconf 85' lang='lat' dir='ltr'>exsultas</span> <span class='ocrx_word' id='word_1_382' title='bbox 1033 4271 1182 4350; x_wconf 89' lang='lat' dir='ltr'>depositis</span> <span class='ocrx_word' id='word_1_383' title='bbox 1207 4273 1301 4356; x_wconf 88' lang='lat' dir='ltr'>curis,</span> <span class='ocrx_word' id='word_1_384' title='bbox 1328 4277 1475 4356; x_wconf 83' lang='lat' dir='ltr'>pulsoque</span> 
     </span>
     <span class='ocr_line' id='line_1_41' title="bbox 269 4353 1474 4456; baseline 0.009 -34"><span class='ocrx_word' id='word_1_385' title='bbox 269 4359 515 4450; x_wconf 57' lang='lat' dir='ltr'>⁰¹¹¹¹¹¹f¹¹f¹³¹¹0¹⁸03</span> <span class='ocrx_word' id='word_1_386' title='bbox 542 4353 661 4420; x_wconf 89' lang='lat' dir='ltr'>Nostra</span> <span class='ocrx_word' id='word_1_387' title='bbox 685 4359 850 4441; x_wconf 73' lang='lat' dir='ltr'>lachrymas</span> <span class='ocrx_word' id='word_1_388' title='bbox 879 4365 995 4430; x_wconf 86' lang='lat' dir='ltr'>cadunt</span> <span class='ocrx_word' id='word_1_389' title='bbox 1019 4387 1074 4448; x_wconf 88' lang='lat' dir='ltr'>por</span> <span class='ocrx_word' id='word_1_390' title='bbox 1099 4387 1163 4444; x_wconf 88' lang='lat' dir='ltr'>ora,</span> <span class='ocrx_word' id='word_1_391' title='bbox 1181 4377 1215 4432; x_wconf 91' lang='lat' dir='ltr'>et</span> <span class='ocrx_word' id='word_1_392' title='bbox 1239 4371 1366 4436; x_wconf 87' lang='lat' dir='ltr'>assiduo</span> <span class='ocrx_word' id='word_1_393' title='bbox 1391 4388 1474 4456; x_wconf 79' lang='lat' dir='ltr'>genu</span> 
     </span>
     <span class='ocr_line' id='line_1_42' title="bbox 268 4449 1474 4551; baseline 0.011 -34"><span class='ocrx_word' id='word_1_394' title='bbox 268 4453 339 4498; x_wconf 64' lang='lat'>²0¹⁰</span> <span class='ocrx_word' id='word_1_395' title='bbox 353 4449 533 4518; x_wconf 55' lang='lat' dir='ltr'>“stantun</span> <span class='ocrx_word' id='word_1_396' title='bbox 585 4453 730 4533; x_wconf 85' lang='lat' dir='ltr'>OPator,</span> <span class='ocrx_word' id='word_1_397' title='bbox 747 4457 851 4536; x_wconf 88' lang='lat' dir='ltr'>Pater,</span> <span class='ocrx_word' id='word_1_398' title='bbox 868 4481 978 4527; x_wconf 80' lang='lat' dir='ltr'>cumis</span> <span class='ocrx_word' id='word_1_399' title='bbox 995 4465 1140 4529; x_wconf 75' lang='lat' dir='ltr'>israelis!</span> <span class='ocrx_word' id='word_1_400' title='bbox 1192 4467 1275 4545; x_wconf 84' lang='lat' dir='ltr'>Quid</span> <span class='ocrx_word' id='word_1_401' title='bbox 1300 4489 1391 4551; x_wconf 85' lang='lat' dir='ltr'>agam</span> <span class='ocrx_word' id='word_1_402' title='bbox 1405 4471 1474 4551; x_wconf 88' lang='lat' dir='ltr'>post</span> 
     </span>
     <span class='ocr_line' id='line_1_43' title="bbox 269 4536 1473 4650; baseline 0.027 -53"><span class='ocrx_word' id='word_1_403' title='bbox 269 4536 326 4593; x_wconf 83' lang='lat' dir='ltr'>tun</span> <span class='ocrx_word' id='word_1_404' title='bbox 351 4545 508 4646; x_wconf 73' lang='lat' dir='ltr'>superstes</span> <span class='ocrx_word' id='word_1_405' title='bbox 534 4546 621 4610; x_wconf 79' lang='lat' dir='ltr'>futat</span> <span class='ocrx_word' id='word_1_406' title='bbox 673 4551 760 4619; x_wconf 84' lang='lat' dir='ltr'>Mors</span> <span class='ocrx_word' id='word_1_407' title='bbox 784 4563 833 4620; x_wconf 86' lang='lat' dir='ltr'>cst</span> <span class='ocrx_word' id='word_1_408' title='bbox 858 4567 891 4621; x_wconf 91' lang='lat' dir='ltr'>ot</span> <span class='ocrx_word' id='word_1_409' title='bbox 915 4563 999 4625; x_wconf 91' lang='lat' dir='ltr'>omni</span> <span class='ocrx_word' id='word_1_410' title='bbox 1023 4570 1123 4628; x_wconf 88' lang='lat' dir='ltr'>morto</span> <span class='ocrx_word' id='word_1_411' title='bbox 1152 4565 1242 4644; x_wconf 87' lang='lat' dir='ltr'>pejus</span> <span class='ocrx_word' id='word_1_412' title='bbox 1259 4568 1373 4643; x_wconf 73' lang='lat' dir='ltr'>vivore,</span> <span class='ocrx_word' id='word_1_413' title='bbox 1392 4571 1473 4650; x_wconf 87' lang='lat' dir='ltr'>post-</span> 
     </span>
     <span class='ocr_line' id='line_1_44' title="bbox 269 4636 1473 4743; baseline 0.017 -37"><span class='ocrx_word' id='word_1_414' title='bbox 269 4647 360 4706; x_wconf 60' lang='lat' dir='ltr'><strong>quam</strong></span> <span class='ocrx_word' id='word_1_415' title='bbox 376 4636 423 4694; x_wconf 84' lang='lat' dir='ltr'>un</span> <span class='ocrx_word' id='word_1_416' title='bbox 445 4653 558 4716; x_wconf 64' lang='lat' dir='ltr'>tarto..</span> <span class='ocrx_word' id='word_1_417' title='bbox 598 4643 671 4712; x_wconf 91' lang='lat' dir='ltr'>Non</span> <span class='ocrx_word' id='word_1_418' title='bbox 696 4651 794 4731; x_wconf 83' lang='lat' dir='ltr'>igitur</span> <span class='ocrx_word' id='word_1_419' title='bbox 817 4657 949 4735; x_wconf 84' lang='lat' dir='ltr'>amplius</span> <span class='ocrx_word' id='word_1_420' title='bbox 974 4667 1062 4723; x_wconf 89' lang='lat' dir='ltr'>tuum</span> <span class='ocrx_word' id='word_1_421' title='bbox 1088 4665 1259 4728; x_wconf 73' lang='lat' dir='ltr'>continebor</span> <span class='ocrx_word' id='word_1_422' title='bbox 1273 4665 1405 4743; x_wconf 85' lang='lat' dir='ltr'>rnltum,</span> <span class='ocrx_word' id='word_1_423' title='bbox 1420 4679 1473 4727; x_wconf 87' lang='lat' dir='ltr'>uec</span> 
     </span>
    </p>
   </div>
   <div class='ocr_carea' id='block_1_3' title="bbox 0 0 1584 5194">
    <p class='ocr_par' dir='ltr' id='par_1_3' title="bbox 0 0 1584 5194">
     <span class='ocr_line' id='line_1_45' title="bbox 0 0 1584 5194; baseline 0 0"><span class='ocrx_word' id='word_1_424' title='bbox 0 0 1584 5194; x_wconf 95' lang='lat' dir='ltr'> </span> 
     </span>
    </p>
   </div>
  </div>
 </body>
</html>
