3152 5178
123 417 219 466 cumr.
232 395 314 478 mn]
532 417 571 458 nn
585 417 644 460 nno
658 417 727 479 nuo,
742 419 780 460 ur
794 419 893 462 ramo.
1257 405 1316 479 213

119 565 184 618 esta
195 553 277 616 nohis
290 555 419 616 Justitia
432 555 611 635 universalis,
627 566 657 620 et
669 557 707 620 ab
727 557 793 620 eliis
806 559 925 620 Juetitin
938 558 1004 636 Dei,
1020 579 1085 639 qua
1101 559 1239 638 competit
1259 561 1317 639 ipsi

118 657 167 713 qua
180 636 256 694 Deus
270 645 338 696 est:
361 636 420 696 Vel
433 640 522 698 relate
534 648 667 717 respectu
680 661 805 718 cyneam
819 649 849 699 et
862 641 989 700 exemti
1007 639 1087 717 quod
1099 639 1188 699 hehet
1201 661 1253 718 per
1263 661 1314 701 vo·

118 717 241 778 luutstem
250 715 395 791 divinam,
408 717 565 777 secundum
575 719 705 796 regulam
711 720 787 798 juris
797 719 842 780 sui
852 719 978 798 supremi
988 739 1022 779 ac
1033 719 1180 798 sapientiae
1190 729 1315 786 aeternae.

118 796 221 874 Duplex
228 816 299 854 vero
307 805 409 874 potest
418 797 582 858 observari:
604 799 661 858 Vel
669 799 700 858 in
710 799 843 878 reqiminc
854 808 883 858 et
891 800 1099 877 gubernatione
1110 809 1314 879 creaturarum,

115 895 170 954 qna
182 883 302 934 vocanrr
315 877 438 935 Jmntia
451 878 612 953 Dominicis,
626 899 692 956 quae
706 879 749 938 illi
762 880 907 957 competit,
923 899 981 957 qua
998 880 1141 940 Dominus
1155 889 1208 957 est,
1223 888 1253 940 et
1267 901 1314 942 su·

113 975 217 1034 premas
230 975 328 1014 rerum
343 955 474 1031 Arbiter,
489 958 539 1036 qui
552 957 623 1018 facit
636 957 673 1018 de
687 979 740 1018 suo
754 959 832 1036 quod
846 960 919 1035 vult,
933 968 964 1019 et
982 960 1110 1020 actiones
1124 981 1224 1020 omnes
1245 981 1314 1024 suaa

113 1035 138 1092 in
148 1035 336 1113 gubemando
352 1045 383 1096 et
395 1036 624 1098 administrando
637 1058 684 1098 res
694 1047 804 1100 creatas
813 1038 920 1116 drigie
932 1039 1091 1100 secmrdum
1101 1059 1231 1098 normam
1237 1041 1314 1119 juris

113 1126 138 1174 et
149 1115 292 1194 sapientise
306 1136 392 1192 ιιιιιιις
424 1117 504 1194 quod
523 1118 600 1176 anim
624 1117 654 1176 in
675 1119 761 1178 rebus
782 1118 1017 1178 administrandis
1038 1119 1122 1180 nobis
1136 1120 1200 1180 Len
1214 1129 1267 1197 est,
1283 1122 1313 1182 in

113 1195 167 1254 Deo
180 1205 223 1254 eet
233 1196 285 1273 jus
299 1216 399 1270 suum,
415 1217 481 1256 cum
495 1197 706 1276 sapientissima
719 1208 749 1258 ct
764 1198 928 1276 justissima
941 1199 1090 1259 voluntate
1109 1201 1313 1277 conjunctum:

113 1275 201 1369 Velia
212 1275 349 1368 ..Iudiciia
366 1277 461 1354 iisque
473 1277 523 1371 vel
538 1277 762 1355 praemiantibus,
777 1279 827 1372 pel
847 1279 1070 1372 uindicantihue,
1086 1288 1116 1338 et
1136 1281 1191 1373 hoc
1205 1282 1254 1374 vel
1274 1281 1313 1344 ad

110 1355 1185 1576 tgtdttthllttttlttttttttlglffltlltt
1196 1359 1313 1519 tlt:

110 1533 143 1572 un
166 1535 199 1574 en
250 1535 306 1576 sun

133 1648 309 1754 sepem
367 1594 1314 1757 132⁷parlamentumtammam}

197 1723 256 1754 Μ
362 1721 492 1832 pmrolrh,
504 1775 563 1814 non
573 1755 810 1835 simpliciterque
820 1757 884 1816 Lex
897 1766 950 1833 ast,
961 1757 1017 1818 hoc
1028 1758 1105 1818 enim
1115 1759 1228 1836 proprie
1242 1780 1312 1837 pen·

110 1831 151 1892 det
160 1833 306 1894 aJustitia
313 1834 479 1911 regiminis,
487 1833 539 1894 sed
546 1855 605 1913 qua
608 1837 747 1912 penam:
761 1837 911 1897 Secundus
919 1857 1053 1914 egressus
1061 1845 1107 1896 est
1115 1838 1145 1894 in
1153 1839 1217 1914 ι’ρια
1220 1859 1313 1915 poenoe

110 1913 262 1992 ιἰιρὶιὶοιιες
286 1915 351 1974 Sed
367 1915 432 1992 ipsa
444 1935 542 1976 rursus
553 1916 676 1993 spectari
686 1924 790 1995 potest
799 1917 848 1976 vel
859 1917 955 1993 quoad
965 1937 1024 1976 rem
1038 1926 1064 1976 et
1075 1917 1258 1977 mbamntiam
1268 1920 1311 1997 ip·

110 1993 1311 2154 ttmlttetttrtltltltlpllllfflttlhtttttllll’

109 2172 174 2228 nam,
188 2155 234 2214 vel
248 2163 294 2214 est
305 2119 453 2214 culmorum
466 2163 496 2214 et
515 2155 677 2234 rigorosum
698 2155 777 2232 quod
790 2163 911 2214 vocatur
930 2152 1121 2236 ὰςιβοὶὶκωι,
1136 2155 1185 2214 vel
1199 2163 1245 2214 est
1256 2159 1312 2216 Jur

110 2233 220 2310 quadam
234 2236 357 2313 hemula
370 2243 572 2311 temperatum:
593 2235 691 2313 quoad
703 2235 791 2314 prius,
806 2254 892 2314 poena
905 2235 1062 2314 imponitur
1075 2254 1133 2294 non
1147 2234 1233 2296 modo
1243 2255 1310 2314 pec·

111 2321 165 2372 cato
177 2315 227 2373 aad
240 2326 270 2374 et
284 2317 346 2393 ipsi
362 2333 492 2392 personae
505 2316 675 2392 peceatriei3
696 2315 792 2392 quoad
812 2315 966 2394 posterius,
981 2313 1134 2393 multiplex
1152 2314 1238 2374 datur
1250 2336 1311 2376 mo·

111 2391 206 2452 deratio
220 2396 250 2454 in
260 2393 392 2472 justitia
406 2395 553 2470 exercitio,
568 2395 617 2453 vel
630 2395 660 2453 in
674 2402 802 2473 tempore
815 2415 867 2473 per
880 2395 1056 2470 dilationem,
1071 2395 1121 2453 vel
1136 2395 1168 2454 in
1180 2396 1312 2474 personia

112 2491 154 2548 per
171 2475 403 2550 translationem,
418 2473 466 2533 vel
491 2475 521 2532 in
542 2474 681 2552 gradibus
703 2495 755 2554 per
772 2476 993 2554 mitigationem.
1035 2475 1115 2535 Hine
1135 2474 1245 2554 duplex
1260 2477 1311 2554 jus

112 2553 189 2612 oritur
201 2555 278 2614 circa
297 2573 398 2632 poema
422 2553 627 2632 inflictionem;
660 2554 739 2614 aliud
760 2556 954 2616 neceesarium
976 2562 1007 2615 et
1026 2555 1252 2633 indispensabile
1266 2576 1311 2617 ra·

112 2641 197 2708 spectu
210 2636 324 2713 peceati
340 2633 443 2712 ipsius,
457 2633 537 2692 aliud
549 2654 620 2692 vero
633 2633 756 2696 liberum
776 2644 807 2695 et
818 2636 975 2714 positivum
996 2643 1128 2713 respectu
1142 2637 1311 2712 peccatoria

111 2709 219 2772 lustitia
233 2715 369 2793 postulat
388 2713 550 2774 necessario
574 2721 607 2774 ut
627 2723 777 2792 peccatum
796 2735 880 2775 omne
899 2716 1043 2794 puniatur,
1059 2715 1111 2775 aed
1132 2735 1190 2774 non
1203 2717 1311 2794 pariter

111 2794 225 2869 postulat
237 2805 271 2856 ut
284 2794 427 2872 puniatur
439 2793 471 2852 in
485 2793 548 2872 ipsa
561 2813 684 2872 persona
702 2804 848 2873 peccante,
863 2795 912 2854 vel
926 2795 978 2854 tali
996 2803 1127 2872 tempore
1148 2803 1178 2854 et
1198 2795 1309 2872 gradu3

113 2873 179 2948 quod
191 2895 248 2933 non
261 2875 375 2934 malea
390 2873 577 2933 Scholasticis
597 2893 774 2951 expressum,
793 2875 909 2953 quando
930 2875 1066 2933 dixerunt
1085 2875 1311 2951 impoeeonnlt'ter

113 2969 213 3028 poenam
226 2954 395 3016 necessario
405 2953 499 3030 infligi
510 2953 589 3012 omni
598 2962 725 3031 peccato,
738 2953 789 3014 sed
799 2954 1054 3031 nonpermnaliter
1063 2955 1143 3012 omni
1155 2955 1309 3031 peccatori.

146 3031 181 3094 V.
202 3035 284 3094 Licet
298 3041 399 3094 autern
410 3033 532 3111 justitie
546 3052 695 3111 egressum
708 3033 902 3092 necessarium
917 3033 1133 3108 constituamus,
1149 3052 1207 3091 non
1220 3053 1308 3110 nega

114 3129 168 3172 mus
186 3122 282 3174 tamen
304 3115 405 3174 Deum
425 3113 515 3172 libere
536 3133 600 3173 eam
620 3131 772 3188 exerccra;
798 3111 963 3171 Necessitas
985 3111 1091 3188 quippe
1111 3111 1168 3169 ista
1187 3131 1245 3169 non
1267 3121 1311 3172 est

114 3192 251 3254 exclusiva
274 3194 414 3254 matath
437 3189 653 3268 emouerent,
682 3191 735 3252 sed
760 3200 873 3252 tantum
900 3191 1309 3268 indpfercntioeuateccdenth,

115 3273 260 3334 secundum
274 3293 366 3354 quam
380 3271 502 3333 dicimus
522 3274 617 3352 posita
631 3281 762 3332 creatura
781 3271 940 3350 peccatrice
962 3270 1058 3330 Deum
1077 3269 1167 3330 libere
1182 3271 1308 3348 quidem,

116 3349 141 3407 id
158 3361 206 3429 cst,
221 3363 325 3432 sponte
341 3361 371 3413 et
385 3353 446 3414 sine
461 3353 616 3428 coactione,
632 3352 765 3412 inclinari
781 3351 818 3411 ad
839 3371 954 3430 poenam
974 3350 1170 3428 infligendam,
1186 3351 1238 3412 sed
1250 3373 1310 3412 non

117 3429 306 3512 indifferenter,
322 3433 409 3512 quasi
419 3442 521 3512 posset
532 3453 585 3512 pro
598 3433 684 3492 libitu
697 3433 823 3510 plectere
837 3431 885 3492 vel
899 3451 957 3491 non
970 3431 1106 3509 plectere.

151 3511 201 3571 Vl.
222 3513 309 3574 Unde
331 3522 412 3592 patet
432 3513 518 3572 etiam
539 3533 598 3591 qno
618 3533 705 3574 sensu
725 3513 866 3573 maran
886 3512 999 3574 dicatur
1019 3512 1075 3572 ista
1095 3512 1228 3591 justitia5
1250 3533 1309 3574 non

134 3592 189 3650 urai
207 3594 412 3654 necessitatem
432 3593 583 3672 physicam
602 3611 699 3653 secmn
720 3593 824 3668 trahat,
847 3592 899 3652 sed
919 3593 987 3670 quia
1007 3591 1037 3650 in
1058 3593 1122 3672 ipsa
1136 3593 1192 3652 Dei
1206 3601 1310 3654 natura

195 3681 248 3749 tur,
269 3675 331 3733 imo
352 3682 468 3732 etcum
488 3673 551 3751 ipsa
571 3673 772 3748 identificatur,
793 3673 862 3733 lieet
875 3693 934 3732 non
952 3673 1045 3752 possit
1064 3692 1126 3732 sese
1140 3693 1258 3733 exerere
1272 3672 1309 3731 ad

121 3757 191 3808 extra
208 3754 263 3812 uisi
281 3753 430 3814 mediante
449 3760 517 3813 actu
536 3747 701 3813 intellectus
720 3761 751 3812 et
763 3752 930 3829 voluntatis,
952 3753 1054 3812 eodem
1074 3751 1161 3811 modo
1181 3771 1239 3828 quo
1253 3753 1311 3810 alia

124 3829 250 3909 attnhuta,
272 3855 339 3913 qnae
358 3833 428 3894 licet
447 3833 590 3893 naturalia
610 3833 676 3910 sint,
700 3851 759 3892 non
778 3841 949 3894 exercentur
969 3841 1066 3892 tamen
1087 3831 1144 3892 nisi
1165 3830 1310 3893 mediante

124 3903 199 3968 libera
209 3913 367 3990 voluntate,
382 3922 416 3973 ut
429 3913 551 3990 bonitas,
568 3913 716 3991 sapientia,
732 3911 786 3972 &a

159 3987 222 4051 llll.
244 3993 369 4054 Juatitia
390 3993 446 4054 ista
469 3992 607 4053 trifariam
632 4001 793 4071 spectatur;
818 3991 878 4052 Vel
899 4011 952 4069 per
973 3991 1091 4050 modum
1115 3986 1237 4064 ὶυιέμυς
1258 4003 1310 4050 seu

126 4061 258 4150 hedam
273 4094 333 4152 quo
347 4093 435 4133 sensu
448 4080 493 4133 ast
506 4074 569 4152 ipsa
582 4073 717 4133 voluntas
732 4073 789 4132 Dei
801 4091 947 4146 aversans,
963 4081 993 4130 et
1012 4069 1114 4148 punire
1128 4069 1230 4128 volens
1244 4089 1310 4146 pcc÷

126 4155 235 4228 calorem
256 4153 362 4214 Velut
376 4153 476 4234 ὐξῃιιι
489 4154 552 4232 ipsa
565 4161 595 4214 et
606 4161 690 4214 actus
700 4152 804 4230 judicii
819 4171 870 4212 seu
883 4149 1049 4228 punitionis,
1064 4168 1123 4224 quo
1133 4148 1245 4226 judicia
1259 4169 1311 4217 sua

126 4221 150 4360 lg
161 4241 317 4324 peccatores
330 4235 483 4328 exequitur
491 4256 510 4327 ς.
522 4233 581 4327 Vei
599 4254 652 4312 pro
666 4231 768 4294 effecto
782 4231 912 4324 ipso-seu
926 4249 1012 4307 poena
1025 4249 1044 4288 a
1054 4229 1169 4322 justitia
1181 4227 1309 4324 inflictae

150 4325 178 4366 οι
194 4309 239 4371 luc
257 4313 365 4373 nonde
380 4323 468 4374 tertio
487 4313 660 4391 significatu,
683 4311 735 4373 sed
755 4310 792 4370 de
811 4329 905 4388 primo
923 4317 953 4368 et
975 4307 1101 4368 secundo
1123 4328 1244 4386 agrium
1260 4329 1311 4388 qm

128 4383 246 4450 videntur
258 4393 405 4472 conjungi,
421 4393 470 4453 Ps.
485 4394 564 4453 cxix.
581 4397 648 4454 137.
668 4395 769 4453 June
782 4411 811 4450 ca
824 4393 912 4468 Deru,
928 4398 956 4448 et
959 4391 1042 4464 justo
1047 4389 1162 4464 judicia
1176 4397 1234 4448 ata.

151 4465 243 4555 ‘vnn
264 4473 391 4550 Quaestio
404 4473 452 4533 hie
466 4472 550 4534 nobis
563 4483 697 4536 movetur
709 4493 728 4532 a
743 4470 904 4532 Sociniania
917 4469 954 4530 de
968 4469 990 4532 J
991 4469 1091 4530 ustitia
1110 4469 1167 4530 ista
1180 4469 1309 4539 vindioaf

128 4547 203 4636 “Joet
222 4553 272 4630 qni
291 4562 324 4613 ut
341 4553 457 4613 facilius
479 4554 709 4615 Satislactionem
731 4551 839 4612 Christi
858 4551 1015 4626 destruant,
1036 4557 1146 4628 negant
1160 4550 1310 4618 Juetitiam

129 4625 328 4694 medicatricem
343 4633 405 4694 Deo
420 4653 483 4694 esse
497 4634 665 4710 naturalem,
682 4632 733 4692 sed
753 4640 866 4692 tautum
886 4631 1039 4692 liberrima
1053 4631 1212 4692 voluntatis
1226 4630 1310 4690 effec-

130 4707 190 4782 tum,
205 4728 265 4788 qun
285 4715 376 4792 possit
396 4733 459 4774 essa
480 4725 509 4775 et
528 4735 588 4775 non
608 4733 680 4790 essa,
703 4712 803 4792 eadem
824 4712 934 4774 ratione
954 4732 1012 4790 qua
1030 4711 1153 4773 liberum
1174 4709 1229 4778 fuit
1247 4711 1311 4770 Deo
