3174 5174
258 277 325 343 480'
751 304 843 356 rocoa
856 304 977 346 asxros.
1273 280 1402 362 [curer.
1418 303 1464 343 rx.
1576 267 1577 308 i

267 493 342 542 an„
412 492 432 540 ,-
518 442 547 502 1¹¹
573 443 696 522 Danae,
722 443 771 506 Pa
786 445 891 506 mix.
906 447 948 522 s;
975 445 1006 504 u
1028 443 1085 521 su,
1102 446 1117 500 1
1136 442 1212 502 eam.
1227 441 1268 500 ru.
1285 443 1333 518 18,
1348 441 1463 502 senus
1576 475 1577 496 l

343 508 412 554 spera
425 509 487 544 Μ’
516 523 641 585 Videtur·
662 529 692 584 2·
704 527 917 602 Desperatione,
933 543 1022 602 quum
1035 524 1066 582 in
1080 521 1163 582 malis
1177 521 1392 599 desperabundi
1411 523 1462 600 ja·
1576 547 1577 560 2

256 609 331 677 cent,
346 601 429 678 quasi
443 609 538 662 ectum
552 613 629 664 osset
642 605 680 664 de
692 605 772 682 ipsis,
787 625 841 664 nec
855 605 916 664 ulla
925 605 1042 664 daretur
1055 623 1122 682 spes
1131 601 1358 676 restaurationis,
1373 603 1464 679 eujus

255 681 421 758 exemplum
434 681 465 739 in
480 684 580 759 Caino,
598 685 693 762 Saule,
708 685 798 760 luda,
812 693 842 743 et
855 685 929 744 aliis.
970 685 1042 742 Tale
1061 691 1123 741 erat
1145 681 1297 741 Plautinus
1311 681 1361 740 ille
1384 681 1461 740 ado·
1576 701 1577 746 l

254 761 375 835 lescena,
391 761 474 837 quasi
487 761 554 822 latis
567 765 712 842 abreptus,
728 763 927 842 desperatione
945 783 977 823 ee
1000 762 1155 840 projiciens
1176 761 1207 818 in
1230 760 1363 820 exitium.
1405 763 1462 821 In-

254 841 360 899 stabilis
373 849 420 916 est,
436 840 592 920 inquiebat,
607 865 669 903 sora
681 863 786 919 ret-rem,
797 864 856 920 pro
869 843 1056 919 libidinosam
1069 850 1158 918 aptent
1169 841 1291 899 homines
1297 863 1309 912 ,·
1329 843 1461 915 referam

254 941 297 980 rna
310 923 352 979 ad
362 923 514 997 acoprdum,
528 932 560 981 ut
571 945 631 984 rem
645 925 705 983 istic
717 944 780 983 cum
793 932 874 983 otae
882 925 1034 1002 paduam,
1076 921 1130 981 Cui
1149 920 1322 998 opponenda
1335 930 1386 978 est
1408 919 1460 978 fir-

254 1019 302 1058 ma
316 1001 346 1058 in
361 1000 456 1058 Deum
460 1003 580 1080 fiducia,
596 1024 661 1081 quae
674 1023 728 1064 nos
741 1004 772 1062 in
785 1003 888 1062 mediis
902 1003 1046 1077 oemmnis,
1061 1009 1091 1060 et
1107 1000 1304 1060 calamitatum
1316 998 1459 1058 decuma·

253 1080 299 1139 nis
313 1079 456 1154 fluctibus,
473 1100 561 1158 quum
574 1084 671 1143 omnia
684 1082 836 1160 desperata
849 1103 866 1142 a
878 1089 959 1160 parte
973 1081 1121 1141 hominum
1141 1087 1171 1138 et
1184 1099 1336 1138 causarum
1350 1099 1459 1138 secun-
1576 1127 1577 1164 ,

254 1159 355 1218 durum
369 1159 513 1236 videntur,
528 1163 662 1222 immotos
676 1171 706 1224 et
719 1163 906 1222 inconcussos
919 1161 1022 1236 reddit,
1038 1161 1132 1238 qualis
1151 1159 1206 1218 fuit
1219 1159 1240 1218 J
1242 1159 1291 1217 obi
1305 1178 1381 1236 spes,
1400 1162 1458 1222 oc-
1576 1165 1577 1246 J

253 1240 331 1297 ddat
343 1258 394 1312 mc,
409 1239 439 1296 in
452 1258 515 1298 eum
527 1241 654 1320 specto,
679 1242 802 1301 Davidis
822 1241 903 1318 fides,
928 1241 1034 1301 Psalm.
1054 1239 1139 1298 xxiii
1151 1242 1179 1314 6,
1200 1239 1287 1298 trium
1308 1239 1457 1298 sociorum

253 1317 384 1376 Danielis
397 1322 568 1396 constantia,
584 1323 659 1382 Dan.
674 1323 714 1381 iii.
732 1325 777 1398 16,
796 1325 842 1380 17.
1334 1329 1338 1382 ἶ

555 1402 615 1461 ΙΙΙ.
627 1401 734 1476 Tertio,
743 1405 878 1461 scolarum
891 1400 1077 1476 macedone,
1089 1418 1178 1478 quum
1191 1406 1358 1476 peccatores
1368 1397 1458 1478 flagi-

250 1462 273 1508 3
285 1462 489 1567 fflffiffifm'
510 1481 559 1540 tiis
570 1481 629 1541 suis
641 1482 696 1540 Dei
709 1477 925 1541 Providentiam
935 1480 1104 1555 obtendunt,
1114 1478 1183 1556 quia
1191 1477 1264 1536 nihil
1274 1477 1308 1537 fit
1318 1478 1375 1537 nisi
1387 1479 1457 1540 Deo

511 1561 628 1621 volente
641 1570 670 1621 et
683 1562 886 1639 permittente:
908 1561 981 1620 Cum
1000 1569 1098 1619 tamen
1114 1559 1169 1617 hac
1182 1557 1357 1634 cogitatione
1377 1559 1459 1618 nihil

251 1639 289 1699 sit
303 1638 438 1716 iniquius.
480 1639 555 1709 Nam
568 1640 637 1700 licet
649 1649 768 1718 peccata
781 1661 840 1700 non
853 1640 924 1699 liant
937 1639 999 1698 sine
1015 1639 1072 1698 Dei
1082 1637 1278 1713 Providentia,
1286 1645 1383 1697 nmen
1396 1658 1457 1698 nec

208 1769 213 1780 .
252 1719 332 1777 Deus
347 1719 377 1776 in
391 1719 566 1778 consortium
579 1719 692 1796 peccati
705 1720 795 1796 venit,
810 1741 864 1780 neo
878 1719 1009 1779 scelerati
1022 1718 1154 1778 homines
1168 1737 1186 1776 a
1199 1717 1285 1794 culpa
1299 1727 1456 1795 propterea

249 1799 433 1875 eximuntur3
448 1799 588 1875 quianon
603 1800 659 1858 Dei
672 1800 824 1874 voluntati,
840 1798 892 1859 sed
902 1818 962 1858 sue
975 1797 1126 1876 cupiditati
1134 1797 1337 1873 obsequuntur.
1368 1797 1454 1856 Vara

251 1878 327 1936 enim
341 1877 505 1938 obedientia
517 1879 672 1958 respondet
685 1880 828 1939 voluntati
841 1879 978 1938 revelate
990 1879 1021 1936 in
1034 1877 1134 1937 Verbo
1148 1896 1301 1954 expressae,
1310 1896 1368 1934 non
1378 1897 1454 1937 vero

250 1977 361 2017 arcense
375 1959 407 2016 in
422 1959 485 2018 Deo
497 1959 617 2019 latenti:
640 1960 726 2019 Paret
739 1959 788 2018 ille
804 1960 875 2034 Deo,
891 1958 941 2035 qui
961 1958 997 2017 da
1017 1959 1082 2035 ejus
1101 1957 1252 2016 voluntate
1272 1955 1401 2033 edoctus,
1417 1977 1456 2017 eo

251 2038 407 2114 contendit,
422 2059 481 2116 quo
501 2039 538 2098 ab
559 2059 593 2099 ea
613 2048 752 2116 vocetur;
776 2039 835 2098 Sed
855 2039 880 2096 si
901 2037 971 2116 quid
988 2037 1128 2096 adversus
1142 2037 1204 2114 ejus
1217 2035 1385 2096 mandatum
1399 2037 1453 2096 de·

251 2117 368 2195 signant
380 2118 521 2194 homines,
535 2139 594 2178 non
608 2119 772 2179 obedientia
790 2127 842 2193 est,
858 2117 910 2176 s'ed
923 2117 1103 2196 contumacia
1116 2125 1147 2175 et
1158 2115 1359 2192 transgressio,
1381 2117 1454 2176 lieet

251 2197 400 2256 decaetero
411 2197 550 2276 impleant
558 2198 737 2258 voluntatem
744 2199 801 2257 Dei
810 2197 967 2273 occultsm3
979 2197 1048 2275 quie
1058 2197 1137 2255 Deus
1147 2203 1251 2274 praeter
1258 2195 1452 2254 intentionem

250 2295 357 2351 eorum,
373 2277 457 2335 malis
471 2297 568 2336 eorum
583 2279 719 2355 operibus
739 2277 951 2356 sapientissima
971 2285 1000 2336 et
1016 2275 1178 2353 justissime
1195 2275 1376 2334 ordinatione
1397 2295 1453 2335 aua

248 2355 340 2414 utitur
352 2355 391 2413 ad
404 2357 575 2433 exequenda
588 2377 641 2416 aua
650 2357 769 2433 judicia,
784 2366 818 2417 ut
832 2377 918 2434 supra
932 2357 1049 2416 dictum.

549 2436 605 2495 IV.
621 2435 723 2510 Quoad
724 2439 831 2512 fictam
840 2445 976 2514 peccatur
986 2436 1017 2493 in
1028 2434 1252 2508 Providentiam,
1264 2437 1290 2494 l.
1299 2434 1451 2494 metiente

262 2497 476 2604 ,fiffirffi'emq
509 2523 538 2574 et
547 2516 686 2590 socordio,
702 2515 739 2574 ab
753 2516 790 2574 iis
803 2516 854 2592 qui
867 2517 1039 2594 contemptis
1053 2523 1185 2592 proterve
1199 2513 1302 2572 madiis
1316 2534 1335 2573 a
1348 2514 1452 2574 divina

311 2615 427 2659 sommia.
513 2594 701 2654 Providentia
714 2595 924 2672 sapientissime
937 2595 1086 2669 institutis,
1096 2595 1221 2671 ignaviae
1232 2613 1265 2652 ac
1275 2594 1386 2672 torpori
1397 2614 1452 2654 suo

507 2674 538 2732 in
552 2675 734 2733 sanctissima
746 2675 802 2732 hac
815 2673 947 2733 doctrina
959 2674 1085 2734 latebras
1099 2682 1239 2751 quarunt,
1255 2681 1285 2732 et
1298 2673 1354 2732 sub
1375 2695 1449 2752 prae·

245 2760 329 2813 textu
342 2753 523 2813 certitudinis
536 2761 693 2813 eventuum
706 2774 724 2813 a
738 2753 927 2812 Providentia
939 2754 1172 2832 prestitutomm,
1183 2753 1331 2813 securitati
1340 2754 1451 2812 carnali

245 2853 276 2893 se
290 2833 463 2909 mancipant,
478 2834 661 2912 negligentes
673 2834 770 2893 media
782 2833 821 2892 ad
834 2833 879 2892 sui
893 2833 1140 2894 conservationem
1154 2842 1183 2893 et
1204 2832 1327 2892 salutem
1348 2853 1449 2894 necea·

246 2913 337 2972 saria:
354 2912 444 2988 Quasi
456 2913 599 2974 certitudo
612 2913 678 2974 linis
691 2913 807 2988 tolleret
820 2912 978 2973 mediorum
992 2913 1201 2986 necessitatem,
1215 2921 1246 2971 et
1265 2912 1344 2972 idem
1367 2913 1449 2973 Deus

245 2993 295 3072 qui
312 3001 448 3054 eventum
468 2995 594 3072 aliquem
614 2993 743 3054 futurum
762 2993 975 3071 preordinavit,
988 3011 1048 3052 non
1066 2992 1223 3070 prefixerit
1242 2991 1332 3050 etiam
1351 2993 1449 3052 media

245 3073 419 3150 hominibus,
435 3074 539 3152 quibus
553 3094 591 3134 ex
606 3074 661 3133 Dei
675 3082 818 3152 praecepto
829 3081 858 3132 et
866 3073 1015 3132 voluntate
1023 3080 1141 3132 utantrrr
1153 3093 1161 3130 ε
1177 3071 1208 3130 Si
1218 3071 1310 3130 vitam
1319 3072 1448 3132 hominia

245 3154 331 3212 certis
344 3153 475 3213 terminis
489 3154 633 3229 limitavit,
649 3173 747 3214 curam
761 3153 824 3231 ejus
838 3152 915 3230 apud
929 3153 1073 3212 hominem
1087 3150 1229 3230 deposuit,
1244 3151 1368 3230 ejusque
1378 3172 1447 3213 con-

245 3232 394 3292 servanda
408 3234 568 3293 rationibus
582 3233 776 3311 subsidiisque
789 3251 855 3292 eum
869 3232 1014 3308 instruxit,
1026 3231 1219 3309 periculorum
1226 3251 1344 3310 quoque
1356 3253 1446 3310 pres·

244 3312 320 3370 cium
334 3312 410 3385 lecit,
421 3333 458 3370 ne
468 3311 616 3372 incautum
625 3313 827 3392 opprimerent,
839 3312 987 3372 cautiones
997 3319 1027 3370 et
1036 3309 1163 3370 remedia
1171 3311 1326 3388 suggessit,
1337 3311 1446 3388 quibus

241 3397 378 3449 uteretur.
422 3390 489 3448 Huc
497 3392 622 3468 pertinet
632 3391 772 3451 meritas
783 3397 889 3467 eorum,
904 3391 955 3470 qui
968 3391 1058 3449 nimia
1070 3389 1258 3468 praefidentia,
1273 3391 1333 3450 sine
1353 3409 1444 3450 voca-

240 3469 319 3528 tione
333 3475 362 3526 et
375 3469 554 3546 necessitate,
566 3470 695 3547 pericula
705 3471 816 3548 quaevis
829 3471 909 3529 adire
922 3491 980 3529 non
994 3478 1135 3546 recusant,
1146 3479 1175 3530 et
1189 3469 1284 3530 causis
1297 3469 1444 3547 aecundm,

240 3567 306 3626 que
325 3555 431 3623 precato
452 3556 527 3623 sunt,
542 3549 703 3626 mediisque
716 3570 734 3609 a
748 3550 813 3608 Deo
833 3549 973 3610 institutis
993 3549 1037 3609 uti
1056 3550 1172 3626 nolunt;
1195 3549 1274 3628 quod
1287 3558 1333 3610 est
1346 3550 1445 3610 Deum

241 3636 360 3688 tentare.
402 3626 541 3702 Quemvis
555 3628 631 3688 enim
645 3629 737 3706 possit
750 3647 808 3689 non
822 3629 918 3688 minus
939 3629 1001 3689 aine
1020 3628 1124 3689 mediis
1144 3649 1231 3707 quam
1252 3649 1318 3688 eum
1338 3631 1447 3692 mediis

241 3728 294 3768 noe
309 3725 431 3784 servare,
447 3707 515 3784 quia
528 3717 625 3768 tamen
639 3707 677 3767 ad
690 3707 729 3784 id,
740 3707 867 3768 studium
878 3708 1003 3770 etiamst
1013 3729 1111 3770 curam
1124 3717 1252 3770 noemam
1263 3707 1445 3770 intercedere

240 3787 305 3848 vult
319 3786 471 3862 ordinarie,
485 3807 544 3847 non
557 3807 711 3866 possumus
725 3788 787 3847 sine
801 3788 919 3847 crimine
932 3808 968 3848 ea
977 3788 1134 3866 negligere,
1143 3809 1209 3866 qne
1222 3789 1261 3848 ad
1274 3809 1361 3848 usum
1374 3811 1443 3850 nos-

240 3876 326 3944 trum,
342 3866 404 3926 sive
423 3867 461 3926 ad
481 3867 610 3946 pericula
631 3867 830 3946 praecavenda,
852 3869 915 3928 sive
937 3868 976 3927 ad
998 3869 1074 3927 mala
1094 3868 1273 3946 depellenda,
1289 3869 1444 3930 instituere

352 4005 358 4018 ,
503 3948 605 4024 voluit
638 3952 667 4007 2.
681 3948 832 4008 Anniatata
844 3957 874 4007 et
887 3947 1049 4022 diffidendo,
1065 3966 1153 4025 quum
1165 3949 1280 4008 solliciti
1296 3967 1398 4008 sumus
1412 3951 1443 4009 in

259 4005 463 4109 ²fflffl⁰t
504 4028 659 4088 crastinum
674 4028 710 4088 de
724 4027 804 4087 rictu
826 4036 856 4087 et
869 4028 986 4104 vestitu,
1001 4027 1145 4106 rebusque
1171 4027 1208 4087 ad
1228 4027 1319 4087 vitem
1340 4047 1443 4089 neces-

501 4107 592 4182 sariis,
608 4107 691 4184 quasi
707 4108 788 4166 Deus
803 4125 862 4166 non
883 4116 959 4166 esset
980 4107 1068 4166 Pater
1080 4107 1229 4184 providus,
1240 4107 1291 4185 qui
1305 4107 1445 4169 omnibus

237 4188 352 4249 abunde
376 4188 561 4266 prospiceret.
603 4187 671 4246 Huc
691 4186 801 4246 faciunt
824 4187 952 4264 apprime
974 4185 1065 4246 verba
1088 4187 1205 4263 Christi,
1230 4186 1304 4247 Mat
1328 4188 1369 4246 vi.
1390 4191 1441 4248 25.

239 4269 425 4346 “Propterea
446 4267 521 4341 dico,
535 4287 572 4326 ne
589 4264 652 4326 sitis
674 4267 791 4326 solliciti
814 4265 851 4325 de
871 4266 968 4326 anima
987 4273 1094 4342 restra,
1108 4267 1183 4344 qnid
1200 4267 1278 4326 esuri
1298 4267 1370 4342 sitis,
1389 4278 1444 4328 aut

236 4347 365 4423 bibituri
380 4365 474 4425 neque
488 4346 525 4406 de
539 4365 658 4423 corpore
671 4355 778 4421 vestro,
794 4345 900 4424 quibus
919 4344 1096 4405 indumentis
1108 4345 1204 4422 usur-13
1226 4365 1321 4405 nonne
1342 4346 1443 4406 anima

235 4428 327 4504 pluris
341 4434 386 4486 eat
398 4442 486 4503 quam
499 4425 590 4499 cibus,
606 4434 635 4485 et
648 4445 760 4503 corpus,
770 4425 932 4504 plusquam
940 4423 1138 4486 indumentum
1149 4427 1182 4486 ?”
1197 4424 1248 4484 ubi
1256 4445 1315 4484 non
1323 4445 1442 4486 omnam

236 4506 353 4562 omnino
367 4505 428 4564 suis
448 4523 546 4564 curam
560 4505 625 4564 vult
638 4505 774 4580 eximere,
789 4504 932 4582 siquidem
946 4524 981 4563 ea
999 4504 1066 4582 lege
1080 4505 1142 4564 nati
1161 4512 1230 4564 sunt
1250 4503 1391 4580 homines,
1407 4517 1445 4567 ut

234 4581 345 4655 aliquid
358 4601 434 4640 cura
455 4583 623 4660 susdneant,
646 4582 704 4642 imo
724 4585 787 4644 hac
807 4603 867 4644 non
886 4583 989 4645 ultima
1008 4603 1076 4662 pars
1096 4583 1349 4660 eremiseriarum,
1365 4605 1445 4662 quaa
