3158 5190
142 373 226 428 eursu
240 354 317 436 xm]
411 435 414 439 ι
599 371 639 416 ue
653 371 824 419 sommum.
1254 343 1311 420 tte'

140 511 314 594 Iuilexaplis
335 511 488 574 addiderat
508 513 580 574 duas
603 513 753 576 Editiones
768 513 916 591 Hebraeas,
932 533 1019 576 unam
1040 514 1132 576 literis
1147 515 1316 594 ilebrei'eig

139 595 233 654 alteram
243 595 331 653 literis
340 593 462 654 Graeeis.
485 593 521 650 In
530 593 658 671 Oetaplis
667 594 790 672 denique
800 596 914 654 inserte
923 603 1005 654 erant
1015 595 1080 654 dum
1089 595 1153 654 aliae
1164 598 1313 656 versiones

139 675 227 734 (irene
235 674 348 750 ἇιάιυμοι
357 672 561 732 Jeriehuntina
571 683 600 732 et
609 673 819 751 Nicopolitana,
829 693 916 752 qnam
925 675 1091 734 Editionem
1104 675 1236 734 nonnulli
1248 695 1311 753 sep·

137 753 215 812 Ειιιιιι
224 763 334 812 uooant
357 752 497 812 Octavam
511 751 621 812 addunt
634 753 757 812 Luctare
769 753 916 831 Martyris,
928 754 979 831 qui
987 754 1181 832 precedentes
1192 755 1313 815 feliciter

134 832 283 908 emendarit,
307 842 338 891 et
360 851 379 890 a
401 831 724 910 constantinopolitanis
746 833 830 893 valde
853 834 1039 912 comprobata
1062 843 1116 894 eat.
1158 835 1242 893 Nona
1257 834 1317 896 fuit

133 913 341 990 Heyctri'quam
363 911 501 988 AEgyptii
522 919 553 970 et
565 911 757 970 Alexandrini
775 913 902 990 amplexi
916 923 992 973 suut
1034 914 1254 992 Decimaquam
1274 933 1312 974 ex

133 991 285 1069 Hieronymi
300 990 404 1049 latina
417 989 522 1049 festam
536 1009 600 1050 esse
614 991 747 1050 Graeeem
760 991 884 1052 Veteres
898 992 1043 1052 dixerunt.

163 1069 212 1130 Vl.
232 1070 341 1129 Iatiuta
355 1068 513 1128 Versionea
526 1078 639 1129 veteres
652 1071 740 1129 var-ie
754 1071 840 1130 etiam
855 1071 1094 1132 circumferuntur
1107 1071 1240 1150 primitus
1253 1069 1311 1132 lae·
1379 1095 1384 1104 ·

129 1157 166 1225 te,
179 1169 233 1208 nou
245 1160 303 1209 tam
317 1169 355 1208 ex
369 1147 505 1224 fontibus,
520 1167 607 1226 quam
621 1169 659 1208 ex
673 1149 814 1209 Versione
829 1151 941 1210 Graeea.
964 1151 1031 1211 Una
1044 1151 1222 1210 communior
1235 1152 1314 1211 dieta

128 1227 175 1289 fuit
186 1231 267 1304 Itala,
282 1237 315 1288 ut
328 1229 402 1304 Aup.
417 1235 499 1286 notat
511 1227 563 1286 lib.
578 1231 605 1303 2,
622 1228 658 1286 de
672 1228 749 1288 doet.
763 1229 869 1288 Christ.
884 1250 909 1288 e.
922 1232 968 1290 15.
1000 1231 1074 1289 Dua
1088 1231 1152 1289 elie
1166 1231 1313 1290 edornatae

128 1308 160 1366 ab
173 1309 353 1386 Hieronymo,
367 1326 428 1366 una
441 1325 479 1365 ex
492 1306 635 1366 Versione
650 1308 754 1366 LXX.
768 1309 866 1384 altera,
882 1327 969 1385 quem
982 1309 1021 1368 ed
1034 1311 1186 1368 veritatem
1199 1309 1313 1372 Textue

127 1386 233 1448 Hebrei
245 1397 274 1448 et
288 1387 385 1448 Greci
398 1385 553 1463 diligenter
566 1387 699 1463 correxit,
714 1407 779 1464 quae
793 1388 975 1447 existimatur
988 1408 1051 1448 esse
1065 1389 1195 1467 Vulgata
1208 1389 1313 1450 Verrio

123 1466 257 1542 lodieme,
282 1466 336 1526 aed
356 1485 421 1542 qnae
440 1485 596 1544 progressu
617 1467 754 1544 temporis
777 1466 970 1527 diversimode
994 1467 1049 1528 fuit
1069 1477 1212 1547 corrupta,
1234 1468 1313 1529 unde

121 1545 188 1604 varii
201 1547 262 1605 Viri
275 1546 354 1604 dooti
368 1547 403 1603 L.
424 1547 515 1618 Valle,
530 1547 562 1604 J.
577 1547 674 1604 Fater
682 1546 864 1622 stupemus,
876 1547 1036 1623 Caietanue,
1048 1548 1136 1606 Aries
1149 1549 1312 1624 Montame,

119 1635 147 1684 et
165 1626 219 1700 alii,
240 1625 432 1686 eorreetiones
455 1625 519 1702 ejus
540 1633 685 1684 notarunt.
726 1625 804 1684 Aliae
825 1635 893 1685 sunt
915 1627 1097 1702 recentiores,
1124 1627 1263 1704 superiori
1283 1636 1316 1688 et
1339 1681 1341 1684 .

118 1714 212 1764 roseo
231 1705 330 1765 meulo
343 1704 435 1778 faeta,
450 1703 554 1780 partim
566 1703 686 1779 Lefinae,
708 1705 811 1780 partim
825 1705 987 1764 vemeeulae
1008 1706 1038 1764 in
1058 1705 1124 1765 eliis
1137 1707 1254 1783 linguis,
1276 1706 1314 1768 de

116 1785 217 1860 quibus
229 1783 299 1862 quie
311 1781 469 1842 notissime
483 1789 558 1857 sunt,
580 1782 653 1840 nihil
674 1802 747 1860 opus
767 1792 812 1842 est
824 1783 929 1843 disere.
971 1783 1058 1844 Unde
1072 1793 1186 1846 constat
1198 1785 1312 1862 praxim

113 1861 200 1923 fuisse
214 1863 410 1922 Ecclesiamm
423 1867 598 1938 perpetuam,
613 1870 646 1921 ut
659 1861 850 1922 Versionibus
862 1869 1020 1922 uterentur.

413 1939 486 1998 Vll.
507 1940 622 2000 Titulus
636 1940 738 1999 Crucis
750 1959 810 1998 non
823 1941 888 2000 ideo
908 1941 1001 2000 tribus
1014 1942 1123 2019 linguis
1136 1949 1248 2001 tentum
1261 1942 1311 2004 de-
1378 1945 1379 1949 ’

147 2006 323 2111 repimus-
375 2018 498 2096 scriptus
521 2027 574 2094 est,
597 2029 630 2079 ut
651 2028 710 2078 tres
737 2019 796 2077 iliae
822 2019 930 2096 lingum
957 2030 1192 2079 consecrarentur
1211 2020 1241 2079 in
1260 2037 1316 2081 uau

278 2096 285 2108 “
374 2115 537 2174 sacrorum3
559 2098 611 2158 aed
634 2098 703 2174 quie
730 2105 812 2157 erant
837 2107 900 2158 tum
923 2099 1060 2175 temporis
1080 2099 1266 2158 nobilissimae
1285 2107 1317 2161 et

102 2177 278 2253 notissimae,
305 2185 392 2255 etque
413 2177 485 2236 edeo
505 2177 817 2254 accommodatissima,
839 2187 872 2238 ut
891 2177 968 2237 sema
988 2177 1025 2238 de
1052 2178 1167 2238 cresto
1187 2197 1315 2256 quaque·

100 2277 226 2316 versum
239 2276 292 2335 per
304 2257 470 2317 universum
491 2257 590 2316 orbem
610 2257 852 2333 disseminaretur,
874 2257 953 2336 quod
973 2257 1027 2318 fuit
1048 2257 1104 2317 Dei
1125 2257 1155 2316 in
1175 2277 1210 2318 eo
1230 2258 1315 2320 titulo

98 2336 272 2396 eonsilium.

146 2415 244 2476 VIII.
267 2415 407 2476 Eeelesiae
427 2415 523 2478 unitas
543 2435 601 2476 non
621 2416 739 2495 lingue,
761 2413 813 2476 sed
833 2415 974 2476 doetrinae
993 2416 1104 2476 unitate
1118 2423 1313 2494 oonservetur,

97 2495 185 2573 Eph.
201 2495 243 2554 iv.
258 2499 287 2570 3,
302 2503 333 2555 et
344 2496 438 2573 prima
451 2496 580 2556 concilia
593 2515 651 2556 nou
673 2497 805 2556 obstante
825 2495 990 2574 linguarum
1004 2495 1171 2556 diversitate
1185 2497 1315 2574 legitime

94 2583 219 2650 eonem,
234 2583 264 2634 et
278 2595 344 2634 eum
357 2574 452 2635 inretu
465 2575 609 2636 celebrate
623 2583 699 2636 sunt.

145 2653 212 2714 IX.
235 2654 378 2732 Majeataa
393 2655 548 2732 Seripturee
566 2656 663 2733 potius
684 2673 821 2717 exsensu
836 2675 924 2734 quem
938 2673 976 2715 ex
987 2655 1094 2716 Verbis
1107 2655 1216 2731 oritur,
1236 2653 1315 2732 quod

95 2733 127 2794 si
144 2742 209 2793 tres
230 2733 296 2792 iste
316 2733 425 2811 lingua
438 2733 574 2794 videntum
595 2735 776 2813 maJestatem
789 2755 906 2812 augere,
928 2733 961 2794 fit
983 2735 1039 2794 hoe
1058 2753 1110 2812 per
1123 2734 1257 2794 aeeidens
1276 2752 1315 2794 ex

96 2832 139 2873 su
181 2812 316 2872 mlitione
330 2812 470 2890 imperitae
483 2814 650 2891 plebeculae,
665 2832 724 2871 non
738 2833 789 2892 per
803 2833 859 2874 ee.¹

218 2892 285 2950 Nou
297 2911 438 2970 negemus
451 2901 510 2952 tres
523 2893 594 2952 istas
607 2893 730 2970 linguas,
742 2901 895 2971 postquam
909 2892 1056 2952 desierunt
1066 2911 1130 2951 esse
1142 2891 1314 2969 vemaeulae,

96 2979 238 3032 retentas
261 2990 325 3030 esee
347 2971 453 3048 sepius
476 2971 507 3030 in
530 2971 660 3032 (letibus
682 2971 851 3048 doctiorum,
866 2980 900 3031 nt
913 2970 944 3030 in
957 2971 1016 3029 illis
1029 2979 1059 3029 et
1072 2971 1230 3030 seeundum
1250 2969 1317 3030 illes

97 3051 230 3128 negotia
251 3049 456 3111 Eeelesiastiea
482 3059 696 3128 peragerentur,
725 3061 756 3111 et
775 3051 984 3110 derimereutur
1011 3049 1236 3123 Controversiam
1265 3047 1317 3108 sed
1414 3044 1421 3062 ¹

98 3149 167 3190 non
180 3129 291 3208 pariter
303 3149 389 3189 usum
402 3129 649 3191 habueruntinter
661 3129 793 3210 populos,
803 3137 833 3188 et
845 3129 876 3187 iu
889 3147 945 3188 usn
954 3143 1109 3202 sacrorum,
1119 3127 1171 3186 ubi
1180 3127 1316 3186 uuiuseu·

96 3210 217 3286 jusque
230 3207 392 3269 exereendn
401 3219 445 3268 est
455 3207 528 3269 lidos
538 3218 568 3269 et
576 3210 702 3285 devotio,
715 3209 757 3268 sie
767 3216 800 3268 ut
813 3207 958 3285 intelligat
967 3227 1020 3285 pro
1029 3215 1115 3300 eaptu
1125 3204 1196 3283 quid
1204 3215 1315 3284 agatur.

148 3289 214 3347 XL
235 3288 377 3364 Quamvis
389 3307 448 3347 non
462 3309 603 3366 negemus
622 3289 753 3366 linguam
775 3286 930 3346 Hebraeam
951 3285 982 3345 iu
996 3284 1163 3364 eaptrvitete
1177 3303 1215 3344 ex
1234 3303 1316 3362 pere-

103 3369 261 3446 grinorum
275 3367 446 3427 eommereio
459 3367 535 3428 inter
547 3369 655 3447 vulgus
668 3367 749 3427 van'e
773 3373 936 3444 eorruptem
955 3364 1054 3440 serisso,
1076 3372 1106 3424 et
1120 3364 1278 3425 Chaldaiea
1287 3373 1318 3428 et

106 3447 236 3524 Syrinea
247 3447 340 3506 multa
352 3447 496 3507 voeabula
509 3447 540 3506 in
553 3468 616 3507 eam
630 3447 805 3522 invaluisse3
827 3463 886 3506 uon
900 3445 1030 3523 sequitur
1049 3453 1147 3504 tamen
1166 3444 1243 3522 inde,
1265 3455 1317 3507 aut

104 3525 238 3586 Textnm
251 3526 357 3604 quovis
370 3525 457 3585 modo
471 3526 559 3586 fuisse
580 3535 730 3602 mutatum,
752 3534 803 3585 sut
822 3525 960 3603 apopulo
980 3525 1028 3584 eui
1041 3520 1239 3584 insultabatur
1258 3542 1317 3584 non

108 3605 301 3681 intellectum,
316 3605 386 3683 quia
399 3605 563 3680 Zaoharim
579 3607 710 3684 aggeus
724 3613 754 3664 et
768 3603 929 3664 Malaehiae
943 3605 1119 3682 seripserunt
1132 3604 1233 3681 lingua
1246 3623 1317 3682 pure

109 3683 270 3760 Hebraiea,
285 3683 365 3764 qued
376 3703 436 3744 uon
450 3684 594 3759 fecissent,
615 3685 672 3743 nisi
691 3685 816 3761 populus
836 3681 1036 3744 intellexisset.
1079 3681 1192 3742 Deinde
1206 3700 1244 3741 ex
1259 3683 1316 3741 Ne·

112 3763 190 3823 hem.
203 3763 267 3822 viii.
281 3766 310 3839 8,
325 3763 474 3840 eolligitur
488 3763 612 3823 Esdram
632 3763 739 3840 legisse
758 3763 865 3822 librum
879 3763 969 3840 Legis
989 3779 1086 3822 eoram
1106 3770 1168 3821 tota
1187 3759 1317 3818 multitu·

110 3841 187 3918 diue,
202 3843 242 3901 ed
254 3861 341 3920 quem
355 3841 462 3902 dieitur
474 3842 585 3902 attenta
605 3841 702 3918 fuisse,
724 3841 802 3920 qnod
815 3861 873 3901 nou
886 3849 999 3919 poterat
1011 3849 1109 3900 tamen
1123 3839 1148 3898 si
1161 3857 1220 3898 non
1233 3837 1317 3897 intel-

112 3921 250 3996 terimam
273 3923 313 3982 et
326 3921 351 3980 si
366 3921 476 3982 Esdras
489 3941 556 3981 eum
570 3921 682 3981 Levitis
702 3921 808 3981 dieitur
820 3921 1024 3998 interpretetus
1037 3937 1103 3995 quae
1116 3917 1241 3994 legebat,
1262 3916 1318 3975 hoe

114 4000 150 4058 ad
163 4001 375 4078 expositionem
389 4019 493 4060 sensus
506 4008 536 4060 et
557 4019 652 4060 rerum
665 4000 792 4078 ipsarum
806 3999 986 4060 referendum
1000 4006 1054 4073 est,
1069 3995 1267 4075 potiusquam
1280 3993 1318 4053 ad

114 4080 330 4139 translationem
342 4097 458 4139 vonum.

153 4158 231 4217 ΧΠ.
255 4159 338 4220 Lieet
352 4157 511 4217 Versiones
524 4175 583 4218 non
599 4159 657 4218 sint
670 4157 829 4218 formaliter
841 4156 1014 4217 authentiooe
1036 4160 1065 4212 et
1085 4149 1182 4244 quoad
1202 4149 1319 4212 modum

118 4237 303 4313 enunciandi3
327 4237 394 4295 Non
407 4236 474 4296 ideo
487 4239 585 4298 minue
598 4238 628 4296 in
643 4237 775 4297 Eeelesie
789 4235 919 4296 obtinere
932 4234 1047 4307 debent,
1058 4231 1126 4309 quia
1139 4249 1164 4288 er
1174 4239 1319 4322 'seperate

119 4325 182 4375 sunt
193 4325 224 4376 et
236 4337 303 4376 eum
317 4315 447 4375 lontibus
460 4317 652 4393 consentiunt,
675 4325 743 4377 sunt
763 4333 875 4392 semper
895 4311 1068 4373 authentieae
1082 4309 1274 4387 meterrehter,
1289 4319 1319 4371 et

120 4391 209 4470 quoad
221 4415 269 4456 res
283 4393 462 4455 enunciatas
488 4423 491 4430 ·

259 4541 265 4552 Ι
420 4471 517 4532 XIII.
538 4473 619 4534 Hine
631 4483 712 4552 petet
733 4489 864 4554 quaenem
890 4470 928 4529 sit
946 4469 1111 4530 Vertissem
1133 4467 1300 4529 Auttoem
1306 4494 1319 4543 ,·

121 4536 226 4590 ΨΜ·
244 4545 280 4585 ¹¹²
296 4541 359 4586 W·
378 4549 537 4610 lieetenim
550 4571 650 4612 eoram
670 4553 781 4613 utilitas
802 4550 840 4611 sit
863 4565 970 4628 magna
993 4548 1031 4608 ad
1051 4547 1180 4610 fidelium
1203 4547 1320 4608 instittt⁴

120 4595 358 4644 dornmmthoritat.
393 4627 401 4642 .

377 4636 494 4706 nonem,
516 4650 576 4692 non
598 4639 695 4710 potest
718 4639 814 4690 tamen
838 4638 888 4690 aut
901 4629 988 4689 debet
1001 4647 1127 4707 unquam
1141 4627 1202 4684 ulla
1214 4625 1319 4685 Verrio

1139 4722 1160 4760 s
