3158 5190
104 371 213 425 cosor.
228 351 288 434 vu]
610 373 649 414 nn
663 373 834 417 sennium.
1278 366 1313 422 81

98 522 199 572 umen
217 511 360 590 primerio
374 519 405 572 ct
417 510 560 590 precipue
583 511 758 590 Scriptorum
779 522 812 573 ut
833 514 970 573 Divinam
990 525 1107 595 propter
1127 517 1251 597 seipsum
1265 539 1317 580 seu

100 603 188 652 notus
201 592 259 670 ipei
273 592 388 666 insitas,
404 611 463 650 uon
477 601 594 668 propter
608 593 767 651 Ecclesiam
782 613 799 650 u
812 593 896 652 nobie
910 594 997 653 credi.

142 671 183 730 V.
206 670 354 745 Secundo,
376 691 436 728 non
457 671 594 746 queritur
616 671 653 730 dc
677 673 822 748 Principio
839 692 891 731 seu
905 675 999 732 Csuss
1020 674 1160 734 efficiente
1174 675 1243 735 fidei
1263 695 1315 755 per

100 769 191 827 quum
207 750 367 827 scripture
383 749 574 808 Divinitutem
593 749 752 825 credimue;
774 752 825 809 An
840 751 965 828 Spiritus
980 753 1011 812 S.
1025 773 1088 812 cum
1103 755 1133 812 iu
1149 755 1233 814 uobis
1247 775 1314 832 ope·

98 838 190 904 retur,
206 831 325 888 necne?
365 828 433 886 Hoc
446 829 523 886 euim
536 828 575 887 ed
588 829 673 888 ulium
687 830 874 905 quaestionem
894 833 1018 908 pertinet
1032 833 1172 892 delibero
1186 834 1313 910 arbitrio,

98 917 130 966 ct
144 907 300 966 uobiscum
321 916 486 984 agnoscunt
507 906 685 981 Adversarii,
708 909 842 984 Surpleto.
864 912 966 986 eipe'e.
983 914 1048 970 adu.
1076 913 1177 972 Wliu.
1199 933 1261 991 esp.
1285 916 1314 972 9.

102 987 213 1062 ouum,
229 991 267 1046 lo.
285 989 369 1046 Tlro.
383 987 428 1044 led·
443 990 472 1044 2.
487 1007 511 1046 c.
525 989 554 1045 8.
597 987 656 1045 Sed
669 986 705 1045 de
718 989 891 1063 Arpumento
905 1009 956 1047 scu
969 991 1079 1050 motivo
1092 992 1237 1068 praecipuo
1256 1012 1315 1070 quo

101 1067 233 1143 Spiritus
246 1066 303 1124 istc
315 1065 408 1125 utitur
417 1065 448 1122 in
455 1065 655 1142 persncdendc
676 1067 760 1124 uobis
769 1068 826 1125 ists
839 1068 979 1144 veritum
1001 1068 1051 1126 An
1066 1070 1105 1128 sit
1114 1079 1315 1147 argumentum

98 1145 288 1204 inurtifieiele
309 1143 480 1203 Testimonii
502 1145 649 1219 Ecclesiae,
674 1145 753 1221 quod
777 1147 879 1205 volunt
904 1147 1067 1224 Pontifieii;
1093 1148 1143 1206 An
1167 1149 1315 1208 artificiale

99 1225 229 1302 petitum
243 1244 282 1282 ex
295 1223 372 1283 notis
385 1223 477 1299 ipsius
492 1223 671 1300 Scriptura?
690 1224 769 1300 quod
782 1225 943 1285 statuimus.

145 1303 204 1361 VI.
228 1303 273 1362 Ut
284 1301 392 1378 triplex
405 1301 469 1360 dari
488 1311 584 1378 potest
597 1320 685 1361 cause
697 1303 734 1360 sd
748 1305 790 1362 rei
806 1304 930 1380 alicujus
942 1303 1210 1382 manifestationem,
1226 1307 1313 1382 objec-

101 1381 173 1457 tiva,
193 1383 322 1456 efficiens,
344 1390 371 1439 et
390 1381 608 1440 instrumentalis
628 1400 680 1440 seu
700 1383 854 1459 organics;
890 1383 937 1442 Its
956 1383 1063 1460 triplex
1082 1383 1199 1443 formeri
1218 1394 1316 1461 potest

103 1460 238 1535 Qumtio
259 1461 338 1520 circs
357 1459 552 1536 cognitionem
575 1459 744 1519 Divinitutis
772 1461 946 1538 Scripturas:
975 1462 1073 1520 Prima
1092 1462 1129 1522 de
1149 1474 1315 1542 armamento

99 1541 320 1616 propterquod
339 1539 442 1614 crsdo;
466 1539 599 1598 Secunde
618 1538 656 1597 de
675 1539 815 1617 principio
836 1559 887 1600 seu
907 1561 995 1600 ceusu
1015 1543 1179 1615 effficimteu
1198 1563 1257 1621 quo
1276 1542 1314 1602 sd

104 1617 286 1678 credendum
300 1617 446 1693 edduc0r3
468 1617 566 1676 Tertio
579 1617 616 1675 de
633 1619 723 1676 medio
736 1627 764 1677 et
775 1620 957 1679 untrumeuto
971 1640 1028 1696 per
1041 1624 1119 1698 quod
1137 1621 1232 1680 credo.
1274 1623 1314 1682 Et

104 1697 145 1754 nd
165 1695 312 1774 triplicem
332 1695 521 1773 questionem
533 1696 673 1755 triferium
686 1698 883 1774 respondetur.
924 1700 1075 1776 Ser-:ptrue
1089 1699 1166 1758 euim
1186 1701 1217 1758 in
1237 1702 1314 1760 notis

104 1776 169 1834 suis
181 1776 274 1834 hebet
287 1794 319 1834 ee
331 1775 371 1834 nd
383 1775 501 1833 modum
521 1775 684 1852 argumenti
703 1786 820 1854 propter
837 1777 915 1854 quod
929 1778 1034 1853 eredo;
1055 1779 1180 1854 Βρὺιιω
1192 1781 1313 1838 Senem

105 1875 139 1914 se
159 1855 251 1913 hebet
270 1853 309 1912 ed
328 1854 447 1912 modum
460 1873 554 1912 cauete
576 1853 725 1913 efficientis
745 1864 775 1914 et
794 1856 928 1932 principii
950 1875 967 1914 u
988 1876 1046 1932 quo
1069 1857 1104 1916 fit
1124 1867 1158 1917 ut
1178 1859 1311 1935 credum3

101 1933 240 1992 Eumae
260 1951 332 1991 vcro
352 1941 397 1991 est
420 1933 641 1992 instrumentum
665 1941 695 1992 et
716 1933 843 1992 medium
866 1954 919 2012 per
940 1935 1019 2010 quod
1040 1935 1136 1994 credo.
1180 1936 1267 1996 Unde
1288 1938 1314 1996 si

103 2013 257 2090 quaeritur,
275 2012 337 2071 our
349 2015 394 2070 vel
403 2022 525 2087 propter
538 2013 608 2090 quid
619 2011 736 2071 credam
751 2011 928 2090 Scriptumm
941 2032 1005 2072 esse
1021 2012 1175 2088 Divinum
1196 2033 1314 2091 respon-

104 2091 183 2150 debo
193 2093 250 2150 hoc
261 2091 325 2149 ficri
334 2100 452 2168 propter
461 2091 553 2168 ipsum
565 2089 742 2167 Scriptnmm
753 2109 818 2166 qum
829 2111 860 2149 ee
870 2091 958 2149 telem
969 2111 1021 2168 per
1030 2099 1114 2150 notus
1122 2091 1314 2154 demonstrat:

107 2171 142 2229 Si
155 2170 306 2248 querius,
324 2171 405 2230 Unde
416 2189 466 2228 eccs
478 2191 498 2229 a
511 2189 566 2248 quo
585 2169 637 2228 fiet
650 2178 684 2228 ut
697 2169 820 2246 credam,
842 2170 1021 2246 respondebo
1034 2189 1053 2228 s
1067 2170 1178 2248 Spiritu
1198 2171 1314 2247 Sancto,

106 2251 158 2327 qui
182 2249 273 2308 iidem
294 2249 380 2308 istum
399 2249 430 2307 in
454 2267 500 2307 me
521 2248 676 2326 produxit:
705 2249 838 2324 Denique
859 2249 883 2306 si
905 2249 1052 2325 quaeritur,
1076 2251 1141 2316 Quo
1160 2251 1252 2309 nudie
1273 2255 1318 2310 orl

107 2349 219 2466 olel-iffi>
232 2327 413 2466 hocmcrrpdum
424 2349 431 2403 ;
452 2327 632 2406 respondebo
642 2346 695 2405 per
703 2327 863 2388 Ecclesium
874 2348 932 2406 que
942 2328 1033 2388 utitur
1043 2328 1124 2388 Deus
1135 2328 1165 2386 in
1175 2329 1316 2389 tredendo

220 2427 262 2466 cn

148 2487 225 2546 vn.
255 2428 285 2546 d)
308 2487 374 2546 Non
393 2485 530 2563 queritur
549 2485 587 2544 de
604 2485 715 2545 motivo
733 2505 784 2546 eeu
802 2486 897 2545 medio
917 2489 1075 2562 ιὶειιγυγαᾷ
1095 2494 1125 2546 et
1144 2493 1314 2568 λωονςγαᾷ,

108 2564 1313 2722 stfflsumzuutuutuusteumenum

109 2721 1105 2939 sffirstsnustuuttdumlmn
1118 2724 1315 2882 sessus

113 2900 130 2938 c
224 2899 269 2939 us.

152 2959 243 3018 VIII.
271 2962 301 3018 4.
330 2958 397 3018 Non
419 2958 564 3035 queritur,
586 2955 637 3015 An
658 2956 811 3016 Reveletio
832 2958 941 3018 Divino
964 2960 1003 3019 sit
1023 2959 1091 3018 fidei
1114 2969 1221 3019 nostre
1242 2961 1316 3021 mtio

111 3037 241 3098 formulis
255 3037 425 3115 simpliciter
435 3045 464 3096 et
478 3036 608 3095 obsolute
618 3058 625 3110 ;
642 3035 699 3096 hoo
709 3037 787 3095 enim
797 3035 968 3095 Adversarii
977 3038 1128 3096 nobiscum
1138 3047 1315 3114 agnoscunt:

112 3116 173 3176 Sed
186 3135 321 3194 quaeuem
334 3117 373 3176 sit
386 3115 437 3173 illu
450 3115 603 3174 Reveletio
617 3115 708 3174 nostri
721 3123 854 3192 respectu
873 3116 966 3191 primu
979 3125 1009 3174 et
1022 3116 1172 3174 notissimo
1185 3136 1251 3192 qum
1264 3135 1316 3194 per

111 3204 142 3254 et
161 3204 281 3272 propter
300 3214 332 3253 se
353 3194 443 3272 recipi
464 3193 559 3268 debet,
578 3213 637 3252 non
650 3212 721 3253 vero
741 3201 859 3270 proptor
878 3193 967 3252 ullum
987 3193 1073 3252 elium
1093 3213 1159 3270 que
1179 3195 1264 3254 nobis
1277 3195 1316 3256 sit

112 3275 217 3349 notior,
233 3292 355 3350 quaequc
368 3273 441 3332 odeo
456 3271 494 3347 sit
506 3272 772 3331 communissimum
792 3280 822 3329 et
840 3271 965 3347 primum
985 3270 1054 3330 fidei
1072 3273 1245 3350 principium
1265 3294 1316 3352 per

111 3351 192 3429 quod
205 3352 304 3410 omniu
316 3351 432 3430 probuti
445 3348 577 3424 debeant,
588 3349 684 3427 ipsum
694 3369 764 3408 vero
778 3369 796 3408 s
808 3349 889 3408 nullo
902 3350 996 3428 priore
1009 3373 1016 3409 ι
1038 3349 1088 3408 An
1101 3351 1153 3410 ille
1163 3352 1315 3414 Revelutio

110 3431 144 3489 in
158 3430 310 3507 Scriptum
322 3428 477 3507 querende
490 3429 537 3503 sit,
552 3427 602 3486 An
615 3447 685 3487 vero
699 3427 729 3484 in
743 3427 897 3487 Ecclesia?
938 3428 999 3488 Nos
1012 3429 1216 3490 revelationem
1230 3432 1316 3492 istem

112 3508 175 3568 sols
196 3507 346 3585 Scriptum
359 3507 500 3567 contineri
513 3525 671 3580 censemus,
687 3525 752 3582 quae
771 3507 862 3584 primu
875 3514 920 3566 est
933 3515 963 3567 et
982 3507 1142 3569 msulibifis
1155 3509 1272 3570 Veritus
1285 3520 1317 3571 et

112 3585 181 3646 fidei
200 3587 313 3663 regule.
355 3585 500 3646 Pontificii
512 3603 582 3644 vero
601 3585 633 3645 in
654 3585 792 3644 Ecclesim
806 3605 879 3646 voce
899 3595 928 3646 et
947 3588 1112 3647 testimonio
1132 3589 1316 3665 querendam

113 3683 178 3724 esse
198 3673 337 3724 statuum
378 3665 515 3740 staplete.
536 3663 587 3723 lib.
604 3666 629 3738 1,
646 3663 682 3722 de
695 3664 774 3724 suth.
789 3665 870 3724 Eccl.
885 3673 985 3724 contre
1002 3668 1105 3742 Wuto,
1119 3685 1145 3725 c.
1160 3670 1189 3726 8.
1229 3669 1316 3728 Nunc

113 3763 181 3818 apo
200 3763 363 3819 supremum
382 3753 529 3803 extentum
549 3742 732 3801 tesmonium
752 3743 781 3802 in
801 3745 885 3802 tenu
897 3754 938 3803 cst
950 3747 1085 3804 Ecclesia
1097 3765 1154 3804 vox
1163 3769 1175 3818 ‚·
1196 3753 1226 3802 et
1245 3765 1271 3803 c.
1285 3748 1314 3804 9.

115 3824 194 3880 Deus
212 3823 446 3898 pernoctantem
466 3824 580 3899 laquem
598 3841 655 3880 nou
675 3821 759 3880 aliter
779 3823 911 3899 loquitar,
934 3843 1020 3899 mcum
1040 3825 1067 3881 εἰ
1085 3823 1317 3897 turmodieteper

113 3902 231 3959 ώὼιιω
249 3911 277 3961 ει
289 3901 409 3976 sommis,
428 3910 480 3960 aut
494 3901 590 3977 quood
609 3900 668 3958 alie
686 3902 899 3976 supernaturali
917 3902 1064 3962 revelandi
1077 3904 1160 3960 modo
1176 3903 1256 3958 Deru
1274 3903 1314 3959 lo·

114 3989 265 4056 puerum
285 3988 315 4039 et
330 4000 357 4039 c.
374 3981 421 4056 14,
441 3979 463 4038 1,
487 3981 533 4038 12.
557 3981 628 4038 Tuta
641 3979 777 4053 fomente
794 3981 870 4039 ratio
882 3981 958 4058 fidei
974 3988 1079 4039 nosue
1103 3987 1144 4036 est
1162 3980 1243 4036 Deum
1258 3997 1317 4054 per

113 4058 272 4118 Eccleuizru
283 4061 422 4118 revelans.
464 4057 592 4118 Gretser.
607 4057 646 4116 de
666 4057 769 4136 Script.
790 4059 878 4118 Ceno.
898 4078 923 4116 e.
939 4062 966 4116 7.
1007 4055 1317 4115 &munumentum

113 4137 248 4195 Ecclesia
266 4147 333 4214 apte
353 4137 484 4195 redditur
497 4139 540 4194 ad
557 4135 843 4212 punctioueuflude
855 4137 908 4194 ecte
921 4136 1101 4211 dempturum
1115 4134 1317 4194 medicininos

112 4217 288 4276 numan!
330 4215 408 4274 Bell.
422 4215 453 4274 li.
469 4217 497 4288 3,
512 4214 548 4273 de
563 4215 603 4274 V.
617 4215 654 4273 D.
669 4235 695 4273 c.
712 4217 758 4290 10,
773 4233 848 4291 resp.
863 4213 901 4272 sd
914 4233 974 4289 urg.
992 4213 1039 4270 13.
1082 4211 1197 4272 Certum
1211 4222 1255 4272 tet
1265 4233 1316 4274 uos

14 4439 16 4536 l
113 4453 311 4593 menatem
329 4417 471 4512 levem
484 4453 608 4526 uadunt,
628 4451 696 4528 quic
715 4392 872 4508 Eecqlumium
885 4449 927 4507 ite
940 4449 1073 4507 &eutem
1086 4457 1114 4508 et
1125 4451 1316 4511 declus-m

14 4603 16 4678 ἵ
150 4610 206 4672 IX.
229 4611 365 4690 Quaestio
378 4627 451 4685 ergo
464 4607 605 4687 redigitur
618 4605 656 4670 ud
669 4608 723 4668 hos
736 4607 882 4684 terminos,
900 4606 961 4668 our
973 4627 1021 4670 seu
1038 4616 1160 4686 propter
1173 4609 1244 4692 quid
1254 4626 1313 4666 ere-

14 4699 15 4704 ’
1137 4701 1155 4741 s
