3250 5176
260 347 317 406 606
735 365 825 406 socos
840 364 980 406 uncinus.
1283 343 1411 426 [onnsr.
1427 363 1469 402 rr.

256 507 328 568 lium
342 507 483 568 virtutum
497 507 679 587 operationes
692 507 768 584 edat,
784 507 970 568 antecedente
984 525 1126 566 concursu
1142 505 1199 564 Dei
1222 512 1252 566 et
1272 505 1385 564 auxilio
1405 507 1470 584 ejus

231 590 243 612 '
258 588 396 668 generali,
412 609 470 666 quo
484 597 616 667 spectant
629 589 751 647 virtutes
766 589 935 664 Gentilium,
952 587 988 647 de
1002 587 1108 665 quibus
1121 594 1238 664 postee;
1257 585 1316 644 Sed
1330 586 1471 663 quaritur
1574 617 1575 624 κ

257 669 295 728 de
309 671 379 728 boae
392 671 536 746 spirituali
547 678 577 729 et
589 669 808 746 supernaturale,
826 668 905 746 quod
925 677 1040 746 gratum
1053 675 1244 744 etaooeptum
1258 666 1298 726 sit
1311 667 1397 726 Deo:
1419 667 1471 724 An
1574 651 1575 720 ζ

257 749 345 808 home
359 749 390 807 in
404 759 482 811 statu
495 751 606 828 peccati
630 749 672 808 ita
685 749 722 808 sit
737 757 897 826 corruptus,
922 758 956 808 ut
976 748 1060 806 liberi
1079 747 1142 825 ejus
1156 746 1268 806 arbitrii
1282 747 1360 806 vires
1374 746 1473 824 quoad
1574 803 1575 822 ,

257 829 366 889 bonum
390 829 477 907 istud,
503 850 561 888 non
585 827 672 888 modo
697 829 755 889 sint
768 829 949 888 labefactatae
963 836 993 888 et
1006 828 1120 904 attrita,
1136 827 1188 886 sed
1201 827 1287 905 plane
1301 826 1471 906 deperditae,

257 919 290 968 ut
304 910 376 968 nihil
391 911 438 969 vel
452 911 514 969 reri
528 909 662 970 salutaris
686 929 869 986 cognoscere,
895 909 944 968 vel
964 909 1033 967 boni
1054 916 1191 986 praestare
1205 917 1311 986 queat3
1335 907 1386 966 An
1400 927 1472 967 vero

254 989 394 1050 voluntas
421 990 484 1068 ejus
512 1009 626 1067 semper
650 989 688 1050 sit
715 989 873 1070 ἆμφιρῥιπὶς,
899 997 928 1048 et
952 988 990 1047 ad
1017 998 1170 1066 utrumque
1198 989 1398 1066 oppositorum
1426 989 1470 1046 in-

258 1069 402 1128 differens.
444 1070 530 1130 Prius
545 1069 689 1129 affirmant
703 1070 882 1146 Ortbodoxi3
906 1069 1054 1129 Posterius
1069 1068 1250 1128 Adversarii.

297 1149 353 1209 1v.
375 1149 442 1209 Non
466 1151 606 1228 quaeritur
629 1150 666 1210 de
682 1151 812 1226 potentia
826 1170 878 1209 seu
893 1152 1036 1224 facultate
1049 1150 1178 1208 nonanti
1195 1148 1365 1225 voluntatis,
1381 1168 1473 1226 aqua

260 1237 305 1289 est
319 1229 414 1308 ipsum
428 1231 504 1290 velle
518 1231 567 1290 vel
580 1231 667 1306 nolle,
683 1251 748 1308 quas
765 1231 893 1308 potentio
903 1231 1003 1306 pomo
1016 1230 1116 1288 vocari
1128 1236 1233 1308 potest,
1256 1237 1285 1288 et
1293 1230 1472 1307 primarium

257 1311 403 1370 metniale
416 1311 562 1370 actionum
577 1311 738 1370 moralium.
781 1312 854 1370 Hac
875 1311 952 1370 enim
971 1330 1085 1388 semper
1098 1311 1129 1369 in
1142 1309 1259 1368 bomine
1272 1317 1381 1386 manet,
1403 1319 1434 1370 et
1454 1329 1472 1368 a

255 1389 350 1450 brutis
363 1411 415 1468 per
428 1411 492 1450 eam
506 1392 714 1470 distinguitur:
738 1391 797 1450 Sed
817 1390 853 1449 de
875 1391 1053 1468 dispositione
1073 1390 1138 1468 ejus
1158 1390 1264 1449 morali
1275 1389 1313 1447 ad
1327 1390 1405 1449 bens
1419 1411 1471 1449 vo·
1574 1423 1575 1460 1

256 1469 385 1547 lendum,
400 1491 465 1550 quae
474 1473 604 1549 potentio
617 1475 740 1532 secando
750 1491 802 1531 seu
808 1472 981 1548 principium
987 1474 1115 1546 formate
1129 1470 1236 1530 dieitur
1248 1469 1366 1530 illarum
1380 1470 1470 1530 aetio-
1574 1473 1575 1480 ’

257 1570 346 1690 nupt:
368 1573 435 1611 nam
458 1563 492 1613 ut
514 1573 532 1612 a
553 1553 683 1631 potentia
704 1553 830 1614 naturali
852 1551 916 1612 fluit
930 1556 957 1612 rt
971 1551 1057 1628 velle,
1072 1551 1114 1611 ita
1132 1549 1353 1628 adispositione
1368 1551 1473 1610 morali

254 1637 283 1691 st
318 1651 371 1690 ene
385 1633 470 1692 velle.

297 1711 335 1770 V.
357 1713 402 1770 Eo
416 1712 491 1771 redit
505 1732 575 1789 ergo
590 1712 727 1788 Quaestio,
750 1712 801 1770 An
814 1712 901 1770 homo
916 1711 1089 1789 irregeuitus
1103 1731 1153 1770 eas
1166 1710 1245 1770 vires
1257 1709 1343 1769 liberi
1357 1709 1473 1770 arbitrii

256 1789 352 1850 adhuc
365 1791 480 1868 babeat,
495 1800 528 1852 ut
542 1793 580 1852 sit
593 1793 761 1852 indifferens
775 1793 812 1851 sd
826 1792 935 1852 bouum
950 1801 979 1851 et
993 1793 1110 1868 malum,
1126 1800 1155 1850 et
1168 1791 1261 1870 possit
1273 1809 1333 1849 non
1347 1810 1471 1868 peecare

256 1871 319 1930 sine
333 1871 427 1949 grstia
437 1873 673 1951 regenerationis.
716 1871 871 1932 Affirmant
885 1871 1076 1950 Adversarii3
1099 1873 1161 1932 Nos
1174 1891 1325 1949 negamus

298 1951 354 2012 VI.
376 1952 571 2013 Adversarios
592 1953 640 2013 hie
652 1952 795 2013 habemus
809 1953 984 2032 Pelagianos
998 1962 1113 2013 veteres
1127 1960 1156 2012 et
1169 1971 1271 2027 novos,
1293 1951 1345 2028 qui
1369 1951 1472 2011 Liberi

256 2029 382 2092 Arbitrii
396 2033 513 2094 Idolum
526 2033 557 2092 iu
571 2054 636 2093 aree
650 2042 802 2112 reponunt,
828 2043 858 2093 et
881 2043 914 2093 ut
938 2033 1045 2093 iaciant
1066 2033 1199 2092 homines
1220 2032 1336 2106 liberos,
1359 2031 1473 2092 faciunt

257 2113 423 2191 sacrilegos.
466 2114 549 2174 Licet
563 2134 632 2174 vero
646 2115 821 2174 recentiores
835 2113 967 2173 odiosum
980 2133 1086 2173 nomen
1106 2120 1136 2172 et
1157 2112 1264 2190 dogma
1279 2111 1395 2189 Pelagii
1408 2133 1427 2170 a
1442 2133 1473 2172 se

256 2192 381 2252 sollicite
394 2213 528 2253 amovere
543 2193 686 2271 studeant,
702 2215 756 2254 neo
770 2203 868 2254 exerte
882 2193 1011 2272 profiteri
1025 2193 1150 2253 audeant
1160 2192 1240 2270 quod
1247 2192 1297 2250 ille
1312 2192 1470 2268 statuebat,

257 2272 415 2333 Hominem
430 2274 490 2334 suis
498 2274 610 2334 viribus
624 2275 735 2353 aliquid
748 2275 787 2334 ad
800 2276 891 2334 vitam
905 2275 1052 2333 eoelestem
1064 2293 1165 2351 posse:
1187 2272 1359 2332 Nonminus
1373 2281 1472 2332 tamen

256 2371 322 2412 enm
336 2372 371 2412 eo
385 2353 502 2431 faciunt,
518 2355 587 2414 dum
608 2375 667 2414 non
687 2355 777 2433 pudet
790 2355 877 2432 ipsos,
899 2354 1045 2414 bominem
1059 2373 1093 2412 ac
1108 2353 1203 2412 Deum
1216 2353 1248 2410 iu
1262 2352 1365 2411 salutis
1379 2373 1470 2430 nego·

256 2432 298 2492 tio
312 2441 450 2510 tanquam
473 2454 575 2495 causas
594 2436 731 2512 partiales
752 2435 934 2511 consociare3
957 2443 1043 2510 atque
1063 2434 1105 2492 ita
1126 2433 1225 2492 Liberi
1246 2431 1371 2492 Arbitrii
1392 2434 1471 2492 vires

256 2513 344 2572 etiam
358 2513 396 2572 ad
408 2514 517 2574 bonum
531 2515 561 2572 in
574 2515 691 2574 bomine
704 2515 786 2594 lapso
801 2533 950 2592 superesse
964 2514 1077 2573 volunt.
1119 2513 1160 2573 Et
1172 2513 1210 2572 de
1230 2513 1390 2572 Scriniams
1403 2514 1467 2590 qui-

255 2591 322 2650 dem
336 2612 382 2650 res
396 2613 455 2651 non
469 2594 592 2652 obseura
612 2601 665 2652 est.
699 2595 717 2626 “
732 2595 806 2652 Nam
821 2595 846 2652 si
860 2593 996 2671 inprime
1010 2593 1156 2670 bomine,”
1172 2592 1267 2671 inquit
1283 2593 1371 2668 Soei,
1388 2593 1467 2652 Prae·

255 2671 322 2730 leot.
338 2691 399 2749 cap.
414 2692 454 2747 v,
478 2675 573 2732 “ante
587 2673 700 2750 lapsum
723 2673 846 2732 liberum
870 2673 1021 2732 arbitrium
1035 2673 1097 2749 fuit,
1124 2673 1204 2732 nulla
1226 2693 1313 2732 causa
1335 2683 1389 2748 est,
1417 2694 1469 2733 cur

255 2759 372 2831 propter
385 2751 498 2830 lapsum
513 2773 547 2812 eo
560 2753 669 2831 privari
682 2752 822 2830 debuerit,
838 2752 1072 2831 quandoquidem
1083 2773 1136 2811 neo
1149 2753 1191 2811 rei
1205 2752 1296 2831 ipsius
1309 2761 1415 2812 natura
1438 2753 1468 2812 id

255 2833 392 2911 postulat,
408 2851 462 2892 nee
477 2833 533 2892 Dei
542 2833 657 2911 justitia
680 2833 818 2912 patitur.’'
863 2833 945 2892 Licet
959 2853 1028 2892 vero
1042 2842 1144 2910 postea
1156 2833 1288 2909 fateatur,
1303 2833 1334 2892 iu
1347 2833 1468 2893 bomine

255 2920 322 2991 post
335 2920 485 2990 peecatum
499 2913 562 2973 dari
576 2933 711 2992 magnam
725 2914 762 2972 sd
775 2914 954 2993 peccandum
968 2913 1188 2992 proclivitatem,
1208 2920 1238 2972 et
1252 2913 1375 2990 exiguas
1389 2915 1469 2972 vires

256 2992 294 3052 ad
309 3013 343 3052 ea
355 2994 520 3071 praestanda
533 3013 597 3073 qna
613 2994 677 3053 Lex
686 2993 790 3072 jubet,
813 2994 880 3053 Non
902 2995 943 3052 ita
966 3003 1062 3053 tamen
1084 2993 1207 3071 exiguas
1227 3013 1290 3052 esse
1304 2993 1378 3070 vult,
1403 2995 1422 3026 ‘⁸
1437 3004 1470 3053 nt

255 3074 352 3150 homo,
366 3075 422 3133 Dei
436 3095 490 3152 ope
504 3075 687 3151 acoedents,'’
711 3073 750 3133 id.
765 3075 875 3134 auxilio
889 3083 1018 3150 externo,
1043 3081 1076 3133 ut
1096 3073 1308 3152 interpretatur,
1331 3076 1349 3106 “
1365 3073 1390 3132 si
1413 3073 1469 3133 sibi

255 3154 312 3232 ipsi
325 3155 386 3214 vim
399 3153 494 3215 facere
508 3155 588 3230 velit,
601 3155 674 3232 Legi
685 3154 793 3214 divina
806 3173 907 3233 parere
920 3174 978 3213 non
991 3153 1113 3232 possit”
1135 3153 1220 3214 Idem
1225 3153 1364 3231 Volkeli,
1376 3153 1430 3215 lib.
1442 3175 1471 3212 v.

257 3253 283 3294 o.
301 3236 347 3310 18,
363 3235 473 3310 statuit,
489 3244 519 3295 st
532 3236 582 3294 alii
597 3255 663 3295 oum
677 3255 721 3294 eo.

296 3314 370 3373 VII.
393 3315 496 3390 Quoad
510 3314 687 3392 Pontificios,
702 3315 771 3376 lieet
791 3313 946 3375 rideantur
966 3331 1173 3392 nonnunquam
1197 3322 1307 3374 naturas
1328 3313 1472 3393 deprava·

255 3392 364 3453 tionern
378 3415 544 3487 agnoscere,
556 3404 585 3454 et
599 3395 701 3473 gratie
714 3395 915 3455 necessitatem
925 3415 1037 3474 urgere,
1052 3414 1111 3453 non
1125 3394 1262 3454 desinunt
1275 3403 1373 3454 minen
1385 3395 1472 3454 liberi

256 3471 368 3531 arbitrii
381 3493 459 3532 vires
474 3493 561 3550 supra
580 3474 699 3533 modum
720 3475 869 3535 extollere.
904 3475 952 3535 Sic
967 3475 1104 3536 Bellarm.
1115 3475 1166 3553 qui
1178 3475 1231 3534 lib.
1245 3475 1286 3534 vi.
1300 3474 1337 3534 de
1350 3483 1428 3554 grat
1444 3484 1474 3535 et

255 3551 307 3612 lib.
322 3551 405 3612 arbit.
420 3572 483 3630 cap.
497 3555 526 3628 4,
542 3553 653 3627 asserst,
677 3556 695 3588 “
710 3554 777 3612 Non
791 3574 876 3632 posse
899 3554 1044 3614 bominem
1068 3556 1130 3614 sine
1153 3555 1272 3634 speciali
1296 3555 1353 3614 Dei
1378 3557 1475 3632 gratis

255 3633 366 3710 aliquid
379 3631 473 3692 faeere
487 3641 538 3692 aut
551 3633 626 3692 velle
640 3633 672 3691 in
685 3633 721 3693 iis
735 3634 822 3694 rebus
835 3634 948 3714 quae'ad
959 3635 1095 3712 pietatem
1109 3643 1139 3694 et
1153 3635 1274 3694 salutem
1285 3635 1436 3713 pertinent
1445 3636 1476 3712 ;²'

257 3714 341 3788 Item,
365 3715 384 3746 “
399 3713 465 3773 Non
478 3733 564 3794 posse
578 3713 724 3773 bominem
737 3714 861 3793 propriis
875 3715 988 3774 viribus
997 3715 1035 3774 ad
1045 3715 1169 3792 gratiam
1183 3735 1214 3776 so
1229 3715 1392 3794 disponere,
1408 3717 1474 3776 sive

256 3793 367 3872 aliquid
381 3793 475 3854 faeere
489 3795 698 3874 propterquod
712 3794 806 3874 gratia
819 3794 920 3854 diviua
933 3796 960 3854 ei
974 3793 1139 3855 conferatur
1150 3797 1177 3856 :³¹
1199 3795 1282 3855 Alibi
1296 3803 1395 3856 tamen
1414 3795 1474 3854 lur-

256 3894 323 3932 vam
338 3874 413 3933 hane
438 3875 495 3934 sibi
519 3875 653 3954 detrabit,
679 3876 730 3936 lib.
745 3897 774 3936 v.
790 3893 852 3953 oap.
867 3878 896 3952 9,
919 3895 1009 3953 quum
1034 3876 1136 3936 statuit
1159 3885 1190 3937 et
1202 3876 1324 3954 probare
1339 3883 1475 3952 sonatur,

258 3955 278 3986 “
293 3954 450 4014 Hominem
464 3975 551 4033 posse
565 3956 629 4016 sine
641 3957 751 4016 auxilio
767 3955 887 4034 speciali
899 3956 1008 4015 bonum
1029 3956 1147 4033 aliquod
1160 3955 1268 4015 morale
1282 3955 1433 4034 perficere,
1450 3958 1477 4016 si

256 4033 339 4094 nulls
352 4036 474 4095 tentatio
488 4037 620 4114 urgeat.”
662 4036 725 4096 Neo
739 4037 798 4096 alio
819 4035 937 4114 respicit
951 4037 1061 4097 Coneil.
1076 4037 1206 4096 Trident.
1222 4055 1310 4113 quum
1326 4037 1440 4096 Canon.
1455 4041 1477 4095 4

257 4121 287 4174 et
301 4116 329 4190 5,
353 4115 432 4176 Sese.
447 4119 475 4192 6,
490 4117 643 4176 anathema
656 4116 813 4177 denunciat
826 4115 870 4176 illi
890 4117 940 4194 qui
962 4115 1069 4176 dixerit
1091 4118 1109 4150 “
1124 4117 1262 4176 Liberum
1283 4115 1437 4175 arbitrium
1459 4137 1479 4175 a

259 4193 323 4254 Deo
337 4203 448 4255 motum
462 4205 493 4256 st
505 4197 665 4257 excitatum
678 4195 752 4255 nihil
766 4197 914 4275 cooperari
928 4195 1098 4256 assentienti
1112 4205 1199 4274 atque
1213 4197 1340 4271 vocanti,
1361 4215 1423 4273 quo
1438 4197 1479 4256 ad

258 4274 382 4352 gratiam
392 4275 611 4352 justificationis
624 4297 657 4337 se
680 4277 815 4355 disponat
829 4285 858 4337 et
871 4285 1021 4356 praeparet,
1045 4297 1099 4335 nee
1112 4295 1198 4355 posse
1213 4276 1366 4336 dissentire
1382 4275 1408 4336 si
1424 4296 1478 4336 ve·

258 4355 293 4416 lit
304 4355 334 4430 ;’'
358 4355 441 4431 Item,
465 4359 484 4390 “
500 4357 611 4434 Siquis
634 4365 701 4435 post
715 4357 790 4416 Adae
804 4365 955 4435 peccatum
968 4357 1092 4416 liberum
1106 4356 1258 4416 arbitrium
1282 4355 1425 4415 amissum
1447 4367 1482 4416 et

251 4434 420 4494 ⁴extinctum
442 4455 506 4495 osse
520 4435 627 4496 dixerit
640 4439 669 4514 ;''
692 4437 737 4496 Ne
754 4437 816 4515 jam
831 4437 879 4496 hio
899 4436 1056 4496 referamus
1078 4436 1292 4513 similitudines,
1307 4435 1416 4514 quibus
1439 4437 1481 4496 ad

258 4521 439 4600 poccatorem
453 4514 675 4576 describendum
688 4517 732 4576 nti
746 4517 849 4594 solent,
864 4517 959 4595 qualis
973 4527 1017 4576 est
1029 4517 1148 4576 tommo
1158 4517 1259 4594 spreti
1270 4527 1297 4578 et
1306 4517 1373 4591 ῑωεί,
1390 4518 1484 4594 eujus

258 4605 336 4676 arros
351 4593 457 4651 attrita
471 4594 589 4670 quidem
604 4595 663 4655 sint
676 4604 706 4656 et
719 4595 826 4672 frsotae,
849 4597 901 4656 sed
922 4617 980 4656 non
1002 4598 1119 4674 penitus
1141 4598 1264 4674 aruisse,
1288 4604 1318 4656 et
1339 4595 1481 4673 ejusdem

246 4665 340 4739 epoti
345 4677 372 4726 et
383 4671 475 4748 oront
487 4673 539 4750 qui
551 4674 630 4734 vires
638 4675 756 4754 quidem
764 4675 880 4754 babeat,
890 4675 941 4739 sed
949 4695 1022 4754 quas
1031 4695 1150 4738 exerere
1158 4684 1293 4756 nequeat,
1304 4675 1361 4735 nisi
1375 4675 1482 4746 solva-
