3158 5190
97 351 216 434 ounsr
229 365 290 447 ru]
623 383 848 428 nsscerrruss.
1294 371 1330 428 61

432 522 491 585 1x.
512 525 642 599 Inter-ua
658 543 723 600 que
742 523 899 602 potissimus
914 530 989 600 suut,
1005 532 1073 583 suut
1086 524 1173 583 etiam
1193 524 1331 603 multipli-

142 582 193 628 vs
205 582 328 630 hm·
390 623 448 662 ees.
492 606 518 662 1.
541 603 588 662 nx
601 613 681 681 pars
695 605 840 678 marm
862 603 1042 663 semesae
1055 605 1257 680 nysseorum
1269 607 1330 664 eu-

98 682 230 756 lr'ms'tus,
252 701 321 759 quse
343 682 428 740 nulls
448 683 567 741 rationis
587 683 744 760 sagacitate
765 683 934 760 investigari
953 683 1131 760 potuissent;
1154 683 1252 760 quelis
1265 692 1333 744 srmt

98 760 255 835 Trinitas,
280 761 459 836 Inoamatio‚
487 761 650 822 Satisfectio
674 762 789 837 Christi,
814 763 998 822 Resurrectio
1017 771 1202 837 mortuorum
1225 770 1255 822 et
1268 763 1332 823 sim.

100 841 335 916 stoeeeptonms
347 841 483 899 saucdtas
497 849 526 900 et
539 841 656 918 puritas,
671 861 736 920 quse
745 841 934 918 cogitationes
947 842 1063 918 ipsuset
1075 840 1195 901 effectus
1205 842 1334 902 internos

100 918 215 978 cordis
229 919 262 977 in
276 919 410 978 ordinem
424 928 540 997 cogunt,
555 929 586 979 et
605 927 673 998 epta
686 928 753 980 sunt
766 919 962 980 ssd-bominem
982 921 1060 980 omni
1073 921 1213 980 virtutum
1228 935 1333 998 genere

101 997 281 1074 perlectum
295 1005 327 1058 et
342 998 406 1058 Deo
420 998 541 1076 dignum
554 997 741 1060 reddendum.
785 1001 973 1060 oraculorum
986 999 1122 1060 derebus
1136 1000 1223 1060 etiem
1237 999 1332 1059 occul-

104 1077 243 1136 tissimis
257 1086 288 1137 et
302 1077 502 1137 remotissimis
511 1078 665 1138 cetitudo:
707 1078 870 1138 Praevidere
881 1079 966 1155 enim,
978 1087 1008 1138 et
1020 1079 1175 1157 predicere
1185 1077 1282 1138 future
1294 1097 1333 1138 ex

106 1156 184 1215 sola
210 1157 269 1215 Dei
291 1157 444 1216 voluntate
467 1157 631 1235 pendentia,
654 1157 745 1217 solius
764 1165 810 1217 est
833 1157 976 1234 Numinis,
998 1159 1057 1217 Isa
1078 1157 1131 1218 xli.
1150 1161 1199 1218 23.
1240 1163 1269 1219 2.
1285 1159 1333 1217 Ex

107 1245 203 1312 parte
223 1237 311 1312 styb‘3
333 1235 443 1294 Divina
462 1238 607 1313 Majostea
633 1255 693 1296 uon
706 1237 803 1296 minus
825 1256 863 1296 ex
877 1237 1060 1316 simplicitate
1083 1255 1170 1313 quam
1190 1239 1333 1314 gravitete

109 1314 262 1374 dictionis
282 1313 410 1390 elucens,
432 1324 462 1376 et
481 1335 594 1374 summa
613 1315 665 1374 illa
687 1315 839 1393 quibusvis
862 1317 1023 1395 promiscue
1037 1324 1067 1376 et
1080 1316 1200 1376 summis
1213 1336 1247 1374 ae
1267 1317 1334 1376 imis

111 1393 287 1471 imperandi
307 1397 439 1475 ιιρμά.
480 1397 509 1454 3.
531 1395 579 1453 Ex
598 1403 680 1473 perte
692 1398 820 1470 sermm
841 1395 967 1456 Divinus
985 1396 1120 1454 doctrines
1139 1415 1285 1455 comeare
1304 1404 1335 1456 et

113 1476 293 1553 πημιίι,
308 1493 368 1533 non
381 1472 468 1533 modo
481 1473 556 1532 inter
569 1482 722 1552 utrumque
743 1475 960 1534 Testamentum
974 1474 1193 1553 praedictionum
1207 1483 1236 1534 et
1249 1483 1333 1552 typo·

114 1571 188 1611 rum
201 1553 424 1630 complemento,
446 1553 499 1612 sed
518 1553 605 1612 etiam
619 1553 694 1613 inter
714 1553 845 1630 singulos
864 1555 1013 1632 utriusque
1034 1553 1212 1613 Testamenti
1233 1553 1333 1630 libros,

116 1639 205 1690 tauto
218 1632 316 1708 magis
329 1630 485 1708 mirandus,
496 1640 605 1768 (luente
618 1631 734 1692 illorum
746 1632 915 1710 Scriptores,
926 1641 956 1692 et
965 1633 1063 1710 plures
1076 1651 1195 1692 numero
1209 1630 1333 1710 fuerunt,

117 1719 149 1768 et
164 1710 259 1769 variis
272 1711 452 1788 temporibus
465 1720 495 1771 et
519 1710 580 1770 eois
593 1711 777 1788 scripserrmt,
792 1711 869 1772 uude
883 1712 920 1771 de
933 1712 1020 1772 rebus
1040 1711 1201 1771 scribendis
1214 1712 1290 1771 iuter
1303 1731 1335 1771 ss

117 1789 256 1849 conform
270 1809 330 1848 non
340 1797 504 1868 potuerunt.
544 1793 574 1849 4.
596 1790 644 1847 Ex
654 1791 810 1882 pmtefinis
817 1815 830 1864 ‚·
850 1791 979 1850 omnium
987 1790 1026 1849 ad
1038 1791 1124 1850 unius
1136 1790 1192 1849 Dei
1202 1791 1333 1867 gloriam,

118 1877 151 1929 ot
164 1867 320 1928 bominum
340 1869 521 1928 sanctitatem
535 1877 565 1928 et
578 1868 701 1928 sulutem
721 1867 850 1928 directio.
892 1872 921 1929 5.
943 1870 991 1928 Ex
1010 1877 1091 1946 perte
1105 1871 1271 1946 effectuum,¹
1291 1870 1334 1928 di-

118 1948 203 2006 vinar
224 1947 365 2008 doctrinm
388 1949 457 2006 Lem
480 1956 510 2007 et
532 1948 679 2023 Efficacia,
705 1967 771 2024 que
790 1954 871 2007 tante
890 1956 943 2023 est,
968 1955 1001 2007 ut
1018 1948 1213 2024 penetrentior
1232 1949 1336 2025 quovis

120 2027 226 2104 gladio
246 2026 368 2104 ancipiti
381 2026 420 2086 ad
432 2027 524 2104 ipsam
547 2027 673 2086 animam
697 2025 851 2103 pertinget,
873 2023 961 2085 fidem
974 2033 1004 2086 et
1016 2025 1154 2104 pietatem
1173 2024 1336 2086 auditorum

121 2125 244 2167 snorum
259 2105 372 2182 mimis,
393 2105 532 2166 invictam
552 2105 773 2164 Confessoribus
792 2104 983 2164 constantium
1002 2105 1161 2182 ingeneret,
1178 2112 1212 2182 et
1225 2123 1337 2182 semper

121 2185 233 2245 victrix
248 2184 286 2245 de
300 2205 390 2262 regne
401 2186 515 2244 Setanse
529 2193 559 2244 et
571 2184 653 2244 falsis
664 2183 866 2261 Religionibus
879 2184 1045 2261 triumphet.
1087 2183 1158 2258 Qus·
1169 2203 1238 2242 saue
1252 2185 1336 2244 orite-

122 2266 168 2322 ria
182 2265 256 2324 talis
268 2272 345 2341 suut,
360 2265 437 2324 utin
455 2263 568 2324 nullum
587 2263 745 2324 humerum
766 2263 913 2341 scriptum,
928 2263 1006 2341 quod
1026 2263 1158 2322 humane
1172 2262 1337 2340 fragilitatis

122 2363 243 2422 semper
255 2364 315 2421 prae
329 2363 360 2403 se
374 2343 429 2404 lert
442 2351 620 2422 argumente,
636 2343 738 2402 cadere
758 2352 874 2420 queant,
890 2343 942 2402 sed
964 2343 1109 2419 Scriptum
1122 2362 1191 2402 vere
1204 2342 1335 2404 divinum

123 2433 272 2501 arguunt3
294 2424 420 2482 maxime
433 2422 549 2500 quando
561 2443 621 2482 nou
634 2423 762 2498 seorsim,
778 2421 830 2481 sed
843 2422 939 2482 omnia
952 2422 1039 2504 attgluc
1055 2421 1280 2484 considerentur.

167 2503 213 2562 X.
236 2503 303 2563 Nou
316 2502 476 2580 putandum
489 2511 585 2561 temen
599 2511 683 2562 notas
702 2501 774 2560 istas
807 2502 893 2561 ariter
906 2510 935 2562 et
949 2501 1053 2580 equali
1073 2501 1166 2580 gradu
1180 2501 1290 2579 fulgere
1304 2502 1335 2562 in

123 2581 265 2642 omnibus
279 2582 343 2642 Scri
364 2581 550 2642 turselibris:
592 2581 635 2641 Ut
648 2581 782 2640 euimste
836 2580 1336 2656 astellalncediffert;itei11hoc

126 2663 287 2739 Scriptura
301 2603 384 2736 ooelo,
399 2660 466 2720 libri
486 2660 604 2738 quidam
624 2659 832 2738 splendidiores
846 2669 876 2720 et
895 2661 1042 2720 uberiores
1055 2660 1129 2720 lucis
1142 2660 1239 2720 radios
1251 2662 1334 2720 emit·

124 2749 204 2814 tunt,
218 2741 271 2799 alii
289 2741 378 2818 longe
398 2740 542 2800 tenuiores
562 2747 592 2799 et
614 2741 772 2817 peuoiores,
795 2749 880 2817 prout
903 2741 997 2817 magis
1010 2739 1060 2800 vel
1072 2740 1168 2799 minus
1180 2741 1336 2799 necessarii

124 2828 199 2880 sunt
219 2819 368 2895 Ecclesiss,
390 2827 420 2878 et
443 2819 588 2878 doctrinas
608 2818 726 2896 majoris
747 2817 796 2877 vel
814 2819 933 2878 minoris
957 2819 1094 2878 momenti
1115 2819 1281 2895 contineut;
1302 2828 1337 2880 ut

125 2899 217 2976 longe
230 2899 325 2976 magis
338 2897 454 2958 redient
467 2898 522 2958 isto
543 2897 694 2977 splendore
709 2898 871 2976 Evangelia
890 2907 921 2958 et
934 2899 1074 2976 Epistola
1095 2896 1233 2973 Paulinus,
1248 2917 1336 2975 quem

124 2978 204 3037 liber
218 2977 324 3039 Ruthse
338 2978 387 3037 vel
402 2977 541 3052 Estherse,
556 2977 607 3036 sed
622 2985 718 3037 tamen
731 2985 841 3037 certum
854 2978 885 3036 in
895 2977 1030 3037 omnibus
1042 2995 1078 3034 ee
1090 2995 1155 3034 esse
1167 2976 1299 3036 veritatis
1306 2983 1339 3036 et

125 3055 1079 3213 dffdtffffittttlttttdtttttlttt
1098 3064 1336 3193 ..stultu

147 3223 228 3276 neat.

125 3237 146 3294 q
170 3295 233 3354 XI.
256 3295 322 3354 Non
335 3315 409 3374 opus
422 3303 467 3356 est
480 3295 575 3372 etiam,
590 3303 623 3356 ut
636 3303 713 3355 uotae
733 3294 798 3356 ista
817 3313 918 3354 omues
931 3294 961 3353 in
975 3293 1104 3372 quelibet
1116 3291 1184 3352 libri
1198 3291 1336 3353 Canonici

126 3375 265 3452 pericope
278 3376 327 3433 vel
340 3375 483 3435 versiculo
496 3383 655 3452 occurrant,
671 3374 776 3452 quibus
790 3374 827 3434 ab
838 3373 1016 3453 Apoorypho
1029 3373 1228 3450 disoematnr;
1249 3373 1336 3432 rolin

127 3454 257 3532 siugulis
279 3455 434 3534 Scriptura
518 3455 583 3514 'bus
596 3475 615 3514 a
627 3461 688 3515 toto
709 3455 868 3533 separatis:
889 3453 994 3514 suffieit
1006 3462 1040 3515 ut
1052 3453 1157 3512 deutur
1170 3453 1200 3511 iu
1216 3453 1337 3532 Scriptis

127 3533 248 3608 divinis,
262 3542 349 3610 prout
362 3463 579 3594 commater
592 3535 768 3612 conjunctim
782 3543 812 3594 et
826 3532 983 3594 secundum
997 3553 1029 3594 se
1041 3541 1111 3593 tota.

170 3613 251 3672 XII.
273 3612 356 3674 Licet
375 3611 456 3672 salsas
477 3613 646 3692 Religioues
670 3613 791 3674 Oriteria
809 3615 866 3674 iste
885 3613 1022 3674 doctrine
1043 3633 1103 3672 sues
1123 3611 1270 3672 vindicare
1290 3631 1338 3671 so·

129 3693 228 3768 leant;
251 3693 318 3752 Non
330 3692 427 3754 minus
441 3701 537 3753 temen
546 3695 627 3770 juste
640 3712 710 3752 vera
722 3693 828 3772 poterit
840 3693 892 3752 illa
905 3693 961 3754 sibi
969 3693 1115 3768 tribuere;
1137 3691 1206 3768 quis
1219 3710 1295 3750 vana
1307 3698 1338 3750 et

131 3772 203 3832 falsa
216 3771 367 3832 hominum
380 3771 516 3849 opulatio,
530 3771 573 3831 rei
586 3773 737 3832 veritatem
751 3793 810 3833 uon
819 3772 974 3834 labefactet
985 3795 993 3832 ι
1034 3773 1062 3832 N
1063 3791 1096 3830 ec
1107 3770 1132 3830 si
1142 3771 1237 3829 Tures
1247 3769 1336 3828 Alco·

130 3871 208 3928 rano,
224 3852 274 3910 vel
287 3852 412 3913 Judaeus
426 3851 541 3912 Osbalse
554 3871 615 3912 sure
628 3851 786 3912 divinetem
798 3853 952 3912 falsissime
972 3851 1092 3929 effingit,
1107 3849 1176 3926 quia
1189 3847 1295 3907 fabule
1307 3855 1338 3907 et

130 3932 280 3991 mendacia
290 3931 397 4009 quibus
409 3940 529 4008 uterque
542 3931 617 3992 liber
629 3939 707 3992 totus
720 3941 859 3992 consutus
867 3941 913 3993 est
922 3930 1097 3992 eontrarium
1110 3928 1181 3988 setis
1194 3925 1338 4004 products

131 4009 224 4070 tidelis
239 4011 398 4089 Scripturas
417 4011 512 4070 Sacrre
525 4030 584 4070 uon
596 4030 665 4071 vere
678 4012 784 4088 poterit
805 4012 973 4072 Divinatsm
986 4008 1151 4088 predicare,
1165 4005 1198 4063 in
1210 4023 1269 4081 qua
1281 4004 1336 4064 lul-

133 4091 316 4167 gentissimos
329 4089 438 4168 ubique
451 4089 534 4150 videt
544 4090 652 4150 divine
665 4090 806 4151 Veritatis
818 4090 923 4151 redies.
1213 4161 1220 4176 ι
1273 4161 1281 4176 .

169 4169 265 4230 XIII.
288 4169 431 4246 Quamvis
443 4167 516 4230 fidos
529 4169 702 4231 authoritate
715 4169 871 4231 testimonii
879 4169 996 4243 nitetur,
1007 4183 1067 4224 nou
1074 4171 1170 4224 autem
1181 4162 1338 4224 serentrfiee

134 4249 376 4312 demonstratione
387 4269 395 4324 3
416 4267 475 4307 uon
488 4249 618 4327 sequitur
636 4249 814 4328 argumentis
834 4246 1032 4306 artificialibus
1044 4262 1103 4302 nou
1115 4260 1200 4321 posse
1214 4242 1337 4303 subinde

136 4329 269 4410 edjuvmi,
284 4327 417 4388 maxime
430 4327 460 4386 in
473 4327 613 4406 principio
632 4328 702 4388 fidei
722 4325 916 4402 adstrueffl03
937 4324 1007 4403 quia
1021 4321 1095 4382 fides
1108 4330 1261 4400 antequam
1274 4342 1334 4384 ore-

134 4409 183 4488 dst,
197 4411 289 4472 debet
301 4415 485 4488 perspectam
498 4408 604 4468 babere
617 4407 800 4467 divinitatem
813 4405 910 4465 Testis
924 4405 971 4464 cui
984 4403 1099 4464 credere
1113 4402 1208 4477 debet,
1222 4422 1261 4462 ex
1274 4423 1334 4463 oer-

133 4492 163 4552 tis
175 4489 357 4572 qmbusdam
372 4486 448 4545 notis
461 4505 533 4562 quas
545 4488 577 4546 in
589 4507 625 4546 eo
644 4485 842 4565 deprehendit,
864 4485 935 4544 alies
949 4484 1004 4563 ipsi
1018 4484 1133 4544 credere
1152 4501 1211 4540 nou
1228 4490 1334 4560 posset.

132 4571 195 4634 llam
208 4572 263 4632 ubi
278 4569 393 4629 desunt
406 4564 519 4624 idonee
534 4566 622 4628 elicui
640 4566 775 4627 credendi
795 4565 929 4641 rationes,
944 4566 1012 4625 talis
1031 4564 1127 4625 Testis
1139 4561 1335 4622 testimouium

130 4675 178 4717 non
188 4657 293 4735 potest
309 4664 379 4707 088⁶
392 4645 538 4717 &hirenen
