<?xml version="1.0" encoding="UTF-8"?>
<!DOCTYPE html PUBLIC "-//W3C//DTD XHTML 1.0 Transitional//EN"
    "http://www.w3.org/TR/xhtml1/DTD/xhtml1-transitional.dtd">
<html xmlns="http://www.w3.org/1999/xhtml" xml:lang="en" lang="en">
 <head>
  <title>
</title>
<meta http-equiv="Content-Type" content="text/html;charset=utf-8" />
  <meta name='ocr-system' content='tesseract 3.04.00' />
  <meta name='ocr-capabilities' content='ocr_page ocr_carea ocr_par ocr_line ocrx_word'/>
</head>
<body>
  <div class='ocr_page' id='page_1' title='image "./francisciturret01pictgoog_0256.png"; bbox 0 0 3152 5178; ppageno 0'>
   <div class='ocr_carea' id='block_1_1' title="bbox 120 379 1328 462">
    <p class='ocr_par' dir='ltr' id='par_1_1' title="bbox 120 379 1328 462">
     <span class='ocr_line' id='line_1_1' title="bbox 120 379 1328 462; baseline 0.003 -20"><span class='ocrx_word' id='word_1_1' title='bbox 120 399 227 449; x_wconf 67' lang='lat' dir='ltr'><strong>enm.</strong></span> <span class='ocrx_word' id='word_1_2' title='bbox 243 379 314 462; x_wconf 73' lang='lat' dir='ltr'><strong>nn]</strong></span> <span class='ocrx_word' id='word_1_3' title='bbox 524 399 886 460; x_wconf 81' lang='lat' dir='ltr'><strong>nnoronno,r.rrn1no.</strong></span> <span class='ocrx_word' id='word_1_4' title='bbox 1271 387 1328 446; x_wconf 78' lang='lat'><strong>201</strong></span> 
     </span>
    </p>
   </div>
   <div class='ocr_carea' id='block_1_2' title="bbox 113 541 1332 4470">
    <p class='ocr_par' dir='ltr' id='par_1_2' title="bbox 114 541 1332 1584">
     <span class='ocr_line' id='line_1_2' title="bbox 124 541 1332 624; baseline 0.003 -22"><span class='ocrx_word' id='word_1_5' title='bbox 124 541 236 622; x_wconf 79' lang='lat' dir='ltr'><strong>precise</strong></span> <span class='ocrx_word' id='word_1_6' title='bbox 249 559 286 601; x_wconf 90' lang='lat' dir='ltr'><strong>ea</strong></span> <span class='ocrx_word' id='word_1_7' title='bbox 298 541 452 618; x_wconf 77' lang='lat' dir='ltr'><strong>voluntas,</strong></span> <span class='ocrx_word' id='word_1_8' title='bbox 473 561 532 622; x_wconf 87' lang='lat' dir='ltr'><strong>qua</strong></span> <span class='ocrx_word' id='word_1_9' title='bbox 545 543 627 603; x_wconf 86' lang='lat' dir='ltr'><strong>Deus</strong></span> <span class='ocrx_word' id='word_1_10' title='bbox 640 543 751 623; x_wconf 89' lang='lat' dir='ltr'><strong>aliquid</strong></span> <span class='ocrx_word' id='word_1_11' title='bbox 764 543 894 605; x_wconf 89' lang='lat' dir='ltr'><strong>decernit</strong></span> <span class='ocrx_word' id='word_1_12' title='bbox 913 543 1016 620; x_wconf 84' lang='lat' dir='ltr'><strong>secere,</strong></span> <span class='ocrx_word' id='word_1_13' title='bbox 1038 542 1086 603; x_wconf 87' lang='lat' dir='ltr'><strong>vel</strong></span> <span class='ocrx_word' id='word_1_14' title='bbox 1106 544 1279 624; x_wconf 72' lang='lat' dir='ltr'><strong>permittere,</strong></span> <span class='ocrx_word' id='word_1_15' title='bbox 1302 555 1332 606; x_wconf 89' lang='lat' dir='ltr'><strong>et</strong></span> 
     </span>
     <span class='ocr_line' id='line_1_3' title="bbox 121 622 1332 704; baseline 0.003 -22"><span class='ocrx_word' id='word_1_16' title='bbox 121 623 158 682; x_wconf 87' lang='lat' dir='ltr'><strong>da</strong></span> <span class='ocrx_word' id='word_1_17' title='bbox 177 641 234 700; x_wconf 90' lang='lat' dir='ltr'><strong>qna</strong></span> <span class='ocrx_word' id='word_1_18' title='bbox 256 622 371 681; x_wconf 84' lang='lat' dir='ltr'><strong>nullam</strong></span> <span class='ocrx_word' id='word_1_19' title='bbox 395 622 486 681; x_wconf 86' lang='lat' dir='ltr'><strong>aliam</strong></span> <span class='ocrx_word' id='word_1_20' title='bbox 509 625 650 684; x_wconf 86' lang='lat' dir='ltr'><strong>rationem</strong></span> <span class='ocrx_word' id='word_1_21' title='bbox 675 625 797 685; x_wconf 88' lang='lat' dir='ltr'><strong>reddere</strong></span> <span class='ocrx_word' id='word_1_22' title='bbox 823 624 918 703; x_wconf 89' lang='lat' dir='ltr'><strong>possis</strong></span> <span class='ocrx_word' id='word_1_23' title='bbox 945 624 1161 703; x_wconf 86' lang='lat' dir='ltr'><strong>utplurimum,</strong></span> <span class='ocrx_word' id='word_1_24' title='bbox 1184 626 1240 684; x_wconf 91' lang='lat' dir='ltr'><strong>nisi</strong></span> <span class='ocrx_word' id='word_1_25' title='bbox 1263 628 1332 704; x_wconf 87' lang='lat' dir='ltr'><strong>quia</strong></span> 
     </span>
     <span class='ocr_line' id='line_1_4' title="bbox 123 703 1330 786; baseline 0.002 -23"><span class='ocrx_word' id='word_1_26' title='bbox 123 704 164 764; x_wconf 85' lang='lat' dir='ltr'><strong>alc</strong></span> <span class='ocrx_word' id='word_1_27' title='bbox 177 703 371 762; x_wconf 84' lang='lat' dir='ltr'><strong>Deolibitum</strong></span> <span class='ocrx_word' id='word_1_28' title='bbox 385 710 449 762; x_wconf 90' lang='lat' dir='ltr'><strong>est:</strong></span> <span class='ocrx_word' id='word_1_29' title='bbox 470 721 523 782; x_wconf 89' lang='lat' dir='ltr'><strong>par</strong></span> <span class='ocrx_word' id='word_1_30' title='bbox 544 705 725 765; x_wconf 88' lang='lat' dir='ltr'><strong>voluntatem</strong></span> <span class='ocrx_word' id='word_1_31' title='bbox 746 724 817 765; x_wconf 86' lang='lat' dir='ltr'><strong>vero</strong></span> <span class='ocrx_word' id='word_1_32' title='bbox 838 706 985 786; x_wconf 62' lang='lat' dir='ltr'><strong>saperes,</strong></span> <span class='ocrx_word' id='word_1_33' title='bbox 1011 725 1046 764; x_wconf 88' lang='lat' dir='ltr'><strong>ea</strong></span> <span class='ocrx_word' id='word_1_34' title='bbox 1068 725 1127 783; x_wconf 90' lang='lat' dir='ltr'><strong>qua</strong></span> <span class='ocrx_word' id='word_1_35' title='bbox 1148 705 1214 765; x_wconf 88' lang='lat' dir='ltr'><strong>vult</strong></span> <span class='ocrx_word' id='word_1_36' title='bbox 1226 726 1330 785; x_wconf 91' lang='lat' dir='ltr'><strong>propo·</strong></span> 
     </span>
     <span class='ocr_line' id='line_1_5' title="bbox 125 783 1330 864; baseline 0.003 -22"><span class='ocrx_word' id='word_1_37' title='bbox 125 801 189 842; x_wconf 83' lang='lat' dir='ltr'><strong>nera</strong></span> <span class='ocrx_word' id='word_1_38' title='bbox 202 784 349 842; x_wconf 76' lang='lat' dir='ltr'><strong>Creatura</strong></span> <span class='ocrx_word' id='word_1_39' title='bbox 371 783 499 844; x_wconf 86' lang='lat' dir='ltr'><strong>officium</strong></span> <span class='ocrx_word' id='word_1_40' title='bbox 521 803 614 863; x_wconf 89' lang='lat' dir='ltr'><strong>suum,</strong></span> <span class='ocrx_word' id='word_1_41' title='bbox 638 795 775 864; x_wconf 85' lang='lat' dir='ltr'><strong>tanquam</strong></span> <span class='ocrx_word' id='word_1_42' title='bbox 799 806 861 846; x_wconf 89' lang='lat' dir='ltr'><strong>rem</strong></span> <span class='ocrx_word' id='word_1_43' title='bbox 883 797 995 863; x_wconf 55' lang='lat' dir='ltr'><strong>matam</strong></span> <span class='ocrx_word' id='word_1_44' title='bbox 1019 786 1074 845; x_wconf 89' lang='lat' dir='ltr'><strong>sibi</strong></span> <span class='ocrx_word' id='word_1_45' title='bbox 1096 787 1175 846; x_wconf 91' lang='lat' dir='ltr'><strong>etin</strong></span> <span class='ocrx_word' id='word_1_46' title='bbox 1195 807 1254 864; x_wconf 79' lang='lat' dir='ltr'><strong>qua</strong></span> <span class='ocrx_word' id='word_1_47' title='bbox 1274 789 1330 848; x_wconf 92' lang='lat' dir='ltr'><strong>sibi</strong></span> 
     </span>
     <span class='ocr_line' id='line_1_6' title="bbox 121 863 1330 1028; baseline 0.005 -26"><span class='ocrx_word' id='word_1_48' title='bbox 121 863 367 1020; x_wconf 44' lang='lat' dir='ltr'><strong>cfflffim</strong></span> <span class='ocrx_word' id='word_1_49' title='bbox 381 941 490 1003; x_wconf 57' lang='lat' dir='ltr'><strong>subulas</strong></span> <span class='ocrx_word' id='word_1_50' title='bbox 509 963 714 1023; x_wconf 86' lang='lat' dir='ltr'><strong>nonnunquam</strong></span> <span class='ocrx_word' id='word_1_51' title='bbox 735 945 945 1006; x_wconf 74' lang='lat' dir='ltr'><strong>confundamus</strong></span> <span class='ocrx_word' id='word_1_52' title='bbox 965 965 1032 1006; x_wconf 88' lang='lat' dir='ltr'><strong>cnm</strong></span> <span class='ocrx_word' id='word_1_53' title='bbox 1045 947 1182 1028; x_wconf 64' lang='lat' dir='ltr'><strong>tingensis,</strong></span> <span class='ocrx_word' id='word_1_54' title='bbox 1203 946 1273 1007; x_wconf 90' lang='lat' dir='ltr'><strong>dum</strong></span> <span class='ocrx_word' id='word_1_55' title='bbox 1293 947 1330 1009; x_wconf 92' lang='lat' dir='ltr'><strong>de</strong></span> 
     </span>
     <span class='ocr_line' id='line_1_7' title="bbox 117 1023 1330 1105; baseline 0.006 -24"><span class='ocrx_word' id='word_1_56' title='bbox 117 1023 178 1082; x_wconf 90' lang='lat' dir='ltr'><strong>illis</strong></span> <span class='ocrx_word' id='word_1_57' title='bbox 191 1023 301 1084; x_wconf 87' lang='lat' dir='ltr'><strong>dicitur</strong></span> <span class='ocrx_word' id='word_1_58' title='bbox 313 1023 421 1101; x_wconf 90' lang='lat' dir='ltr'><strong>quibus</strong></span> <span class='ocrx_word' id='word_1_59' title='bbox 436 1027 517 1085; x_wconf 80' lang='lat' dir='ltr'><strong>Deus</strong></span> <span class='ocrx_word' id='word_1_60' title='bbox 537 1024 704 1103; x_wconf 80' lang='lat' dir='ltr'>delectatur,</span> <span class='ocrx_word' id='word_1_61' title='bbox 727 1027 796 1104; x_wconf 87' lang='lat' dir='ltr'><strong>quia</strong></span> <span class='ocrx_word' id='word_1_62' title='bbox 815 1027 846 1086; x_wconf 90' lang='lat' dir='ltr'><strong>in</strong></span> <span class='ocrx_word' id='word_1_63' title='bbox 866 1027 903 1086; x_wconf 92' lang='lat' dir='ltr'><strong>iis</strong></span> <span class='ocrx_word' id='word_1_64' title='bbox 924 1034 969 1086; x_wconf 87' lang='lat' dir='ltr'><strong>est</strong></span> <span class='ocrx_word' id='word_1_65' title='bbox 988 1028 1113 1105; x_wconf 73' lang='lat' dir='ltr'><strong>qualitas</strong></span> <span class='ocrx_word' id='word_1_66' title='bbox 1133 1031 1182 1086; x_wconf 89' lang='lat' dir='ltr'><strong>vel</strong></span> <span class='ocrx_word' id='word_1_67' title='bbox 1202 1029 1330 1089; x_wconf 90' lang='lat' dir='ltr'><strong>conditio</strong></span> 
     </span>
     <span class='ocr_line' id='line_1_8' title="bbox 116 1103 1329 1187; baseline 0.006 -25"><span class='ocrx_word' id='word_1_68' title='bbox 116 1104 217 1181; x_wconf 81' lang='lat' dir='ltr'><strong>aliqua</strong></span> <span class='ocrx_word' id='word_1_69' title='bbox 230 1123 297 1182; x_wconf 82' lang='lat' dir='ltr'><strong>quae</strong></span> <span class='ocrx_word' id='word_1_70' title='bbox 312 1123 379 1163; x_wconf 86' lang='lat' dir='ltr'><strong>cum</strong></span> <span class='ocrx_word' id='word_1_71' title='bbox 394 1103 451 1164; x_wconf 90' lang='lat' dir='ltr'><strong>Dei</strong></span> <span class='ocrx_word' id='word_1_72' title='bbox 463 1113 568 1165; x_wconf 85' lang='lat' dir='ltr'><strong>natura</strong></span> <span class='ocrx_word' id='word_1_73' title='bbox 580 1107 724 1182; x_wconf 89' lang='lat' dir='ltr'><strong>convenit,</strong></span> <span class='ocrx_word' id='word_1_74' title='bbox 746 1127 868 1185; x_wconf 85' lang='lat' dir='ltr'><strong>quaequc</strong></span> <span class='ocrx_word' id='word_1_75' title='bbox 882 1107 948 1166; x_wconf 91' lang='lat' dir='ltr'><strong>ideo</strong></span> <span class='ocrx_word' id='word_1_76' title='bbox 961 1109 1025 1185; x_wconf 90' lang='lat' dir='ltr'><strong>ejus</strong></span> <span class='ocrx_word' id='word_1_77' title='bbox 1039 1107 1167 1166; x_wconf 84' lang='lat' dir='ltr'><strong>levorem</strong></span> <span class='ocrx_word' id='word_1_78' title='bbox 1180 1109 1329 1187; x_wconf 83' lang='lat' dir='ltr'><strong>conciliat;</strong></span> 
     </span>
     <span class='ocr_line' id='line_1_9' title="bbox 118 1184 1328 1266; baseline 0.005 -24"><span class='ocrx_word' id='word_1_79' title='bbox 118 1185 267 1261; x_wconf 88' lang='lat' dir='ltr'><strong>quomodo</strong></span> <span class='ocrx_word' id='word_1_80' title='bbox 281 1184 319 1244; x_wconf 92' lang='lat' dir='ltr'><strong>de</strong></span> <span class='ocrx_word' id='word_1_81' title='bbox 333 1184 450 1245; x_wconf 83' lang='lat' dir='ltr'><strong>Christo</strong></span> <span class='ocrx_word' id='word_1_82' title='bbox 464 1184 535 1245; x_wconf 88' lang='lat' dir='ltr'><strong>dicit</strong></span> <span class='ocrx_word' id='word_1_83' title='bbox 549 1187 643 1263; x_wconf 82' lang='lat' dir='ltr'><strong>Pater,</strong></span> <span class='ocrx_word' id='word_1_84' title='bbox 659 1187 765 1247; x_wconf 87' lang='lat' dir='ltr'><strong>Matth.</strong></span> <span class='ocrx_word' id='word_1_85' title='bbox 781 1188 820 1248; x_wconf 90' lang='lat' dir='ltr'><strong>iii.</strong></span> <span class='ocrx_word' id='word_1_86' title='bbox 838 1191 885 1247; x_wconf 87' lang='grc'><strong>17.</strong></span> <span class='ocrx_word' id='word_1_87' title='bbox 900 1185 956 1265; x_wconf 71' lang='grc' dir='ltr'><strong>1ιᾷ</strong></span> <span class='ocrx_word' id='word_1_88' title='bbox 970 1185 1095 1260; x_wconf 54' lang='lat' dir='ltr'><strong>edinen,</strong></span> <span class='ocrx_word' id='word_1_89' title='bbox 1108 1189 1147 1248; x_wconf 90' lang='lat' dir='ltr'><strong>id.</strong></span> <span class='ocrx_word' id='word_1_90' title='bbox 1163 1207 1221 1266; x_wconf 92' lang='lat' dir='ltr'><strong>quo</strong></span> <span class='ocrx_word' id='word_1_91' title='bbox 1241 1190 1328 1249; x_wconf 84' lang='lat' dir='ltr'><strong>vehe-</strong></span> 
     </span>
     <span class='ocr_line' id='line_1_10' title="bbox 116 1264 1328 1346; baseline 0.007 -24"><span class='ocrx_word' id='word_1_92' title='bbox 116 1264 300 1324; x_wconf 82' lang='lat' dir='ltr'><strong>mentissime</strong></span> <span class='ocrx_word' id='word_1_93' title='bbox 314 1265 459 1342; x_wconf 86' lang='lat' dir='ltr'><strong>delector;</strong></span> <span class='ocrx_word' id='word_1_94' title='bbox 481 1267 614 1343; x_wconf 88' lang='lat' dir='ltr'><strong>quamvis</strong></span> <span class='ocrx_word' id='word_1_95' title='bbox 628 1275 658 1326; x_wconf 89' lang='lat' dir='ltr'><strong>et</strong></span> <span class='ocrx_word' id='word_1_96' title='bbox 670 1268 726 1327; x_wconf 92' lang='lat' dir='ltr'><strong>hoc</strong></span> <span class='ocrx_word' id='word_1_97' title='bbox 746 1287 805 1327; x_wconf 91' lang='lat' dir='ltr'><strong>non</strong></span> <span class='ocrx_word' id='word_1_98' title='bbox 818 1269 894 1327; x_wconf 89' lang='lat' dir='ltr'><strong>male</strong></span> <span class='ocrx_word' id='word_1_99' title='bbox 914 1268 1013 1328; x_wconf 85' lang='lat' dir='ltr'><strong>referri</strong></span> <span class='ocrx_word' id='word_1_100' title='bbox 1033 1269 1126 1346; x_wconf 82' lang='lat' dir='ltr'>possit</span> <span class='ocrx_word' id='word_1_101' title='bbox 1144 1269 1182 1326; x_wconf 89' lang='lat' dir='ltr'><strong>ad</strong></span> <span class='ocrx_word' id='word_1_102' title='bbox 1195 1269 1328 1330; x_wconf 85' lang='lat' dir='ltr'><strong>volunta·</strong></span> 
     </span>
     <span class='ocr_line' id='line_1_11' title="bbox 114 1345 1330 1426; baseline 0.005 -22"><span class='ocrx_word' id='word_1_103' title='bbox 114 1352 209 1404; x_wconf 84' lang='lat' dir='ltr'><strong>tatem</strong></span> <span class='ocrx_word' id='word_1_104' title='bbox 236 1345 421 1423; x_wconf 74' lang='lat' dir='ltr'><strong>beneplaciti,</strong></span> <span class='ocrx_word' id='word_1_105' title='bbox 448 1365 535 1424; x_wconf 88' lang='lat' dir='ltr'><strong>qnam</strong></span> <span class='ocrx_word' id='word_1_106' title='bbox 557 1347 689 1406; x_wconf 78' lang='lat' dir='ltr'><strong>Christus</strong></span> <span class='ocrx_word' id='word_1_107' title='bbox 723 1347 931 1426; x_wconf 87' lang='lat' dir='ltr'><strong>perfectissime</strong></span> <span class='ocrx_word' id='word_1_108' title='bbox 958 1349 1097 1426; x_wconf 84' lang='lat' dir='ltr'><strong>implevit,</strong></span> <span class='ocrx_word' id='word_1_109' title='bbox 1127 1349 1330 1411; x_wconf 85' lang='lat' dir='ltr'><strong>satisfaciendo</strong></span> 
     </span>
     <span class='ocr_line' id='line_1_12' title="bbox 116 1425 1329 1510; baseline 0.006 -26"><span class='ocrx_word' id='word_1_110' title='bbox 116 1425 139 1484; x_wconf 83' lang='lat' dir='ltr'>J</span> <span class='ocrx_word' id='word_1_111' title='bbox 141 1425 251 1485; x_wconf 69' lang='lat' dir='ltr'><strong>ustitia</strong></span> <span class='ocrx_word' id='word_1_112' title='bbox 264 1425 347 1503; x_wconf 86' lang='lat' dir='ltr'><strong>ejus:</strong></span> <span class='ocrx_word' id='word_1_113' title='bbox 368 1426 416 1484; x_wconf 91' lang='lat' dir='ltr'><strong>bic</strong></span> <span class='ocrx_word' id='word_1_114' title='bbox 429 1435 527 1486; x_wconf 85' lang='lat' dir='ltr'><strong>temen</strong></span> <span class='ocrx_word' id='word_1_115' title='bbox 541 1429 639 1488; x_wconf 89' lang='lat' dir='ltr'><strong>stricte</strong></span> <span class='ocrx_word' id='word_1_116' title='bbox 658 1429 781 1488; x_wconf 81' lang='lat' dir='ltr'><strong>sumitur</strong></span> <span class='ocrx_word' id='word_1_117' title='bbox 792 1447 846 1508; x_wconf 87' lang='lat' dir='ltr'><strong>pro</strong></span> <span class='ocrx_word' id='word_1_118' title='bbox 859 1428 984 1506; x_wconf 88' lang='lat' dir='ltr'><strong>decreto,</strong></span> <span class='ocrx_word' id='word_1_119' title='bbox 1000 1431 1083 1510; x_wconf 88' lang='lat' dir='ltr'><strong>cujus</strong></span> <span class='ocrx_word' id='word_1_120' title='bbox 1096 1429 1178 1489; x_wconf 87' lang='lat' dir='ltr'><strong>nulla</strong></span> <span class='ocrx_word' id='word_1_121' title='bbox 1190 1431 1264 1491; x_wconf 90' lang='lat' dir='ltr'><strong>ratio</strong></span> <span class='ocrx_word' id='word_1_122' title='bbox 1278 1451 1329 1491; x_wconf 86' lang='lat' dir='ltr'><strong>ex-</strong></span> 
     </span>
     <span class='ocr_line' id='line_1_13' title="bbox 117 1505 699 1584; baseline 0.005 -20"><span class='ocrx_word' id='word_1_123' title='bbox 117 1513 163 1564; x_wconf 87' lang='lat' dir='ltr'><strong>tra</strong></span> <span class='ocrx_word' id='word_1_124' title='bbox 177 1505 236 1565; x_wconf 89' lang='lat' dir='ltr'><strong>Dei</strong></span> <span class='ocrx_word' id='word_1_125' title='bbox 250 1505 464 1584; x_wconf 87' lang='lat' dir='ltr'><strong>beneplacitum</strong></span> <span class='ocrx_word' id='word_1_126' title='bbox 478 1507 632 1584; x_wconf 74' lang='lat' dir='ltr'><strong>quaerenda</strong></span> <span class='ocrx_word' id='word_1_127' title='bbox 645 1515 699 1567; x_wconf 89' lang='lat' dir='ltr'><strong>est.</strong></span> 
     </span>
    </p>

    <p class='ocr_par' dir='ltr' id='par_1_3' title="bbox 113 1585 1331 2288">
     <span class='ocr_line' id='line_1_14' title="bbox 158 1585 1330 1668; baseline 0.007 -24"><span class='ocrx_word' id='word_1_128' title='bbox 158 1585 221 1645; x_wconf 84' lang='lat' dir='ltr'><strong>XI.</strong></span> <span class='ocrx_word' id='word_1_129' title='bbox 245 1589 387 1668; x_wconf 58' lang='lat' dir='ltr'><strong>stagnata</strong></span> <span class='ocrx_word' id='word_1_130' title='bbox 407 1585 642 1648; x_wconf 80' lang='lat' dir='ltr'><strong>contradictincte</strong></span> <span class='ocrx_word' id='word_1_131' title='bbox 663 1587 701 1647; x_wconf 90' lang='lat' dir='ltr'><strong>ad</strong></span> <span class='ocrx_word' id='word_1_132' title='bbox 720 1585 827 1647; x_wconf 65' lang='lat' dir='ltr'><strong>sidonio</strong></span> <span class='ocrx_word' id='word_1_133' title='bbox 846 1588 877 1648; x_wconf 89' lang='lat' dir='ltr'><strong>in</strong></span> <span class='ocrx_word' id='word_1_134' title='bbox 896 1589 952 1650; x_wconf 90' lang='lat' dir='ltr'><strong>hoc</strong></span> <span class='ocrx_word' id='word_1_135' title='bbox 972 1598 1143 1668; x_wconf 83' lang='lat' dir='ltr'><strong>argumento</strong></span> <span class='ocrx_word' id='word_1_136' title='bbox 1156 1590 1230 1649; x_wconf 93' lang='lat' dir='ltr'><strong>nihil</strong></span> <span class='ocrx_word' id='word_1_137' title='bbox 1250 1591 1330 1652; x_wconf 86' lang='lat' dir='ltr'><strong>aliud</strong></span> 
     </span>
     <span class='ocr_line' id='line_1_15' title="bbox 117 1668 1330 1750; baseline 0.006 -24"><span class='ocrx_word' id='word_1_138' title='bbox 117 1675 200 1726; x_wconf 76' lang='lat' dir='ltr'><strong>notat</strong></span> <span class='ocrx_word' id='word_1_139' title='bbox 214 1685 304 1744; x_wconf 76' lang='lat' dir='ltr'><strong>qnam</strong></span> <span class='ocrx_word' id='word_1_140' title='bbox 317 1685 427 1728; x_wconf 86' lang='lat' dir='ltr'><strong>maram</strong></span> <span class='ocrx_word' id='word_1_141' title='bbox 441 1668 686 1746; x_wconf 86' lang='lat' dir='ltr'><strong>complacentiam,</strong></span> <span class='ocrx_word' id='word_1_142' title='bbox 710 1689 769 1746; x_wconf 89' lang='lat' dir='ltr'><strong>qua</strong></span> <span class='ocrx_word' id='word_1_143' title='bbox 791 1671 872 1729; x_wconf 87' lang='lat' dir='ltr'><strong>Dens</strong></span> <span class='ocrx_word' id='word_1_144' title='bbox 892 1689 954 1729; x_wconf 86' lang='lat' dir='ltr'><strong>rem</strong></span> <span class='ocrx_word' id='word_1_145' title='bbox 978 1670 1104 1748; x_wconf 87' lang='lat' dir='ltr'><strong>aliquam</strong></span> <span class='ocrx_word' id='word_1_146' title='bbox 1117 1679 1152 1731; x_wconf 90' lang='lat' dir='ltr'><strong>ut</strong></span> <span class='ocrx_word' id='word_1_147' title='bbox 1169 1673 1279 1750; x_wconf 79' lang='lat' dir='ltr'><strong>Justam</strong></span> <span class='ocrx_word' id='word_1_148' title='bbox 1300 1682 1330 1733; x_wconf 93' lang='lat' dir='ltr'><strong>et</strong></span> 
     </span>
     <span class='ocr_line' id='line_1_16' title="bbox 121 1747 1329 1830; baseline 0.007 -25"><span class='ocrx_word' id='word_1_149' title='bbox 121 1757 250 1806; x_wconf 69' lang='lat' dir='ltr'><strong>muctam</strong></span> <span class='ocrx_word' id='word_1_150' title='bbox 264 1747 369 1826; x_wconf 91' lang='lat' dir='ltr'><strong>probat</strong></span> <span class='ocrx_word' id='word_1_151' title='bbox 382 1754 413 1806; x_wconf 91' lang='lat' dir='ltr'><strong>et</strong></span> <span class='ocrx_word' id='word_1_152' title='bbox 426 1766 461 1806; x_wconf 87' lang='lat' dir='ltr'><strong>ea</strong></span> <span class='ocrx_word' id='word_1_153' title='bbox 474 1747 642 1824; x_wconf 75' lang='lat' dir='ltr'><strong>delectatur,</strong></span> <span class='ocrx_word' id='word_1_154' title='bbox 656 1768 777 1826; x_wconf 91' lang='lat' dir='ltr'><strong>eamque</strong></span> <span class='ocrx_word' id='word_1_155' title='bbox 791 1758 943 1828; x_wconf 85' lang='lat' dir='ltr'><strong>propterea</strong></span> <span class='ocrx_word' id='word_1_156' title='bbox 955 1751 1021 1811; x_wconf 81' lang='lat' dir='ltr'><strong>nult</strong></span> <span class='ocrx_word' id='word_1_157' title='bbox 1033 1752 1189 1830; x_wconf 73' lang='lat' dir='ltr'><strong>precipere</strong></span> <span class='ocrx_word' id='word_1_158' title='bbox 1210 1753 1329 1813; x_wconf 80' lang='lat' dir='ltr'><strong>Creatsr-</strong></span> 
     </span>
     <span class='ocr_line' id='line_1_17' title="bbox 115 1825 1329 1909; baseline 0.005 -24"><span class='ocrx_word' id='word_1_159' title='bbox 115 1843 158 1884; x_wconf 82' lang='lat' dir='ltr'><strong>&#39;rae</strong></span> <span class='ocrx_word' id='word_1_160' title='bbox 172 1835 205 1886; x_wconf 90' lang='lat' dir='ltr'><strong>ut</strong></span> <span class='ocrx_word' id='word_1_161' title='bbox 215 1825 414 1906; x_wconf 84' lang='lat' dir='ltr'><strong>justissimum</strong></span> <span class='ocrx_word' id='word_1_162' title='bbox 427 1828 648 1905; x_wconf 71' lang='lat' dir='ltr'><strong>ejus&#39;officium:</strong></span> <span class='ocrx_word' id='word_1_163' title='bbox 670 1829 757 1890; x_wconf 87' lang='lat' dir='ltr'><strong>Unde</strong></span> <span class='ocrx_word' id='word_1_164' title='bbox 776 1848 836 1888; x_wconf 93' lang='lat' dir='ltr'><strong>non</strong></span> <span class='ocrx_word' id='word_1_165' title='bbox 850 1829 973 1890; x_wconf 87' lang='lat' dir='ltr'><strong>includit</strong></span> <span class='ocrx_word' id='word_1_166' title='bbox 984 1831 1100 1909; x_wconf 89' lang='lat' dir='ltr'><strong>proprie</strong></span> <span class='ocrx_word' id='word_1_167' title='bbox 1114 1831 1261 1891; x_wconf 89' lang='lat' dir='ltr'><strong>decretum</strong></span> <span class='ocrx_word' id='word_1_168' title='bbox 1281 1832 1329 1893; x_wconf 89' lang='lat' dir='ltr'><strong>vel</strong></span> 
     </span>
     <span class='ocr_line' id='line_1_18' title="bbox 119 1907 1331 1986; baseline 0.005 -21"><span class='ocrx_word' id='word_1_169' title='bbox 119 1907 290 1966; x_wconf 86' lang='lat' dir='ltr'><strong>relitioncrn</strong></span> <span class='ocrx_word' id='word_1_170' title='bbox 301 1907 428 1986; x_wconf 86' lang='lat' dir='ltr'><strong>aliquam</strong></span> <span class='ocrx_word' id='word_1_171' title='bbox 437 1909 468 1966; x_wconf 91' lang='lat' dir='ltr'><strong>in</strong></span> <span class='ocrx_word' id='word_1_172' title='bbox 482 1909 554 1985; x_wconf 86' lang='lat' dir='ltr'><strong>Deo,</strong></span> <span class='ocrx_word' id='word_1_173' title='bbox 570 1908 622 1968; x_wconf 86' lang='lat' dir='ltr'><strong>sed</strong></span> <span class='ocrx_word' id='word_1_174' title='bbox 632 1917 743 1968; x_wconf 76' lang='lat' dir='ltr'><strong>tantm</strong></span> <span class='ocrx_word' id='word_1_175' title='bbox 752 1909 888 1986; x_wconf 78' lang='lat' dir='ltr'><strong>importat</strong></span> <span class='ocrx_word' id='word_1_176' title='bbox 897 1910 939 1968; x_wconf 91' lang='lat' dir='ltr'><strong>rei</strong></span> <span class='ocrx_word' id='word_1_177' title='bbox 949 1911 1180 1970; x_wconf 84' lang='lat' dir='ltr'><strong>convenientiam</strong></span> <span class='ocrx_word' id='word_1_178' title='bbox 1194 1932 1259 1971; x_wconf 90' lang='lat' dir='ltr'><strong>curn</strong></span> <span class='ocrx_word' id='word_1_179' title='bbox 1273 1915 1331 1973; x_wconf 90' lang='lat' dir='ltr'><strong>Dei</strong></span> 
     </span>
     <span class='ocr_line' id='line_1_19' title="bbox 115 1987 1329 2068; baseline 0.003 -22"><span class='ocrx_word' id='word_1_180' title='bbox 115 1999 229 2062; x_wconf 79' lang='lat' dir='ltr'><strong>natura,</strong></span> <span class='ocrx_word' id='word_1_181' title='bbox 243 1987 333 2065; x_wconf 86' lang='lat' dir='ltr'><strong>juxta</strong></span> <span class='ocrx_word' id='word_1_182' title='bbox 339 2008 427 2066; x_wconf 86' lang='lat' dir='ltr'><strong>quarn</strong></span> <span class='ocrx_word' id='word_1_183' title='bbox 436 2007 494 2047; x_wconf 89' lang='lat' dir='ltr'><strong>non</strong></span> <span class='ocrx_word' id='word_1_184' title='bbox 507 1997 603 2066; x_wconf 84' lang='lat' dir='ltr'><strong>potest</strong></span> <span class='ocrx_word' id='word_1_185' title='bbox 615 2009 674 2048; x_wconf 90' lang='lat' dir='ltr'><strong>non</strong></span> <span class='ocrx_word' id='word_1_186' title='bbox 688 2009 784 2048; x_wconf 87' lang='lat' dir='ltr'><strong>amare</strong></span> <span class='ocrx_word' id='word_1_187' title='bbox 797 1989 877 2067; x_wconf 92' lang='lat' dir='ltr'><strong>quod</strong></span> <span class='ocrx_word' id='word_1_188' title='bbox 887 1990 1033 2050; x_wconf 73' lang='lat' dir='ltr'><strong>sanctitati</strong></span> <span class='ocrx_word' id='word_1_189' title='bbox 1046 1991 1138 2068; x_wconf 90' lang='lat' dir='ltr'><strong>ipsius</strong></span> <span class='ocrx_word' id='word_1_190' title='bbox 1151 1999 1196 2049; x_wconf 89' lang='lat' dir='ltr'><strong>est</strong></span> <span class='ocrx_word' id='word_1_191' title='bbox 1210 2011 1329 2052; x_wconf 90' lang='lat' dir='ltr'><strong>consen-</strong></span> 
     </span>
     <span class='ocr_line' id='line_1_20' title="bbox 117 2068 1331 2147; baseline 0.005 -21"><span class='ocrx_word' id='word_1_192' title='bbox 117 2075 257 2128; x_wconf 84' lang='lat' dir='ltr'><strong>taneum:</strong></span> <span class='ocrx_word' id='word_1_193' title='bbox 279 2068 356 2126; x_wconf 84' lang='lat' dir='ltr'><strong>Nam</strong></span> <span class='ocrx_word' id='word_1_194' title='bbox 369 2069 538 2146; x_wconf 83' lang='lat' dir='ltr'><strong>approbatio</strong></span> <span class='ocrx_word' id='word_1_195' title='bbox 559 2069 601 2128; x_wconf 90' lang='lat' dir='ltr'><strong>rei</strong></span> <span class='ocrx_word' id='word_1_196' title='bbox 625 2068 748 2147; x_wconf 86' lang='lat' dir='ltr'><strong>alicujus</strong></span> <span class='ocrx_word' id='word_1_197' title='bbox 769 2088 828 2128; x_wconf 90' lang='lat' dir='ltr'><strong>non</strong></span> <span class='ocrx_word' id='word_1_198' title='bbox 852 2069 988 2130; x_wconf 89' lang='lat' dir='ltr'><strong>continuo</strong></span> <span class='ocrx_word' id='word_1_199' title='bbox 1002 2077 1047 2130; x_wconf 89' lang='lat' dir='ltr'><strong>cst</strong></span> <span class='ocrx_word' id='word_1_200' title='bbox 1059 2071 1123 2147; x_wconf 91' lang='lat' dir='ltr'><strong>ejus</strong></span> <span class='ocrx_word' id='word_1_201' title='bbox 1135 2071 1254 2147; x_wconf 85' lang='lat' dir='ltr'><strong>volitio;</strong></span> <span class='ocrx_word' id='word_1_202' title='bbox 1276 2091 1331 2132; x_wconf 92' lang='lat' dir='ltr'><strong>nec</strong></span> 
     </span>
     <span class='ocr_line' id='line_1_21' title="bbox 113 2147 1331 2287; baseline 0.005 -81"><span class='ocrx_word' id='word_1_203' title='bbox 113 2147 143 2206; x_wconf 79' lang='lat' dir='ltr'><strong>&#39;ai</strong></span> <span class='ocrx_word' id='word_1_204' title='bbox 156 2147 384 2287; x_wconf 57' lang='lat' dir='ltr'><strong>pliqnidlpqobq</strong></span> <span class='ocrx_word' id='word_1_205' title='bbox 399 2148 508 2208; x_wconf 89' lang='lat' dir='ltr'><strong>idcirco</strong></span> <span class='ocrx_word' id='word_1_206' title='bbox 522 2149 620 2209; x_wconf 87' lang='lat' dir='ltr'><strong>statim</strong></span> <span class='ocrx_word' id='word_1_207' title='bbox 640 2149 671 2210; x_wconf 88' lang='lat' dir='ltr'><strong>id</strong></span> <span class='ocrx_word' id='word_1_208' title='bbox 691 2149 770 2209; x_wconf 85' lang='lat' dir='ltr'><strong>volo.</strong></span> <span class='ocrx_word' id='word_1_209' title='bbox 811 2147 884 2209; x_wconf 90' lang='lat' dir='ltr'><strong>Ideo</strong></span> <span class='ocrx_word' id='word_1_210' title='bbox 904 2150 1000 2211; x_wconf 86' lang='lat' dir='ltr'><strong>minus</strong></span> <span class='ocrx_word' id='word_1_211' title='bbox 1019 2150 1135 2229; x_wconf 91' lang='lat' dir='ltr'><strong>proprie</strong></span> <span class='ocrx_word' id='word_1_212' title='bbox 1148 2149 1255 2210; x_wconf 90' lang='lat' dir='ltr'><strong>dicitur</strong></span> <span class='ocrx_word' id='word_1_213' title='bbox 1274 2152 1331 2212; x_wconf 89' lang='lat' dir='ltr'><strong>ista</strong></span> 
     </span>
     <span class='ocr_line' id='line_1_22' title="bbox 117 2227 341 2288; baseline 0.013 -3"><span class='ocrx_word' id='word_1_214' title='bbox 117 2247 158 2287; x_wconf 77' lang='lat' dir='ltr'><strong>ro</strong></span> <span class='ocrx_word' id='word_1_215' title='bbox 167 2239 259 2288; x_wconf 79' lang='lat' dir='ltr'><strong>untes</strong></span> <span class='ocrx_word' id='word_1_216' title='bbox 321 2227 341 2288; x_wconf 88' lang='lat' dir='ltr'><strong>i.</strong></span> 
     </span>
    </p>

    <p class='ocr_par' dir='ltr' id='par_1_4' title="bbox 114 2307 1332 3283">
     <span class='ocr_line' id='line_1_23' title="bbox 158 2307 1330 2391; baseline 0.003 -23"><span class='ocrx_word' id='word_1_217' title='bbox 158 2307 241 2368; x_wconf 85' lang='lat' dir='ltr'><strong>XII.</strong></span> <span class='ocrx_word' id='word_1_218' title='bbox 261 2309 347 2368; x_wconf 88' lang='lat' dir='ltr'><strong>Licet</strong></span> <span class='ocrx_word' id='word_1_219' title='bbox 360 2307 399 2367; x_wconf 89' lang='lat' dir='ltr'><strong>ad</strong></span> <span class='ocrx_word' id='word_1_220' title='bbox 412 2307 592 2370; x_wconf 83' lang='lat' dir='ltr'><strong>voluntatem</strong></span> <span class='ocrx_word' id='word_1_221' title='bbox 613 2309 752 2391; x_wconf 67' lang='grc' dir='ltr'><strong>(ὄιςιπίις</strong></span> <span class='ocrx_word' id='word_1_222' title='bbox 772 2308 936 2388; x_wconf 90' lang='lat' dir='ltr'><strong>pertineant</strong></span> <span class='ocrx_word' id='word_1_223' title='bbox 956 2311 1044 2372; x_wconf 88' lang='lat' dir='ltr'><strong>etiam</strong></span> <span class='ocrx_word' id='word_1_224' title='bbox 1068 2309 1273 2390; x_wconf 78' lang='lat' dir='ltr'><strong>promissiones</strong></span> <span class='ocrx_word' id='word_1_225' title='bbox 1293 2311 1330 2372; x_wconf 91' lang='lat' dir='ltr'><strong>de</strong></span> 
     </span>
     <span class='ocr_line' id='line_1_24' title="bbox 121 2387 1331 2470; baseline 0.002 -22"><span class='ocrx_word' id='word_1_226' title='bbox 121 2389 212 2448; x_wconf 62' lang='lat' dir='ltr'><strong>alate</strong></span> <span class='ocrx_word' id='word_1_227' title='bbox 225 2387 326 2448; x_wconf 57' lang='lat' dir='ltr'><strong>buda</strong></span> <span class='ocrx_word' id='word_1_228' title='bbox 338 2388 530 2465; x_wconf 87' lang='lat' dir='ltr'><strong>credentibus,</strong></span> <span class='ocrx_word' id='word_1_229' title='bbox 543 2407 685 2467; x_wconf 83' lang='lat' dir='ltr'><strong>quaecum</strong></span> <span class='ocrx_word' id='word_1_230' title='bbox 698 2398 842 2468; x_wconf 70' lang='lat' dir='ltr'><strong>precepto</strong></span> <span class='ocrx_word' id='word_1_231' title='bbox 851 2389 1031 2470; x_wconf 81' lang='lat' dir='ltr'><strong>Evangelico</strong></span> <span class='ocrx_word' id='word_1_232' title='bbox 1045 2401 1256 2470; x_wconf 87' lang='lat' dir='ltr'><strong>proponuntur;</strong></span> <span class='ocrx_word' id='word_1_233' title='bbox 1271 2413 1331 2452; x_wconf 92' lang='lat' dir='ltr'><strong>non</strong></span> 
     </span>
     <span class='ocr_line' id='line_1_25' title="bbox 122 2467 1331 2552; baseline 0.002 -22"><span class='ocrx_word' id='word_1_234' title='bbox 122 2469 251 2547; x_wconf 83' lang='lat' dir='ltr'><strong>sequitur</strong></span> <span class='ocrx_word' id='word_1_235' title='bbox 263 2477 420 2528; x_wconf 87' lang='lat' dir='ltr'><strong>connotare</strong></span> <span class='ocrx_word' id='word_1_236' title='bbox 435 2467 539 2528; x_wconf 88' lang='lat' dir='ltr'><strong>debere</strong></span> <span class='ocrx_word' id='word_1_237' title='bbox 553 2469 671 2548; x_wconf 82' lang='lat' dir='ltr'><strong>aliquod</strong></span> <span class='ocrx_word' id='word_1_238' title='bbox 684 2470 832 2530; x_wconf 71' lang='lat' dir='ltr'><strong>decretum</strong></span> <span class='ocrx_word' id='word_1_239' title='bbox 845 2471 894 2532; x_wconf 86' lang='lat' dir='ltr'><strong>vel</strong></span> <span class='ocrx_word' id='word_1_240' title='bbox 907 2472 1076 2532; x_wconf 85' lang='lat' dir='ltr'><strong>volitionem</strong></span> <span class='ocrx_word' id='word_1_241' title='bbox 1096 2473 1211 2552; x_wconf 88' lang='lat' dir='ltr'><strong>proprie</strong></span> <span class='ocrx_word' id='word_1_242' title='bbox 1224 2472 1331 2533; x_wconf 88' lang='lat' dir='ltr'><strong>dictam</strong></span> 
     </span>
     <span class='ocr_line' id='line_1_26' title="bbox 121 2547 1332 2630; baseline 0.005 -22"><span class='ocrx_word' id='word_1_243' title='bbox 121 2549 348 2610; x_wconf 78' lang='lat' dir='ltr'><strong>conditionatum</strong></span> <span class='ocrx_word' id='word_1_244' title='bbox 361 2549 399 2608; x_wconf 90' lang='lat' dir='ltr'><strong>de</strong></span> <span class='ocrx_word' id='word_1_245' title='bbox 413 2547 509 2608; x_wconf 86' lang='lat' dir='ltr'><strong>danda</strong></span> <span class='ocrx_word' id='word_1_246' title='bbox 522 2549 656 2610; x_wconf 89' lang='lat' dir='ltr'><strong>omnibus</strong></span> <span class='ocrx_word' id='word_1_247' title='bbox 670 2549 781 2611; x_wconf 85' lang='lat' dir='ltr'><strong>salute:</strong></span> <span class='ocrx_word' id='word_1_248' title='bbox 802 2551 877 2611; x_wconf 87' lang='lat' dir='ltr'><strong>Nam</strong></span> <span class='ocrx_word' id='word_1_249' title='bbox 900 2551 960 2612; x_wconf 86' lang='lat' dir='ltr'><strong>tale</strong></span> <span class='ocrx_word' id='word_1_250' title='bbox 980 2552 1129 2613; x_wconf 76' lang='lat' dir='ltr'><strong>dormtum</strong></span> <span class='ocrx_word' id='word_1_251' title='bbox 1152 2572 1212 2611; x_wconf 90' lang='lat' dir='ltr'><strong>non</strong></span> <span class='ocrx_word' id='word_1_252' title='bbox 1232 2561 1332 2630; x_wconf 88' lang='lat' dir='ltr'><strong>posset</strong></span> 
     </span>
     <span class='ocr_line' id='line_1_27' title="bbox 121 2628 1332 2711; baseline 0.004 -23"><span class='ocrx_word' id='word_1_253' title='bbox 121 2631 278 2688; x_wconf 73' lang='lat' dir='ltr'><strong>consistere</strong></span> <span class='ocrx_word' id='word_1_254' title='bbox 291 2647 359 2690; x_wconf 85' lang='lat' dir='ltr'><strong>cum</strong></span> <span class='ocrx_word' id='word_1_255' title='bbox 370 2628 486 2688; x_wconf 89' lang='lat' dir='ltr'><strong>decreto</strong></span> <span class='ocrx_word' id='word_1_256' title='bbox 499 2629 717 2708; x_wconf 78' lang='lat' dir='ltr'><strong>reprobationis,</strong></span> <span class='ocrx_word' id='word_1_257' title='bbox 732 2649 786 2690; x_wconf 90' lang='lat' dir='ltr'><strong>nec</strong></span> <span class='ocrx_word' id='word_1_258' title='bbox 800 2651 866 2691; x_wconf 89' lang='lat' dir='ltr'><strong>cum</strong></span> <span class='ocrx_word' id='word_1_259' title='bbox 886 2633 1027 2710; x_wconf 86' lang='lat' dir='ltr'><strong>sapientia</strong></span> <span class='ocrx_word' id='word_1_260' title='bbox 1041 2633 1105 2709; x_wconf 90' lang='lat' dir='ltr'><strong>Dei,</strong></span> <span class='ocrx_word' id='word_1_261' title='bbox 1128 2634 1175 2692; x_wconf 89' lang='lat' dir='ltr'><strong>cui</strong></span> <span class='ocrx_word' id='word_1_262' title='bbox 1188 2641 1332 2711; x_wconf 88' lang='lat' dir='ltr'><strong>repugnat</strong></span> 
     </span>
     <span class='ocr_line' id='line_1_28' title="bbox 114 2708 1331 2791; baseline 0.005 -24"><span class='ocrx_word' id='word_1_263' title='bbox 114 2708 231 2788; x_wconf 74' lang='lat' dir='ltr'><strong>aliquid</strong></span> <span class='ocrx_word' id='word_1_264' title='bbox 252 2709 330 2769; x_wconf 85' lang='lat' dir='ltr'><strong>velle</strong></span> <span class='ocrx_word' id='word_1_265' title='bbox 354 2708 410 2769; x_wconf 88' lang='lat' dir='ltr'><strong>sub</strong></span> <span class='ocrx_word' id='word_1_266' title='bbox 433 2709 622 2770; x_wconf 90' lang='lat' dir='ltr'><strong>condititione</strong></span> <span class='ocrx_word' id='word_1_267' title='bbox 644 2711 824 2788; x_wconf 84' lang='lat' dir='ltr'><strong>impossibili,</strong></span> <span class='ocrx_word' id='word_1_268' title='bbox 849 2721 880 2771; x_wconf 90' lang='lat' dir='ltr'><strong>ct</strong></span> <span class='ocrx_word' id='word_1_269' title='bbox 902 2733 989 2791; x_wconf 89' lang='lat' dir='ltr'><strong>quam</strong></span> <span class='ocrx_word' id='word_1_270' title='bbox 1014 2714 1096 2772; x_wconf 89' lang='lat' dir='ltr'><strong>Deus</strong></span> <span class='ocrx_word' id='word_1_271' title='bbox 1119 2713 1181 2791; x_wconf 89' lang='lat' dir='ltr'><strong>ipsa</strong></span> <span class='ocrx_word' id='word_1_272' title='bbox 1201 2713 1331 2774; x_wconf 81' lang='lat' dir='ltr'><strong>decrerit</strong></span> 
     </span>
     <span class='ocr_line' id='line_1_29' title="bbox 116 2789 1330 2872; baseline 0.004 -24"><span class='ocrx_word' id='word_1_273' title='bbox 116 2789 265 2867; x_wconf 79' lang='lat' dir='ltr'><strong>denegare</strong></span> <span class='ocrx_word' id='word_1_274' title='bbox 288 2797 436 2866; x_wconf 73' lang='lat' dir='ltr'><strong>mactare,</strong></span> <span class='ocrx_word' id='word_1_275' title='bbox 456 2790 506 2867; x_wconf 89' lang='lat' dir='ltr'><strong>qui</strong></span> <span class='ocrx_word' id='word_1_276' title='bbox 528 2789 607 2849; x_wconf 89' lang='lat' dir='ltr'><strong>solus</strong></span> <span class='ocrx_word' id='word_1_277' title='bbox 629 2809 693 2850; x_wconf 89' lang='lat' dir='ltr'><strong>eam</strong></span> <span class='ocrx_word' id='word_1_278' title='bbox 715 2799 811 2868; x_wconf 88' lang='lat' dir='ltr'><strong>potest</strong></span> <span class='ocrx_word' id='word_1_279' title='bbox 832 2789 919 2869; x_wconf 75' lang='lat' dir='ltr'><strong>dare,</strong></span> <span class='ocrx_word' id='word_1_280' title='bbox 942 2793 993 2852; x_wconf 92' lang='lat' dir='ltr'><strong>sed</strong></span> <span class='ocrx_word' id='word_1_281' title='bbox 1014 2793 1083 2852; x_wconf 86' lang='lat' dir='ltr'><strong>hinc</strong></span> <span class='ocrx_word' id='word_1_282' title='bbox 1099 2801 1212 2852; x_wconf 87' lang='lat' dir='ltr'><strong>tantum</strong></span> <span class='ocrx_word' id='word_1_283' title='bbox 1233 2801 1330 2872; x_wconf 87' lang='lat' dir='ltr'><strong>potest</strong></span> 
     </span>
     <span class='ocr_line' id='line_1_30' title="bbox 122 2868 1329 2952; baseline 0.006 -26"><span class='ocrx_word' id='word_1_284' title='bbox 122 2869 230 2946; x_wconf 83' lang='lat' dir='ltr'><strong>colligi,</strong></span> <span class='ocrx_word' id='word_1_285' title='bbox 246 2868 310 2927; x_wconf 88' lang='lat' dir='ltr'><strong>dari</strong></span> <span class='ocrx_word' id='word_1_286' title='bbox 323 2888 432 2928; x_wconf 83' lang='lat' dir='ltr'><strong>nexum</strong></span> <span class='ocrx_word' id='word_1_287' title='bbox 445 2869 668 2947; x_wconf 78' lang='lat' dir='ltr'><strong>inseparabilem</strong></span> <span class='ocrx_word' id='word_1_288' title='bbox 681 2871 757 2931; x_wconf 89' lang='lat' dir='ltr'><strong>inter</strong></span> <span class='ocrx_word' id='word_1_289' title='bbox 776 2870 864 2931; x_wconf 87' lang='lat' dir='ltr'><strong>fidem</strong></span> <span class='ocrx_word' id='word_1_290' title='bbox 884 2881 914 2932; x_wconf 91' lang='lat' dir='ltr'><strong>et</strong></span> <span class='ocrx_word' id='word_1_291' title='bbox 934 2874 1065 2948; x_wconf 85' lang='lat' dir='ltr'><strong>salutem,</strong></span> <span class='ocrx_word' id='word_1_292' title='bbox 1081 2873 1132 2950; x_wconf 90' lang='lat' dir='ltr'><strong>qui</strong></span> <span class='ocrx_word' id='word_1_293' title='bbox 1146 2892 1163 2931; x_wconf 88' lang='lat' dir='ltr'><strong>a</strong></span> <span class='ocrx_word' id='word_1_294' title='bbox 1177 2873 1241 2931; x_wconf 91' lang='lat' dir='ltr'><strong>Deo</strong></span> <span class='ocrx_word' id='word_1_295' title='bbox 1264 2874 1329 2952; x_wconf 90' lang='lat' dir='ltr'><strong>ipso</strong></span> 
     </span>
     <span class='ocr_line' id='line_1_31' title="bbox 122 2948 1332 3029; baseline 0.004 -22"><span class='ocrx_word' id='word_1_296' title='bbox 122 2949 158 3008; x_wconf 89' lang='lat' dir='ltr'><strong>sit</strong></span> <span class='ocrx_word' id='word_1_297' title='bbox 172 2950 358 3025; x_wconf 87' lang='lat' dir='ltr'><strong>constitutus,</strong></span> <span class='ocrx_word' id='word_1_298' title='bbox 379 2956 414 3008; x_wconf 89' lang='lat' dir='ltr'><strong>ut</strong></span> <span class='ocrx_word' id='word_1_299' title='bbox 426 2968 511 3009; x_wconf 90' lang='lat' dir='ltr'><strong>nemo</strong></span> <span class='ocrx_word' id='word_1_300' title='bbox 525 2948 647 3010; x_wconf 69' lang='lat' dir='ltr'><strong>salutan</strong></span> <span class='ocrx_word' id='word_1_301' title='bbox 667 2951 760 3028; x_wconf 91' lang='lat' dir='ltr'><strong>possit</strong></span> <span class='ocrx_word' id='word_1_302' title='bbox 779 2950 910 3012; x_wconf 66' lang='lat' dir='ltr'><strong>obsum</strong></span> <span class='ocrx_word' id='word_1_303' title='bbox 929 2953 980 3029; x_wconf 92' lang='lat' dir='ltr'><strong>qui</strong></span> <span class='ocrx_word' id='word_1_304' title='bbox 993 2953 1080 3011; x_wconf 89' lang='lat' dir='ltr'><strong>fidem</strong></span> <span class='ocrx_word' id='word_1_305' title='bbox 1093 2971 1152 3011; x_wconf 89' lang='lat' dir='ltr'><strong>non</strong></span> <span class='ocrx_word' id='word_1_306' title='bbox 1165 2951 1278 3029; x_wconf 79' lang='lat' dir='ltr'><strong>habeat,</strong></span> <span class='ocrx_word' id='word_1_307' title='bbox 1301 2961 1332 3012; x_wconf 89' lang='lat' dir='ltr'><strong>et</strong></span> 
     </span>
     <span class='ocr_line' id='line_1_32' title="bbox 122 3028 1329 3108; baseline 0.002 -21"><span class='ocrx_word' id='word_1_308' title='bbox 122 3047 205 3088; x_wconf 85' lang='lat' dir='ltr'><strong>nemo</strong></span> <span class='ocrx_word' id='word_1_309' title='bbox 219 3028 309 3088; x_wconf 87' lang='lat' dir='ltr'><strong>fidem</strong></span> <span class='ocrx_word' id='word_1_310' title='bbox 322 3029 437 3104; x_wconf 85' lang='lat' dir='ltr'><strong>babeat,</strong></span> <span class='ocrx_word' id='word_1_311' title='bbox 451 3031 502 3107; x_wconf 92' lang='lat' dir='ltr'><strong>qui</strong></span> <span class='ocrx_word' id='word_1_312' title='bbox 515 3031 638 3090; x_wconf 72' lang='lat' dir='ltr'><strong>salutm</strong></span> <span class='ocrx_word' id='word_1_313' title='bbox 651 3030 810 3090; x_wconf 88' lang='lat' dir='ltr'><strong>certissime</strong></span> <span class='ocrx_word' id='word_1_314' title='bbox 830 3051 888 3090; x_wconf 91' lang='lat' dir='ltr'><strong>non</strong></span> <span class='ocrx_word' id='word_1_315' title='bbox 910 3040 1119 3108; x_wconf 83' lang='lat' dir='ltr'><strong>consequetur:</strong></span> <span class='ocrx_word' id='word_1_316' title='bbox 1141 3031 1188 3090; x_wconf 89' lang='lat' dir='ltr'><strong>Ita</strong></span> <span class='ocrx_word' id='word_1_317' title='bbox 1209 3032 1329 3107; x_wconf 89' lang='lat' dir='ltr'><strong>prornis-</strong></span> 
     </span>
     <span class='ocr_line' id='line_1_33' title="bbox 122 3109 1331 3188; baseline 0.002 -20"><span class='ocrx_word' id='word_1_318' title='bbox 122 3110 217 3168; x_wconf 84' lang='lat' dir='ltr'><strong>rioncs</strong></span> <span class='ocrx_word' id='word_1_319' title='bbox 231 3129 297 3187; x_wconf 81' lang='lat' dir='ltr'><strong>quae</strong></span> <span class='ocrx_word' id='word_1_320' title='bbox 311 3109 458 3169; x_wconf 74' lang='lat' dir='ltr'><strong>adduntur</strong></span> <span class='ocrx_word' id='word_1_321' title='bbox 469 3111 621 3188; x_wconf 70' lang='lat' dir='ltr'><strong>preceptis</strong></span> <span class='ocrx_word' id='word_1_322' title='bbox 644 3109 811 3188; x_wconf 85' lang='lat' dir='ltr'><strong>significant</strong></span> <span class='ocrx_word' id='word_1_323' title='bbox 831 3119 943 3170; x_wconf 86' lang='lat' dir='ltr'><strong>tantum</strong></span> <span class='ocrx_word' id='word_1_324' title='bbox 965 3110 1037 3188; x_wconf 91' lang='lat' dir='ltr'><strong>quid</strong></span> <span class='ocrx_word' id='word_1_325' title='bbox 1058 3111 1139 3170; x_wconf 88' lang='lat' dir='ltr'><strong>Deus</strong></span> <span class='ocrx_word' id='word_1_326' title='bbox 1152 3109 1272 3169; x_wconf 74' lang='lat' dir='ltr'><strong>damnus</strong></span> <span class='ocrx_word' id='word_1_327' title='bbox 1293 3111 1331 3170; x_wconf 92' lang='lat' dir='ltr'><strong>sit</strong></span> 
     </span>
     <span class='ocr_line' id='line_1_34' title="bbox 121 3189 1329 3283; baseline 0.002 -35"><span class='ocrx_word' id='word_1_328' title='bbox 121 3189 307 3249; x_wconf 72' lang='lat' dir='ltr'><strong>aedenfibus</strong></span> <span class='ocrx_word' id='word_1_329' title='bbox 321 3197 351 3249; x_wconf 88' lang='lat' dir='ltr'><strong>et</strong></span> <span class='ocrx_word' id='word_1_330' title='bbox 363 3189 578 3283; x_wconf 83' lang='lat' dir='ltr'><strong>poenitentibus,</strong></span> <span class='ocrx_word' id='word_1_331' title='bbox 593 3209 652 3250; x_wconf 92' lang='lat' dir='ltr'><strong>non</strong></span> <span class='ocrx_word' id='word_1_332' title='bbox 666 3189 738 3268; x_wconf 88' lang='lat' dir='ltr'><strong>quid</strong></span> <span class='ocrx_word' id='word_1_333' title='bbox 751 3189 820 3249; x_wconf 87' lang='lat' dir='ltr'><strong>dare</strong></span> <span class='ocrx_word' id='word_1_334' title='bbox 833 3190 906 3250; x_wconf 86' lang='lat' dir='ltr'><strong>velit</strong></span> <span class='ocrx_word' id='word_1_335' title='bbox 919 3190 978 3250; x_wconf 91' lang='lat' dir='ltr'><strong>illis</strong></span> <span class='ocrx_word' id='word_1_336' title='bbox 992 3190 1125 3250; x_wconf 88' lang='lat' dir='ltr'><strong>omnibus</strong></span> <span class='ocrx_word' id='word_1_337' title='bbox 1138 3189 1244 3267; x_wconf 86' lang='lat' dir='ltr'><strong>quibus</strong></span> <span class='ocrx_word' id='word_1_338' title='bbox 1257 3209 1329 3268; x_wconf 77' lang='lat' dir='ltr'><strong>pra·</strong></span> 
     </span>
    </p>

    <p class='ocr_par' dir='ltr' id='par_1_5' title="bbox 121 3277 1332 3808">
     <span class='ocr_line' id='line_1_35' title="bbox 250 3277 1330 3411; baseline 0.003 -4"><span class='ocrx_word' id='word_1_339' title='bbox 250 3277 521 3409; x_wconf 62' lang='lat' dir='ltr'><strong>propomturm</strong></span> <span class='ocrx_word' id='word_1_340' title='bbox 552 3350 652 3410; x_wconf 82' lang='lat' dir='ltr'><strong>Tertia</strong></span> <span class='ocrx_word' id='word_1_341' title='bbox 675 3349 823 3410; x_wconf 86' lang='lat' dir='ltr'><strong>distinctio</strong></span> <span class='ocrx_word' id='word_1_342' title='bbox 849 3350 1006 3411; x_wconf 70' lang='lat' dir='ltr'><strong>Voluntatis</strong></span> <span class='ocrx_word' id='word_1_343' title='bbox 1028 3359 1073 3411; x_wconf 88' lang='lat' dir='ltr'><strong>est</strong></span> <span class='ocrx_word' id='word_1_344' title='bbox 1095 3349 1126 3410; x_wconf 88' lang='lat' dir='ltr'><strong>in</strong></span> <span class='ocrx_word' id='word_1_345' title='bbox 1155 3351 1330 3410; x_wconf 79' lang='lat' dir='ltr'><strong>Voluntatem</strong></span> 
     </span>
     <span class='ocr_line' id='line_1_36' title="bbox 122 3414 1330 3589; baseline 0.002 -20"><span class='ocrx_word' id='word_1_346' title='bbox 122 3414 364 3533; x_wconf 50' lang='lat' dir='ltr'><strong>labit*</strong></span> <span class='ocrx_word' id='word_1_347' title='bbox 383 3429 467 3570; x_wconf 70' lang='lat' dir='ltr'><strong>ts·</strong></span> <span class='ocrx_word' id='word_1_348' title='bbox 478 3429 1141 3589; x_wconf 55' lang='lat' dir='ltr'><strong>canstantiniana</strong></span> <span class='ocrx_word' id='word_1_349' title='bbox 1154 3430 1198 3570; x_wconf 76' lang='grc'><strong>1(</strong></span> <span class='ocrx_word' id='word_1_350' title='bbox 1214 3431 1244 3570; x_wconf 74' lang='lat' dir='ltr'><strong>t·</strong></span> <span class='ocrx_word' id='word_1_351' title='bbox 1255 3431 1330 3571; x_wconf 74' lang='lat' dir='ltr'><strong>lt</strong></span> 
     </span>
     <span class='ocr_line' id='line_1_37' title="bbox 121 3530 1332 3686; baseline 0.005 -38"><span class='ocrx_word' id='word_1_352' title='bbox 121 3587 188 3648; x_wconf 75' lang='lat' dir='ltr'><strong>dist</strong></span> <span class='ocrx_word' id='word_1_353' title='bbox 211 3591 261 3666; x_wconf 78' lang='lat'><strong>45,</strong></span> <span class='ocrx_word' id='word_1_354' title='bbox 286 3589 323 3649; x_wconf 87' lang='lat' dir='ltr'><strong>ab</strong></span> <span class='ocrx_word' id='word_1_355' title='bbox 343 3530 479 3650; x_wconf 56' lang='lat' dir='ltr'><strong>annibali</strong></span> <span class='ocrx_word' id='word_1_356' title='bbox 503 3591 698 3665; x_wconf 80' lang='lat' dir='ltr'><strong>Scholasticis,</strong></span> <span class='ocrx_word' id='word_1_357' title='bbox 720 3599 750 3650; x_wconf 91' lang='lat' dir='ltr'><strong>et</strong></span> <span class='ocrx_word' id='word_1_358' title='bbox 773 3591 877 3651; x_wconf 85' lang='lat' dir='ltr'><strong>Thorn.</strong></span> <span class='ocrx_word' id='word_1_359' title='bbox 891 3587 1035 3670; x_wconf 82' lang='lat' dir='ltr'><strong>praecipue</strong></span> <span class='ocrx_word' id='word_1_360' title='bbox 1059 3533 1130 3671; x_wconf 40' lang='lat' dir='ltr'><strong>pil,</strong></span> <span class='ocrx_word' id='word_1_361' title='bbox 1146 3612 1175 3686; x_wconf 91' lang='lat' dir='ltr'><strong>q.</strong></span> <span class='ocrx_word' id='word_1_362' title='bbox 1192 3594 1238 3668; x_wconf 85' lang='lat'><strong>19,</strong></span> <span class='ocrx_word' id='word_1_363' title='bbox 1262 3593 1332 3654; x_wconf 77' lang='lat' dir='ltr'><strong>Art..</strong></span> 
     </span>
     <span class='ocr_line' id='line_1_38' title="bbox 124 3670 1328 3750; baseline 0.003 -23"><span class='ocrx_word' id='word_1_364' title='bbox 124 3673 168 3745; x_wconf 93' lang='lat' dir='ltr'><strong>ll,</strong></span> <span class='ocrx_word' id='word_1_365' title='bbox 193 3673 240 3744; x_wconf 79' lang='lat'><strong>12,</strong></span> <span class='ocrx_word' id='word_1_366' title='bbox 265 3670 374 3748; x_wconf 91' lang='lat' dir='ltr'><strong>passim</strong></span> <span class='ocrx_word' id='word_1_367' title='bbox 395 3679 559 3749; x_wconf 84' lang='lat' dir='ltr'><strong>usurpatur,</strong></span> <span class='ocrx_word' id='word_1_368' title='bbox 585 3677 654 3730; x_wconf 84' lang='lat' dir='ltr'><strong>cta</strong></span> <span class='ocrx_word' id='word_1_369' title='bbox 680 3671 839 3749; x_wconf 79' lang='lat' dir='ltr'><strong>Theologis</strong></span> <span class='ocrx_word' id='word_1_370' title='bbox 862 3673 970 3734; x_wconf 90' lang='lat' dir='ltr'><strong>nostris</strong></span> <span class='ocrx_word' id='word_1_371' title='bbox 994 3673 1068 3733; x_wconf 85' lang='lat' dir='ltr'><strong>bene</strong></span> <span class='ocrx_word' id='word_1_372' title='bbox 1089 3672 1234 3750; x_wconf 77' lang='lat' dir='ltr'><strong>explicata</strong></span> <span class='ocrx_word' id='word_1_373' title='bbox 1261 3671 1328 3731; x_wconf 90' lang='lat' dir='ltr'><strong>reti·</strong></span> 
     </span>
     <span class='ocr_line' id='line_1_39' title="bbox 122 3757 214 3808; baseline 0.022 -2"><span class='ocrx_word' id='word_1_374' title='bbox 122 3757 214 3808; x_wconf 85' lang='lat' dir='ltr'><strong>netur.</strong></span> 
     </span>
    </p>

    <p class='ocr_par' dir='ltr' id='par_1_6' title="bbox 121 3828 1331 4446">
     <span class='ocr_line' id='line_1_40' title="bbox 161 3828 1329 3910; baseline 0.002 -22"><span class='ocrx_word' id='word_1_375' title='bbox 161 3828 252 3888; x_wconf 88' lang='lat' dir='ltr'>XIV.</span> <span class='ocrx_word' id='word_1_376' title='bbox 276 3829 464 3890; x_wconf 86' lang='lat' dir='ltr'><strong>Scholasticis</strong></span> <span class='ocrx_word' id='word_1_377' title='bbox 482 3832 618 3890; x_wconf 80' lang='lat' dir='ltr'><strong>Voluntas</strong></span> <span class='ocrx_word' id='word_1_378' title='bbox 637 3829 819 3908; x_wconf 77' lang='lat' dir='ltr'><strong>Bencplceita&#39;</strong></span> <span class='ocrx_word' id='word_1_379' title='bbox 829 3830 944 3908; x_wconf 90' lang='lat' dir='ltr'><strong>dicitnr,</strong></span> <span class='ocrx_word' id='word_1_380' title='bbox 965 3851 1030 3910; x_wconf 74' lang='lat' dir='ltr'><strong>qna</strong></span> <span class='ocrx_word' id='word_1_381' title='bbox 1050 3831 1192 3908; x_wconf 82' lang='lat' dir='ltr'><strong>tantisper</strong></span> <span class='ocrx_word' id='word_1_382' title='bbox 1211 3830 1241 3888; x_wconf 93' lang='lat' dir='ltr'><strong>in</strong></span> <span class='ocrx_word' id='word_1_383' title='bbox 1266 3830 1329 3890; x_wconf 88' lang='lat' dir='ltr'><strong>Deo</strong></span> 
     </span>
     <span class='ocr_line' id='line_1_41' title="bbox 123 3906 1331 4004; baseline 0.001 -38"><span class='ocrx_word' id='word_1_384' title='bbox 123 3906 200 3988; x_wconf 77' lang='lat' dir='ltr'><strong>latet,</strong></span> <span class='ocrx_word' id='word_1_385' title='bbox 215 3917 245 3970; x_wconf 90' lang='lat' dir='ltr'><strong>et</strong></span> <span class='ocrx_word' id='word_1_386' title='bbox 258 3910 324 3988; x_wconf 88' lang='lat' dir='ltr'><strong>ejus</strong></span> <span class='ocrx_word' id='word_1_387' title='bbox 337 3909 492 3990; x_wconf 74' lang='lat' dir='ltr'><strong>liberrima</strong></span> <span class='ocrx_word' id='word_1_388' title='bbox 515 3910 653 4004; x_wconf 85' lang='lat' dir='ltr'><strong>potestati</strong></span> <span class='ocrx_word' id='word_1_389' title='bbox 676 3910 857 3990; x_wconf 86' lang='lat' dir='ltr'><strong>relinquitur,</strong></span> <span class='ocrx_word' id='word_1_390' title='bbox 890 3911 959 3971; x_wconf 89' lang='lat' dir='ltr'><strong>dum</strong></span> <span class='ocrx_word' id='word_1_391' title='bbox 981 3932 1019 3972; x_wconf 84' lang='lat' dir='ltr'><strong>ex</strong></span> <span class='ocrx_word' id='word_1_392' title='bbox 1039 3911 1138 3988; x_wconf 86' lang='lat' dir='ltr'><strong>aliquo</strong></span> <span class='ocrx_word' id='word_1_393' title='bbox 1152 3910 1268 3968; x_wconf 90' lang='lat' dir='ltr'><strong>oraculo</strong></span> <span class='ocrx_word' id='word_1_394' title='bbox 1281 3909 1331 3968; x_wconf 88' lang='lat' dir='ltr'><strong>vel</strong></span> 
     </span>
     <span class='ocr_line' id='line_1_42' title="bbox 126 3989 1330 4070; baseline 0.001 -24"><span class='ocrx_word' id='word_1_395' title='bbox 126 3999 227 4049; x_wconf 77' lang='lat' dir='ltr'><strong>eventu</strong></span> <span class='ocrx_word' id='word_1_396' title='bbox 240 3990 305 4069; x_wconf 89' lang='lat' dir='ltr'><strong>ipso</strong></span> <span class='ocrx_word' id='word_1_397' title='bbox 326 3989 455 4068; x_wconf 85' lang='lat' dir='ltr'><strong>patefiat.</strong></span> <span class='ocrx_word' id='word_1_398' title='bbox 495 3991 579 4068; x_wconf 59' lang='lat' dir='ltr'><strong>Sami</strong></span> <span class='ocrx_word' id='word_1_399' title='bbox 594 4009 675 4066; x_wconf 79' lang='lat' dir='ltr'><strong>vero,</strong></span> <span class='ocrx_word' id='word_1_400' title='bbox 698 4008 764 4067; x_wconf 81' lang='lat' dir='ltr'><strong>quse</strong></span> <span class='ocrx_word' id='word_1_401' title='bbox 789 3991 873 4068; x_wconf 85' lang='lat' dir='ltr'><strong>signo</strong></span> <span class='ocrx_word' id='word_1_402' title='bbox 897 3991 995 4070; x_wconf 87' lang='lat' dir='ltr'><strong>aliquo</strong></span> <span class='ocrx_word' id='word_1_403' title='bbox 1015 3998 1087 4068; x_wconf 89' lang='lat' dir='ltr'><strong>puta</strong></span> <span class='ocrx_word' id='word_1_404' title='bbox 1108 3997 1259 4068; x_wconf 86' lang='lat' dir='ltr'><strong>praecepto,</strong></span> <span class='ocrx_word' id='word_1_405' title='bbox 1282 3989 1330 4048; x_wconf 88' lang='lat' dir='ltr'><strong>vel</strong></span> 
     </span>
     <span class='ocr_line' id='line_1_43' title="bbox 125 4068 1329 4147; baseline -0.004 -17"><span class='ocrx_word' id='word_1_406' title='bbox 125 4071 270 4146; x_wconf 79' lang='lat' dir='ltr'><strong>pmnisso,</strong></span> <span class='ocrx_word' id='word_1_407' title='bbox 285 4069 373 4130; x_wconf 89' lang='lat' dir='ltr'><strong>nobis</strong></span> <span class='ocrx_word' id='word_1_408' title='bbox 396 4069 559 4146; x_wconf 86' lang='lat' dir='ltr'><strong>innotescit,</strong></span> <span class='ocrx_word' id='word_1_409' title='bbox 581 4089 704 4147; x_wconf 86' lang='lat' dir='ltr'><strong>quaeque</strong></span> <span class='ocrx_word' id='word_1_410' title='bbox 726 4077 809 4129; x_wconf 88' lang='lat' dir='ltr'><strong>notat</strong></span> <span class='ocrx_word' id='word_1_411' title='bbox 830 4069 964 4130; x_wconf 85' lang='lat' dir='ltr'><strong>effectum</strong></span> <span class='ocrx_word' id='word_1_412' title='bbox 986 4068 1104 4147; x_wconf 86' lang='lat' dir='ltr'><strong>aliquod</strong></span> <span class='ocrx_word' id='word_1_413' title='bbox 1127 4077 1211 4127; x_wconf 83' lang='lat' dir='ltr'><strong>extra</strong></span> <span class='ocrx_word' id='word_1_414' title='bbox 1225 4069 1329 4145; x_wconf 89' lang='lat' dir='ltr'><strong>Deum,</strong></span> 
     </span>
     <span class='ocr_line' id='line_1_44' title="bbox 121 4146 1329 4228; baseline -0.001 -22"><span class='ocrx_word' id='word_1_415' title='bbox 121 4149 199 4224; x_wconf 88' lang='lat' dir='ltr'><strong>quod</strong></span> <span class='ocrx_word' id='word_1_416' title='bbox 212 4160 258 4211; x_wconf 89' lang='lat' dir='ltr'><strong>est</strong></span> <span class='ocrx_word' id='word_1_417' title='bbox 271 4150 391 4228; x_wconf 79' lang='lat' dir='ltr'><strong>signum</strong></span> <span class='ocrx_word' id='word_1_418' title='bbox 414 4149 572 4211; x_wconf 81' lang='lat' dir='ltr'><strong>voluntatis</strong></span> <span class='ocrx_word' id='word_1_419' title='bbox 594 4149 695 4227; x_wconf 89' lang='lat' dir='ltr'><strong>ipsius.</strong></span> <span class='ocrx_word' id='word_1_420' title='bbox 738 4150 825 4211; x_wconf 89' lang='lat' dir='ltr'><strong>Unde</strong></span> <span class='ocrx_word' id='word_1_421' title='bbox 849 4149 977 4227; x_wconf 83' lang='lat' dir='ltr'><strong>quinque</strong></span> <span class='ocrx_word' id='word_1_422' title='bbox 1001 4150 1086 4226; x_wconf 84' lang='lat' dir='ltr'><strong>signa</strong></span> <span class='ocrx_word' id='word_1_423' title='bbox 1099 4146 1224 4206; x_wconf 86' lang='lat' dir='ltr'><strong>scienta</strong></span> <span class='ocrx_word' id='word_1_424' title='bbox 1241 4147 1329 4206; x_wconf 83' lang='lat' dir='ltr'><strong>Scho-</strong></span> 
     </span>
     <span class='ocr_line' id='line_1_45' title="bbox 123 4227 1329 4306; baseline -0.001 -19"><span class='ocrx_word' id='word_1_425' title='bbox 123 4227 228 4290; x_wconf 84' lang='lat' dir='ltr'><strong>lasticis</strong></span> <span class='ocrx_word' id='word_1_426' title='bbox 241 4228 404 4290; x_wconf 86' lang='lat' dir='ltr'><strong>rescenseri</strong></span> <span class='ocrx_word' id='word_1_427' title='bbox 417 4228 523 4306; x_wconf 86' lang='lat' dir='ltr'><strong>quibus</strong></span> <span class='ocrx_word' id='word_1_428' title='bbox 538 4229 594 4288; x_wconf 90' lang='lat' dir='ltr'><strong>Dei</strong></span> <span class='ocrx_word' id='word_1_429' title='bbox 606 4229 743 4290; x_wconf 78' lang='lat' dir='ltr'><strong>voluntas</strong></span> <span class='ocrx_word' id='word_1_430' title='bbox 756 4228 926 4304; x_wconf 76' lang='lat' dir='ltr'><strong>innotescat,</strong></span> <span class='ocrx_word' id='word_1_431' title='bbox 943 4228 1053 4288; x_wconf 89' lang='lat' dir='ltr'><strong>scilicet</strong></span> <span class='ocrx_word' id='word_1_432' title='bbox 1065 4234 1249 4305; x_wconf 83' lang='lat' dir='ltr'><strong>praeceptum,</strong></span> <span class='ocrx_word' id='word_1_433' title='bbox 1265 4247 1329 4305; x_wconf 92' lang='lat' dir='ltr'><strong>pro·</strong></span> 
     </span>
     <span class='ocr_line' id='line_1_46' title="bbox 123 4307 1330 4446; baseline 0.002 -81"><span class='ocrx_word' id='word_1_434' title='bbox 123 4307 233 4446; x_wconf 52' lang='lat' dir='ltr'><strong>gibilio,</strong></span> <span class='ocrx_word' id='word_1_435' title='bbox 257 4309 422 4385; x_wconf 83' lang='lat' dir='ltr'><strong>consilium,</strong></span> <span class='ocrx_word' id='word_1_436' title='bbox 445 4309 606 4388; x_wconf 87' lang='lat' dir='ltr'><strong>permissio,</strong></span> <span class='ocrx_word' id='word_1_437' title='bbox 629 4309 775 4388; x_wconf 79' lang='lat' dir='ltr'><strong>operati03</strong></span> <span class='ocrx_word' id='word_1_438' title='bbox 804 4327 870 4386; x_wconf 75' lang='lat' dir='ltr'><strong>qne</strong></span> <span class='ocrx_word' id='word_1_439' title='bbox 894 4309 949 4368; x_wconf 91' lang='lat' dir='ltr'><strong>hcc</strong></span> <span class='ocrx_word' id='word_1_440' title='bbox 972 4307 1118 4369; x_wconf 82' lang='lat' dir='ltr'><strong>versiculo</strong></span> <span class='ocrx_word' id='word_1_441' title='bbox 1144 4307 1330 4386; x_wconf 87' lang='lat' dir='ltr'><strong>comprehen-</strong></span> 
     </span>
    </p>

    <p class='ocr_par' dir='ltr' id='par_1_7' title="bbox 142 4397 234 4470">
     <span class='ocr_line' id='line_1_47' title="bbox 142 4397 234 4470; baseline 0 0"><span class='ocrx_word' id='word_1_442' title='bbox 142 4397 234 4470; x_wconf 59' lang='lat' dir='ltr'><strong>“mr</strong></span> 
     </span>
    </p>
   </div>
   <div class='ocr_carea' id='block_1_3' title="bbox 131 4548 1330 4788">
    <p class='ocr_par' dir='ltr' id='par_1_8' title="bbox 131 4548 1330 4788">
     <span class='ocr_line' id='line_1_48' title="bbox 354 4548 1097 4627; baseline -0.003 -1"><span class='ocrx_word' id='word_1_443' title='bbox 354 4548 491 4626; x_wconf 55' lang='lat' dir='ltr'><strong>Procae</strong></span> <span class='ocrx_word' id='word_1_444' title='bbox 502 4549 675 4626; x_wconf 66' lang='lat' dir='ltr'><strong>asmata</strong></span> <span class='ocrx_word' id='word_1_445' title='bbox 685 4548 832 4627; x_wconf 60' lang='lat' dir='ltr'><strong>permicat</strong></span> <span class='ocrx_word' id='word_1_446' title='bbox 846 4549 971 4625; x_wconf 61' lang='lat' dir='ltr'><strong>senaa</strong></span> <span class='ocrx_word' id='word_1_447' title='bbox 986 4549 1097 4626; x_wconf 73' lang='lat' dir='ltr'><strong>impar,-</strong></span> 
     </span>
     <span class='ocr_line' id='line_1_49' title="bbox 131 4705 1330 4788; baseline 0.002 -24"><span class='ocrx_word' id='word_1_448' title='bbox 131 4705 186 4764; x_wconf 85' lang='lat' dir='ltr'><strong>Sed</strong></span> <span class='ocrx_word' id='word_1_449' title='bbox 197 4727 359 4786; x_wconf 84' lang='lat' dir='ltr'><strong>perperam,</strong></span> <span class='ocrx_word' id='word_1_450' title='bbox 378 4709 404 4765; x_wconf 95' lang='grc'><strong>1.</strong></span> <span class='ocrx_word' id='word_1_451' title='bbox 419 4707 487 4784; x_wconf 85' lang='lat' dir='ltr'><strong>quia</strong></span> <span class='ocrx_word' id='word_1_452' title='bbox 500 4707 584 4784; x_wconf 86' lang='lat' dir='ltr'><strong>plura</strong></span> <span class='ocrx_word' id='word_1_453' title='bbox 598 4716 665 4768; x_wconf 86' lang='lat' dir='ltr'><strong>sunt</strong></span> <span class='ocrx_word' id='word_1_454' title='bbox 680 4707 763 4786; x_wconf 83' lang='lat' dir='ltr'><strong>signa</strong></span> <span class='ocrx_word' id='word_1_455' title='bbox 783 4708 861 4784; x_wconf 84' lang='lat' dir='ltr'><strong>talio,</strong></span> <span class='ocrx_word' id='word_1_456' title='bbox 883 4717 954 4788; x_wconf 89' lang='lat' dir='ltr'><strong>puta</strong></span> <span class='ocrx_word' id='word_1_457' title='bbox 973 4708 1179 4786; x_wconf 87' lang='lat' dir='ltr'><strong>promissiones</strong></span> <span class='ocrx_word' id='word_1_458' title='bbox 1193 4713 1222 4766; x_wconf 91' lang='lat' dir='ltr'><strong>et</strong></span> <span class='ocrx_word' id='word_1_459' title='bbox 1235 4707 1330 4782; x_wconf 76' lang='lat' dir='ltr'><strong>mina,</strong></span> 
     </span>
    </p>
   </div>
   <div class='ocr_carea' id='block_1_4' title="bbox 0 0 1580 5178">
    <p class='ocr_par' dir='ltr' id='par_1_9' title="bbox 0 0 1580 5178">
     <span class='ocr_line' id='line_1_50' title="bbox 0 0 1580 5178; baseline 0 0"><span class='ocrx_word' id='word_1_460' title='bbox 0 0 1580 5178; x_wconf 95' lang='lat' dir='ltr'><strong> </strong></span> 
     </span>
    </p>
   </div>
  </div>
 </body>
</html>
