3250 5176
256 351 316 409 614
726 365 816 407 nouus
831 366 969 408 necinus.
1237 403 1242 414 ,
1272 344 1400 428 [eumer.
1417 365 1465 406 ιν.

254 507 354 586 aperie,
369 508 425 568 erit
435 509 639 588 acceptatum
659 511 739 584 male,
758 517 905 586 peccaram
918 511 960 567 ud
969 511 1054 584 soree
1067 509 1170 582 aaran·
1200 507 1269 584 quie
1289 507 1331 566 eie
1345 516 1470 566 notatur

257 588 374 666 quidem
387 609 482 649 nexus
496 589 692 648 antecedentis
705 610 770 647 eum
785 597 986 666 consequente,
1001 589 1076 648 inter
1088 589 1197 647 bonum
1217 607 1291 664 opus
1304 597 1335 646 et
1347 589 1467 664 preemi-

257 688 316 746 um,
331 679 482 748 peceatum
505 679 535 728 et
556 689 678 748 pennum,
695 668 746 728 sed
768 689 827 728 non
849 669 979 730 innuitur
1001 669 1147 728 hominem
1168 668 1274 728 hebere
1288 668 1367 727 vireu
1387 669 1469 728 bene

259 749 374 827 egendi.
417 750 478 810 Nee
492 769 530 810 ex
543 749 616 824 istiu,
630 769 695 826 quae
717 749 900 826 potissimum
919 757 1024 826 urgent
1039 748 1217 821 Adversarii,
1232 750 1281 806 rub
1296 758 1321 806 te
1334 749 1390 806 erit
1408 769 1468 824 ap-

253 830 430 908 petitumque
444 841 470 889 et
483 839 513 888 tu
526 830 711 890 dominaberis
725 829 774 888 illi.
818 829 948 888 Primum
961 829 1031 906 quie
1043 849 1102 888 non
1118 827 1224 888 dieitur
1236 830 1286 886 eud
1307 837 1342 903 te,
1357 828 1410 887 sed
1422 831 1471 888 ud

259 918 293 988 le,
308 915 368 991 egle
382 911 417 970 cl.
439 915 467 970 2.
480 909 619 986 Quemvis
639 909 793 968 relativum
807 912 865 985 ‹p'm
878 907 1032 970 referretur
1046 909 1084 968 etl
1096 917 1256 986 peecatum,
1270 916 1469 968 nemetum

260 998 323 1050 tum
336 991 461 1050 officium
475 989 566 1064 Gemi,
586 989 722 1050 nimiruum
743 989 800 1050 eibi
821 990 964 1068 subjicere
984 999 1141 1067 peecatum,
1157 1007 1217 1048 non
1229 1009 1300 1048 vero
1313 989 1400 1065 vireu,
1415 988 1471 1048 vel

261 1078 406 1130 eventum.
434 1073 463 1130 3.
475 1069 540 1128 Non
555 1077 651 1147 potest
664 1069 764 1128 referri
776 1069 815 1129 ed
828 1079 986 1147 peoeetum,
1003 1070 1065 1129 sive
1079 1068 1193 1148 proprie
1207 1077 1336 1128 sumetur
1349 1088 1402 1146 pro
1410 1069 1471 1126 eri-

261 1149 347 1226 mine,
362 1149 424 1210 eive
438 1149 592 1226 improprie
605 1169 658 1227 pro
672 1150 736 1227 ejus
749 1169 844 1226 poeue,
855 1169 913 1227 quo
928 1169 1015 1210 eeneu
1023 1149 1113 1210 verbe
1122 1148 1288 1208 immediate
1300 1147 1470 1226 prneoeden-

260 1229 302 1290 tie
315 1229 455 1290 sumenda
468 1238 544 1304 eunt,
554 1238 702 1305 pemaumr
715 1231 798 1290 cubat
809 1233 852 1289 ud
864 1239 991 1308 portam,
1005 1229 1086 1307 quod
1098 1250 1137 1290 ex
1150 1229 1239 1288 variis
1253 1237 1351 1306 petet3
1376 1231 1402 1286 1.
1418 1229 1472 1286 Ex

262 1329 366 1387 seop05
393 1309 470 1385 Quid
484 1310 562 1368 enim
575 1309 693 1369 libertus
706 1311 817 1370 arbitrii
831 1311 974 1386 imperans
987 1319 1106 1387 peeeeto
1129 1310 1253 1370 seniebat
1274 1308 1312 1368 nd
1326 1307 1472 1366 invidiam

263 1389 348 1448 Ceini
361 1398 529 1467 conceptum
543 1389 683 1450 adversus
697 1389 830 1466 Abdum,
845 1398 895 1450 eut
909 1389 948 1450 nd
960 1389 1165 1468 assignandam
1180 1409 1307 1464 oenum,
1321 1409 1372 1448 eur
1386 1389 1472 1448 Abe—

261 1469 299 1528 lie
313 1469 485 1530 sacrificium
500 1469 564 1528 Deo
578 1469 664 1530 fuerit
684 1471 852 1547 acceptius?
873 1469 995 1546 Deinde,
1017 1471 1085 1530 lieet
1098 1470 1225 1529 hominis
1243 1469 1389 1546 appetitus
1410 1469 1474 1528 diei

262 1551 355 1628 possit
368 1559 514 1627 uteunque
529 1569 591 1610 esee
606 1549 643 1608 ed
663 1559 833 1628 peooetum;
854 1551 970 1610 nonnisi
990 1551 1113 1610 ebeurde
1127 1560 1223 1610 temen
1237 1548 1343 1608 dieitur
1356 1549 1471 1626 oppeti-

262 1639 311 1690 tus
325 1631 436 1707 peceati
449 1629 497 1688 vel
510 1650 603 1706 poenee
617 1649 681 1689 esee
694 1631 743 1690 enh
757 1632 873 1706 leonine,
888 1631 937 1690 vel
957 1633 998 1690 ad
1009 1631 1155 1692 hominem.
1183 1629 1291 1704 Tertio,
1306 1630 1473 1688 inauditum

263 1718 308 1770 eet
321 1711 353 1772 in
368 1711 516 1786 Scriptura
529 1709 684 1786 hominem,
699 1711 824 1770 maxime
844 1711 1040 1788 irregem'tum
1050 1713 1144 1788 quulie
1158 1711 1214 1770 fuit
1228 1710 1310 1784 Cain,
1325 1709 1472 1768 domin-ri

262 1797 390 1868 peooeto,
406 1798 586 1850 cumcontra
607 1787 720 1849 dicetur
733 1791 842 1868 poesim
864 1811 966 1852 servus
987 1792 1107 1869 peceati
1151 1791 1209 1851 Sed
1230 1790 1337 1868 optime
1353 1791 1409 1848 hoe
1430 1788 1473 1846 ud

263 1871 376 1929 Alelen
389 1870 519 1944 refertur,
535 1878 596 1928 tum
610 1870 679 1946 quie
692 1871 804 1948 phreeie
822 1871 877 1931 iste
890 1891 1038 1948 nunquam
1058 1871 1142 1930 eliter
1154 1879 1310 1948 usurpetur
1323 1889 1410 1946 quem
1431 1869 1472 1928 de

263 1970 394 2029 persone,
404 1970 463 2010 non
477 1949 513 2008 de
527 1969 574 2010 re:
595 1949 637 2010 eie
647 1951 728 2010 Deus
737 1951 831 2010 Evam
845 1953 1003 2028 alloquens,
1016 1951 1090 2012 Gen.
1105 1952 1146 2012 iii.
1164 1954 1210 2026 16,
1224 1954 1271 2026 17,
1282 1952 1301 1983 “
1312 1948 1362 2008 Ad
1373 1949 1472 2008 virum

263 2039 346 2092 tuum
359 2031 535 2090 desiderium
555 2040 645 2106 tuum,
661 2038 690 2089 et
710 2031 773 2108 ipse
793 2031 988 2092 dominabitur
1007 2031 1061 2090 tibi
1072 2032 1100 2091 :’'
1121 2040 1184 2090 tum
1202 2031 1271 2108 quin
1284 2029 1472 2090 menifestum

264 2120 310 2171 eet
322 2131 480 2190 pronomen
494 2113 552 2188 ejus
566 2119 666 2170 noture
688 2111 850 2190 subjeetum
871 2112 1024 2189 appetitus,
1039 2112 1118 2188 quod
1137 2131 1197 2172 non
1217 2110 1298 2170 eliud
1313 2119 1366 2186 eet,
1382 2129 1473 2187 quum

263 2191 327 2269 ipse
341 2192 428 2267 Abel,
444 2192 526 2268 eujus
540 2190 571 2250 iu
584 2192 640 2250 hoe
654 2190 711 2250 Dei
725 2212 791 2252 eum
805 2192 897 2251 Caino
918 2191 1062 2269 colloquio
1086 2211 1192 2251 nomen
1205 2191 1323 2268 quidem
1343 2210 1402 2249 non
1417 2210 1470 2249 ex-

264 2273 405 2350 primitur,
421 2271 473 2330 eed
495 2291 583 2330 oense
605 2279 702 2330 temen
715 2271 830 2350 egitur3
860 2292 914 2332 nee
934 2272 1011 2332 enim
1024 2272 1108 2332 elteri
1128 2272 1305 2331 ireeeebetur
1318 2269 1393 2330 Gelu
1413 2271 1473 2328 uiui

264 2351 345 2411 [ratri
360 2372 431 2427 euo;
455 2352 516 2410 Nee
530 2352 587 2410 ulio
602 2360 714 2429 spectet
728 2353 785 2412 Dei
799 2352 966 2430 alloquium,
982 2351 1120 2430 qunm‘ed
1133 2351 1325 2429 mitigandum
1336 2351 1401 2428 ejus
1409 2351 1472 2408 nni-
1597 2387 1598 2390 =

263 2451 352 2508 mum,
368 2431 460 2491 tribue
474 2430 655 2508 potissimum
669 2433 856 2508 argumentis,
868 2433 961 2510 primo
975 2442 1008 2492 nt
1018 2452 1084 2492 eum
1094 2431 1205 2508 doeeet,
1218 2450 1334 2490 oausam
1349 2450 1402 2490 eur
1411 2450 1471 2488 non

264 2511 306 2570 eie
321 2531 338 2569 e
353 2511 416 2570 Deo
431 2511 469 2569 sit
482 2511 599 2570 habitus
612 2519 644 2570 ut
658 2510 746 2570 freter
759 2531 817 2572 non
831 2513 861 2569 iu
881 2511 969 2572 fratre
984 2511 1036 2572 eed
1054 2513 1085 2570 in
1109 2512 1172 2590 ipso
1195 2511 1323 2586 heeeisee,
1338 2511 1390 2587 qui
1410 2529 1470 2569 uon

264 2590 357 2668 egerit
369 2590 463 2648 bene:
484 2591 519 2648 si
530 2592 595 2650 bene
608 2591 705 2666 meu,
721 2591 776 2650 erit
788 2593 942 2650 mulatio:
965 2591 1107 2666 Secundo,
1121 2593 1147 2651 ei
1159 2592 1234 2651 mele
1248 2611 1334 2669 egere
1356 2601 1468 2668 perget,

264 2690 330 2730 eum
344 2689 402 2728 nou
417 2669 542 2728 laturum
556 2669 681 2746 impune,
696 2673 748 2730 aed
758 2671 785 2727 ei
795 2674 869 2730 male
883 2671 980 2747 operis,
990 2682 1139 2748 peceatum
1149 2674 1230 2732 edat
1243 2675 1418 2748 adportant,
1429 2671 1470 2730 ld.

263 2769 350 2830 poene
363 2747 473 2826 peceati
488 2746 542 2807 tibi
559 2748 690 2808 imminet
704 2759 733 2808 et
746 2757 847 2826 peretu
860 2759 922 2828 eet;
943 2752 1051 2825 Tertio,
1063 2751 1180 2812 fratrem
1194 2771 1261 2811 eum
1275 2752 1378 2827 colere,
1393 2771 1428 2809 ue
1442 2751 1470 2810 ei

265 2850 329 2892 eene
343 2850 381 2890 ex
395 2847 491 2888 amore
505 2836 642 2906 tunquam
662 2829 856 2907 primogenito
877 2831 1019 2909 subjicere
1033 2831 1148 2908 debere,
1163 2832 1246 2910 queei
1260 2831 1388 2908 diceret3
1418 2829 1469 2889 An

263 2912 375 2989 justum
390 2918 435 2969 eet
448 2917 477 2970 te
491 2909 577 2968 irueei
590 2909 639 2968 vel
652 2929 755 2969 nouere
769 2909 850 2970 fratri
863 2921 913 2972 tuo
927 2912 1040 2988 minori,
1056 2912 1106 2990 qui
1120 2912 1174 2972 eub
1195 2919 1245 2971 tue
1259 2919 1469 2988 estpotestate,

265 2992 312 3051 eui
326 2989 446 3069 proinde
460 2990 549 3050 debes
563 2989 756 3066 dileetionem,
771 2999 801 3050 et
814 3012 832 3050 e
845 3012 903 3066 quo
918 3001 950 3052 ut
964 2991 1090 3052 inferiori
1100 2993 1182 3051 nullu
1194 2992 1248 3050 tibi
1261 2991 1471 3050 metuendueet
1596 3051 1597 3054 ,

264 3071 370 3130 laeeio?
412 3071 458 3130 Ite
473 3069 577 3129 LXX.
592 3081 741 3149 exponunt
760 3076 819 3151 πςὶς
834 3073 862 3130 el
874 3074 887 3136 i
901 3075 1046 3153 ὸποπςοφὺ
1060 3075 1144 3148 αὑτοῦ,
1159 3072 1255 3131 nimir.
1276 3071 1389 3145 Abelis,
1411 3091 1471 3130 non

265 3153 402 3232 ὶμιςτιὶις.
426 3151 475 3210 Sic
489 3151 639 3228 Chryeoet.
653 3152 730 3212 hom.
747 3153 793 3227 19,
809 3151 840 3212 in
854 3154 955 3230 Gene,
972 3153 1098 3231 Cyrinus
1111 3153 1142 3212 li.
1157 3159 1185 3228 ⁴2,
1201 3152 1231 3210 in
1245 3151 1346 3227 Genu,
1363 3151 1471 3210 Proco-
1596 3175 1597 3182 ¹

264 3233 330 3309 pius
344 3241 374 3290 et
387 3231 446 3290 elii.

307 3310 452 3369 XXVII.
474 3310 546 3369 Lue.
561 3309 601 3369 vi.
616 3312 665 3386 32,
678 3313 725 3371 33.
769 3312 863 3390 Opere
873 3313 1037 3374 eommunia
1047 3313 1212 3374 tribuuntur
1222 3311 1318 3389 impiis
1328 3331 1394 3370 oum
1405 3309 1472 3388 piis,
1596 3315 1597 3355 l

266 3391 366 3466 quulie
379 3398 447 3448 eunt
460 3391 585 3466 deligere,
600 3391 770 3466 benefacere,
785 3402 911 3454 mutuum
925 3397 1004 3470 dure,
1021 3393 1072 3454 eed
1086 3401 1205 3453 externe
1219 3393 1362 3452 duntexet
1375 3391 1474 3468 speeie

265 3487 363 3528 eoram
377 3467 550 3542 hominibus,
566 3489 624 3527 non
638 3489 709 3528 vero
723 3471 837 3530 interne
849 3473 978 3534 bonitate
989 3493 1085 3532 eornm
1097 3473 1169 3548 Deo,
1180 3471 1342 3551 eujusmodi
1355 3471 1474 3530 filerunt

266 3545 407 3606 sacrificiu
420 3545 533 3622 Abelis,
549 3556 579 3606 et
593 3547 686 3622 Caini,
703 3550 810 3608 Genes.
825 3551 875 3627 im,
891 3553 1082 3630 eleemosyna
1097 3553 1230 3628 divitum,
1246 3559 1275 3610 et
1288 3551 1385 3611 vidnae
1400 3571 1470 3628 peu·

263 3625 397 3705 percule,
414 3625 485 3684 Lue.
500 3626 572 3702 xxi,
586 3645 687 3703 preeee
702 3627 849 3706 Pherieoei,
865 3640 895 3690 et
910 3632 1070 3708 Publiceni,
1086 3633 1158 3692 Lue.
1173 3632 1256 3690 xviii.

305 3705 467 3766 XXVIII.
498 3705 591 3766 Aliud
615 3716 659 3766 est
675 3709 778 3782 facere
802 3729 864 3784 quo
886 3721 951 3770 sunt
964 3713 1057 3789 Lepti,
1073 3712 1169 3790 quoad
1185 3711 1413 3788 promptiorem,
1428 3709 1469 3770 id.

264 3785 346 3864 fungi
361 3787 455 3846 officio
471 3787 560 3864 Legis
577 3786 716 3866 jubendo,
731 3789 918 3865 prohibendo,
934 3792 1128 3868 promittendo
1148 3799 1177 3852 et
1197 3791 1354 3867 minend03
1377 3791 1471 3848 Aliud

266 3887 336 3926 vero
350 3867 444 3926 secere
459 3887 494 3926 ee
507 3867 603 3944 quood
623 3870 813 3944 obedientiam,
828 3871 975 3949 implendo
996 3873 1059 3950 ejus
1073 3871 1217 3931 mendete.
1260 3871 1345 3930 Prius
1365 3869 1474 3929 dieitur

265 3945 301 4005 de
316 3946 493 4022 Gentilibus,
509 3947 594 4006 Rom.
615 3947 645 4007 ii.
669 3952 715 4024 14,
733 3951 779 4024 15,
794 3951 863 4026 quin
887 3971 952 4012 eum
973 3971 1032 4011 non
1052 3951 1179 4012 hebeent
1193 3952 1302 4028 Legem
1321 3949 1469 4026 seriptum,
1595 3969 1596 3972 ¹

262 4035 328 4084 eunt
339 4025 392 4084 eibi
404 4028 471 4102 z'peie
484 4029 557 4103 Lex,
572 4027 748 4088 oonseientiu
761 4029 868 4106 quippe
881 4030 912 4088 in
926 4029 997 4108 ipeie
1010 4031 1080 4091 feeit
1093 4051 1158 4109 queo
1172 4042 1240 4091 eunt
1254 4029 1352 4108 Legis,
1367 4029 1469 4106 prreei·

261 4104 368 4182 piendo
382 4115 412 4166 et
425 4105 614 4182 prohibendo.
656 4107 717 4168 Neo
731 4109 758 4166 ei
767 4109 957 4185 cogitationes
967 4112 1096 4189 ipsorum
1110 4111 1244 4171 dicuntur
1258 4129 1308 4170 eos
1318 4117 1469 4185 uenture,

263 4185 319 4278 lroe
332 4204 391 4278 npn
404 4184 625 4278 intelligendum
639 4195 684 4246 eet
699 4187 735 4279 'in
749 4187 810 4247 loro
819 4190 890 4282 ppli,
906 4190 959 4250 sed
978 4191 1039 4267 ooli,
1053 4211 1107 4251 nee
1121 4211 1140 4249 u
1153 4200 1222 4284 toto,-
1233 4191 1285 4250 eed
1297 4209 1315 4249 u
1329 4197 1417 4262 lanto,
1440 4191 1470 4248 in

261 4266 1371 4412 {lllludttbttttl‘ll„:lltlttfftltuutdttolt‘
1381 4269 1471 4408 limi

261 4442 323 4499 eno,
340 4424 390 4561 pipi
405 4388 545 4500 Geniiles,
561 4425 688 4502 quisine
703 4395 927 4505 Legepeeeerit,
943 4430 1004 4490 eine
1020 4429 1100 4509 Lege
1120 4370 1263 4509 pierituroe
1279 4429 1388 4488 ibidem
1403 4369 1467 4508 prii·

260 4519 432 4638 nuileiilX.
454 4581 630 4659 Exemplum
654 4583 858 4662 Obstetrionm
881 4588 918 4650 de
942 4589 1057 4668 quibus,
1083 4591 1277 4666 Exod.i.15,
1299 4608 1360 4648 nou
1380 4588 1467 4665 juvet

259 4651 462 4738 Advereerios.
504 4661 602 4720 Primo
624 4664 693 4740 quie
714 4684 773 4724 non
787 4666 904 4730 fuerunt
914 4671 1075 4750 AEgypfim,
1090 4671 1144 4731 sed
1159 4670 1301 4746 Hebroee,
1316 4667 1396 4747 qnod
1410 4669 1467 4728 nisi
