3160 5194
245 381 366 449 xxxviii
674 402 806 451 enarro
822 401 1008 452 ruannnrs.

245 564 326 628 dixit
341 559 537 628 lastinianus
560 559 648 644 ipse;
678 573 794 645 quanto
819 587 887 632 cum
907 566 1000 629 animi
1017 564 1122 647 vigore
1137 563 1283 628 adversus
1300 561 1447 627 vitiorum

245 663 399 744 publicam
416 662 517 727 labem
540 661 709 745 intonaret,
724 686 786 730 non
806 666 873 730 sine
897 665 1045 728 uberibus
1062 663 1228 746 lachrymis
1243 663 1380 745 singulos
1406 663 1448 726 ad

242 761 457 843 peanitentiam
472 762 613 842 hortans,
629 763 698 844 ipso
711 771 748 826 ut
761 785 811 828 res
826 765 918 828 fidem
928 765 1045 827 faceret
1059 783 1120 826 non
1134 761 1308 827 inconsulto
1322 762 1447 844 ardore,

244 860 299 924 sed
313 865 443 939 paterno
457 861 489 922 in
505 880 556 924 eos
573 862 683 940 quibus
707 862 901 927 irascebatur
925 864 1050 943 affeetu,
1067 860 1242 943 publieiqne
1258 859 1333 925 beni
1362 859 1450 924 desi-

245 957 331 1021 derio
348 958 530 1037 permoveri.
561 959 686 1037 Quanta
699 981 768 1025 oum
780 959 907 1026 solertia
921 959 1067 1024 Doctoris
1083 961 1224 1042 partibus
1241 960 1273 1022 in
1290 957 1451 1022 Gathedra

246 1056 430 1137 Theologiea
461 1058 586 1122 functus
611 1060 716 1141 fuerit,
742 1067 859 1142 quanta
882 1059 998 1141 ingenii
1022 1059 1197 1141 velocitate,
1229 1063 1346 1138 quanta
1373 1077 1453 1139 per-
1564 1099 1565 1110 κ

245 1153 410 1235 spiouitate
423 1156 563 1220 involuta
575 1159 746 1242 evolvebat,
764 1159 975 1242 distinguebat
991 1157 1148 1239 perplexa,
1161 1159 1292 1221 obscura
1307 1157 1452 1236 expliea-

245 1255 312 1335 bat,
330 1254 438 1336 dignos
455 1255 576 1320 vindico
593 1257 688 1321 nodos
703 1258 886 1340 resolvebat,
903 1256 1062 1337 aperiebat
1077 1256 1291 1337 Sophistarum
1308 1255 1451 1319 latebras

244 1359 278 1416 et
292 1371 442 1431 recessus,
460 1373 496 1418 aa
513 1373 574 1436 qua
589 1363 680 1436 parte
695 1355 858 1420 laborabat
871 1355 969 1420 hostis
986 1355 1160 1437 detegebat,
1176 1353 1281 1419 dicant
1292 1351 1453 1434 Prophet

244 1471 331 1515 arum
359 1452 427 1534 filii,
451 1451 513 1516 imo
541 1454 727 1535 Propheta:
764 1456 790 1519 si
815 1454 897 1519 enirn
924 1461 990 1518 tres
1011 1460 1065 1516 ant
1081 1461 1214 1533 quatuor
1229 1451 1377 1532 excipias,
1395 1453 1450 1515 vix

244 1549 357 1613 Pastor
370 1557 420 1614 est
434 1551 517 1632 apud
533 1572 598 1628 nos,
615 1553 667 1633 qui
682 1573 744 1616 non
759 1574 796 1616 eo
819 1573 893 1617 usus
909 1551 951 1616 sit
976 1559 1178 1633 preceptore,
1195 1558 1229 1616 et
1246 1552 1297 1632 qni
1313 1571 1353 1614 ex
1379 1552 1451 1632 ejus

244 1649 408 1730 disciplina
433 1669 495 1712 non
523 1651 682 1731 prodierit.
732 1651 901 1716 Doctorem
925 1669 1014 1715 suum
1032 1657 1123 1732 grato
1148 1650 1250 1713 auimo
1275 1658 1451 1731 agnoscunt

244 1748 390 1824 Helvetii,
409 1747 503 1830 Galli,
519 1749 733 1823 Gcnevenses3
760 1749 826 1814 Vos
851 1769 955 1813 omnes
978 1749 1099 1830 appello
1120 1755 1229 1831 testes,
1244 1755 1384 1828 posteros
1411 1767 1451 1812 ac

243 1855 371 1928 nepotes
387 1846 505 1925 docete,
522 1848 621 1928 qualis
637 1849 731 1912 lherit
747 1848 867 1913 Doctor
891 1856 997 1913 noster
1013 1857 1179 1933 panagium.
1231 1845 1303 1910 Heu
1326 1847 1450 1911 utinam

242 1947 333 2010 hodie
350 1947 492 2011 doceret!

181 2071 190 2084 ,
294 2045 446 2110 Scaurus
456 2053 533 2122 erat,
549 2047 576 2110 si
592 2047 660 2127 quis
674 2065 822 2128 unquam,
837 2047 1029 2128 Theologus3
1045 2052 1172 2110 noverat
1187 2045 1311 2125 quippe,
1325 2050 1361 2106 nt
1373 2044 1450 2107 olim

244 2145 358 2226 populo
372 2146 505 2210 «Iudaico
522 2145 562 2208 ad
590 2147 725 2210 radicem
742 2147 855 2209 montis
881 2164 1041 2210 accessuro
1058 2143 1169 2207 clathri
1188 2140 1374 2219 cancellique
1390 2163 1453 2206 au·-

244 2245 339 2307 daoiae
357 2264 419 2306 suae
434 2244 537 2306 obices
551 2243 657 2322 positi,
676 2243 720 2305 sio
744 2249 831 2304 certa
845 2243 933 2304 nobis
957 2241 1106 2319 repagula
1122 2257 1189 2300 osse
1204 2236 1382 2312 constitut-a,
1411 2263 1453 2305 ac

243 2347 357 2402 nostrae
374 2339 541 2419 cognitioni
556 2339 655 2399 multa
674 2338 836 2416 subducto,
853 2359 921 2415 quaa
947 2354 1083 2399 summus
1099 2335 1232 2398 omnium
1250 2333 1368 2396 arbiter
1394 2337 1452 2402 hic

241 2435 376 2516 ignorari
392 2434 500 2515 voluit,
515 2433 672 2514 expectari
681 2453 754 2497 vero
769 2435 802 2496 in
811 2433 919 2497 futura
930 2437 1092 2498 beatorum
1103 2433 1194 2508 sede;
1220 2439 1329 2512 aperta
1338 2432 1451 2516 Scrip-

241 2541 319 2596 turas
347 2532 453 2596 sedula
476 2531 706 2614 pervestigabat
730 2531 895 2614 industria,
913 2533 968 2596 sed
998 2533 1032 2594 in
1057 2531 1178 2596 occulta
1195 2541 1244 2593 aar
1261 2537 1380 2616 truelga
1398 2543 1450 2607 τῆς

242 2639 371 2706 κοσμικῆς
388 2635 583 2708 καταλήψεως
600 2631 765 2694 temerario
775 2649 851 2694 ausu
866 2653 926 2694 non
938 2632 1171 2714 perrumpebat.
1209 2629 1346 2694 Dolebat
1360 2651 1449 2695 sum-

240 2748 365 2809 mopere
380 2747 468 2793 rnere
483 2730 584 2792 omnia
599 2729 632 2791 in
648 2730 738 2809 pejus
753 2749 809 2810 per
825 2731 955 2794 vetitum
971 2733 1069 2811 nefas,
1083 2729 1213 2794 lacerari
1226 2729 1342 2794 Christi
1357 2731 1448 2792 tuni-

240 2847 318 2907 cam,
336 2827 442 2907 augeri
468 2843 600 2909 errores,
616 2827 785 2891 multorum
812 2829 904 2892 fidem
927 2829 1120 2909 labefactari,
1144 2827 1271 2908 pietatis
1296 2829 1446 2908 mysteria

239 2925 324 2989 hisce
338 2926 531 3006 temporibus
546 2923 664 2991 cavillis
689 2926 829 2992 humanis
844 2926 992 3009 vellicari,
1012 2935 1045 2990 et
1069 2926 1315 3008 Samosatennm,
1333 2926 1447 2990 Photi-

239 3043 324 3105 num,
341 3023 465 3109 Arium,
483 3025 619 3089 inlausta
635 3034 669 3090 et
681 3026 715 3089 in
731 3024 914 3090 Christianae
940 3025 1110 3107 Religionis
1134 3026 1279 3105 probrum
1296 3031 1372 3086 nata
1387 3045 1447 3088 no-

240 3123 334 3207 mina,
347 3121 448 3187 denno
464 3125 549 3188 velut
574 3145 614 3189 ex
638 3143 710 3190 oreo
724 3125 840 3190 reduci.
903 3124 1087 3206 sanguineis
1112 3123 1246 3186 deflebat
1267 3123 1443 3204 lachrymis,

240 3222 321 3299 quod
335 3221 448 3286 multos
465 3224 585 3288 afficere
600 3223 724 3287 audiret
732 3224 886 3305 serpentis
900 3223 1059 3288 Athelsmi
1071 3223 1169 3297 tabes,
1181 3219 1394 3284 Sooinianismi
1406 3241 1444 3284 ac

240 3318 455 3397 Pelagianismi
472 3321 631 3400 gliscentis
648 3322 800 3406 contagia.
852 3321 964 3383 Omnia
980 3320 1041 3383 Dei
1058 3339 1171 3384 arcana
1185 3319 1367 3402 mirabatur,
1381 3339 1443 3382 non

239 3417 450 3490 scrutabatur3
468 3417 572 3479 aiebat
586 3419 701 3497 inquiri
715 3437 776 3480 non
792 3419 900 3482 decere
915 3437 983 3498 quae
994 3438 1055 3481 non
1071 3419 1155 3498 capit
1171 3416 1329 3481 terrestris
1342 3417 1444 3481 imbe-

239 3513 363 3593 cillitas,
380 3533 417 3578 ac
433 3513 616 3578 insanientis
633 3535 700 3578 esso
715 3535 791 3596 opus
807 3515 954 3593 scientiae,
971 3516 1042 3596 plus
1060 3515 1213 3582 sciscitari
1227 3535 1318 3596 qnam
1335 3515 1445 3580 docere

238 3611 305 3674 vult
322 3611 417 3676 Deus.

287 3708 592 3774 &tumultuosum
604 3710 756 3774 virtutum
774 3711 937 3795 imaginem
951 3713 1088 3777 moribus
1103 3733 1138 3778 ac
1154 3713 1221 3776 vita
1231 3733 1300 3776 eum
1315 3732 1443 3793 expres-

238 3809 314 3872 sisse
334 3809 475 3874 omnibus
503 3818 621 3886 notum,
649 3810 701 3891 qui
729 3810 813 3875 illius
827 3811 1037 3876 familiaritate
1062 3813 1249 3886 utebantur3
1276 3799 1442 3874 Neo'enim

238 3915 306 3971 erat
320 3927 360 3972 ex
377 3929 480 3972 eornm
498 3927 634 3984 numero,
652 3911 707 3992 pai
723 3909 897 3993 loquuntur
907 3933 977 3994 quae
988 3910 1050 3974 Do·
1062 3919 1147 3991 suat,
1157 3912 1287 3994 firmant
1296 3929 1366 3990 puta
1381 3930 1442 3972 scra
1564 3953 1565 3966 1

237 4015 320 4084 tutti,
331 4007 513 4090 pltalerata
527 4029 631 4093 maffia
646 4027 743 4090 quam
756 4029 835 4072 vera
848 4011 1018 4092 sapientia,
1035 4017 1113 4071 ὁποῖοι
1129 4016 1151 4069 oi
1169 4015 1251 4071 αὐτοῦ
1269 4015 1355 4089 λόγοι,
1372 4017 1443 4068 volat
1564 4039 1565 4092 j

238 4114 288 4165 κα)
316 4113 345 4167 αἱ
369 4109 491 4191 πράξεις,
519 4115 568 4169 κα)
592 4114 668 4169 isaia
694 4114 732 4169 sot
752 4109 829 4192 ἔργα,
857 4116 969 4178 τοιοῦτος
995 4115 1007 4169 ὁ
1031 4111 1100 4184 βίος.
1151 4105 1239 4184 Quod
1265 4105 1443 4168 Athanasio

236 4201 454 4268 Nazianzenus
464 4205 576 4269 tribuit
584 4206 765 4282 encomium,
775 4205 808 4268 in
819 4205 1039 4270 Turrettiuam
1051 4210 1189 4269 nostrum
1199 4203 1338 4285 apprime
1344 4203 1439 4283 quad-

235 4298 336 4374 rabat,
353 4305 464 4378 ὑψηλός
478 4329 526 4376 μεν
541 4315 595 4374 sols
609 4307 703 4388 ἔργοις,
720 4313 841 4373 ταπεινὸς
857 4311 883 4366 δὲ
902 4311 1055 4388 φςονῆμασι,
1074 4309 1139 4365 tam
1162 4301 1266 4365 animo
1282 4301 1441 4376 demissus

236 4415 327 4476 quam
342 4397 409 4460 vita
432 4404 501 4461 erat
519 4401 669 4468 sublimis.
721 4401 794 4465 Non
821 4404 979 4483 querebat
1004 4403 1170 4476 theatrum,
1197 4419 1254 4464 nec
1278 4400 1441 4481 plausum

235 4495 396 4559 honestam
411 4498 494 4577 apud
519 4497 596 4562 alios
620 4497 881 4564 existimationem
897 4522 958 4564 non
980 4501 1157 4580 spernebat,
1183 4499 1237 4562 sed
1262 4517 1319 4562 nec
1344 4496 1440 4560 etiam

235 4593 382 4674 captabat
390 4617 403 4680 3
428 4615 527 4677 neque
542 4615 677 4678 unquam
691 4619 732 4661 ex
747 4599 876 4662 alionum
892 4598 1119 4662 obtrectatione
1133 4603 1363 4660 monumentum
1379 4594 1440 4658 sibi

235 4692 379 4776 cupiebat
395 4701 551 4770 erectum3
577 4695 653 4761 nihil
668 4697 708 4762 ad
722 4697 853 4780 gloriam
868 4715 964 4773 suam,
979 4694 1082 4760 omnia
1098 4696 1138 4760 ed
1153 4693 1308 4776 publicam
1323 4694 1439 4759 refere-
