3250 5176
279 348 337 406 602
755 360 846 402 accus
860 359 998 402 acernus.
1303 337 1425 422 [comer
1440 361 1487 402 111.

276 513 373 585 potest
391 503 450 563 dici
470 505 594 582 seipsam
616 502 823 580 determinare,
845 503 914 581 quia
934 501 1141 562 determinatur
1160 501 1197 560 ab
1221 500 1380 578 intellectu,
1396 499 1486 582 cujus

276 607 336 646 non
349 593 445 664 potest
459 605 517 643 non
532 585 614 662 sequi
623 585 756 644 ultimum
769 584 934 644 intellectus
947 583 1066 662 practici
1077 582 1229 661 judicium.

319 666 410 726 XIV.
434 665 609 726 Sivolnntas
623 683 735 742 semper
745 664 954 724 determinatur
966 684 985 723 a
999 664 1071 738 Deo,
1087 671 1182 741 potest
1196 661 1255 720 dici
1268 661 1486 724 semmam

279 749 343 826 ejus
357 767 444 806 sensu
467 745 607 824 populari,
628 763 686 821 quo
707 745 794 803 modo
818 745 892 803 ratio
910 744 1094 803 instrumenti
1115 743 1252 802 tribuitur
1275 742 1306 800 in
1332 745 1488 823 Scriptura

278 829 445 888 hominibus
468 825 573 904 impiis,
589 827 706 902 quando
720 825 988 900 vocantursecnrie,
1003 827 1128 901 malicias,
1149 824 1233 900 sirpe
1252 824 1328 896 Παίς
1349 824 1403 884 sed
1423 845 1487 884 non

281 929 369 969 sensu
390 907 594 983 Philosophiae
618 913 648 964 et
669 907 794 983 proprio,
820 925 877 983 quo
902 904 1008 965 dicitur
1031 925 1122 982 agens
1136 902 1216 981 quod
1234 904 1313 963 intra
1326 923 1357 964 se
1371 905 1486 964 nullam

280 989 368 1048 habet
381 987 580 1047 causalitatem
591 986 789 1064 principalem,
805 995 834 1045 et
847 987 922 1045 hano
935 985 1024 1045 habat
1038 985 1173 1059 indolem,
1195 993 1229 1044 ιιι
1241 984 1384 1062 producat
1396 983 1485 1044 effec-

280 1079 341 1128 tum
356 1088 387 1127 se
401 1067 580 1142 nobiliorem,
605 1075 640 1126 ut
660 1067 738 1125 calor
761 1067 837 1126 Solis
857 1067 909 1144 qui
929 1075 974 1126 est
993 1067 1177 1141 inanimatus,
1199 1065 1334 1142 producit
1347 1067 1487 1124 animalia

280 1149 414 1208 animata.
457 1147 533 1205 Nam
547 1147 682 1206 voluntas
696 1167 754 1206 non
768 1146 901 1226 producit
916 1148 977 1205 Ena
991 1146 1168 1218 scrobibus,
1183 1153 1213 1204 et
1226 1164 1284 1204 non
1298 1145 1406 1205 desinit
1419 1167 1486 1205 esse

280 1227 556 1383 “ui‘vp'idiiliit
572 1228 824 1368 litttllltr
837 1228 913 1366 tit
927 1247 980 1321 ⁸¹¹⁹
994 1247 1108 1366 itit
1125 1225 1298 1365 illitis?
1307 1226 1486 1381 title,

281 1389 330 1449 vel
340 1389 452 1468 judicio
466 1388 600 1448 absoluto
614 1398 644 1448 et
658 1329 782 1465 sinplidi
795 1327 1102 1465 intelleotgddlpiactici,
1118 1407 1175 1464 quo
1189 1387 1334 1464 pertinent
1348 1387 1406 1446 iata
1420 1387 1486 1446 Me-

282 1471 344 1530 deae
367 1469 444 1547 apud
459 1470 586 1544 Poetam,
601 1469 680 1528 video
704 1471 830 1544 meliora,
846 1471 1000 1546 proleque,
1014 1469 1165 1544 Vdetoeiora
1186 1487 1306 1544 scqacr;
1327 1467 1486 1546 Nunquam

283 1561 380 1612 tamen
394 1550 534 1627 refragari
548 1557 643 1627 potest
650 1549 763 1627 judicio
778 1558 942 1626 comparato
953 1559 982 1608 et
995 1548 1107 1608 ultimo.

324 1631 414 1690 XVI.
438 1631 473 1688 Iu
488 1631 580 1707 primo
594 1639 712 1707 peccato
725 1629 861 1689 voluutas
875 1629 984 1688 Adami
1007 1649 1066 1688 non
1080 1636 1125 1687 est
1138 1636 1237 1686 secuta
1250 1628 1375 1705 primum
1389 1637 1420 1686 et
1434 1627 1485 1687 ab·

282 1712 409 1771 solutum
426 1709 570 1788 judicium
584 1710 756 1784 intellectus,
772 1729 830 1786 quo
846 1709 998 1786 judicabat
1011 1728 1071 1767 non
1084 1727 1148 1768 esse
1161 1707 1394 1767 manducandum
1409 1707 1485 1768 irue-

282 1800 352 1866 tum,
360 1791 428 1868 quia
438 1791 517 1849 Deus
527 1791 590 1868 ejus
599 1809 679 1849 esum
688 1790 874 1868 prohibuerat
882 1789 936 1848 sub
945 1809 1031 1867 poena
1039 1789 1147 1864 mortis,
1156 1789 1232 1848 Gen.
1239 1788 1314 1862 iiis,
1325 1788 1377 1847 sed
1385 1799 1487 1848 secuta

283 1881 328 1930 est
342 1879 538 1950 comparatum
553 1881 582 1930 et
595 1871 739 1946 ultimum,
755 1890 812 1947 quo
828 1871 940 1947 dicitur,
957 1890 986 1929 v.
1001 1873 1028 1946 6,
1044 1869 1153 1928 vidisse
1167 1869 1271 1928 mulier
1289 1869 1400 1928 bonurn
1421 1889 1485 1928 esse

283 1952 340 2011 sibi
354 1951 478 2011 fructum
493 1951 603 2010 arboris
617 1951 647 2009 in
662 1951 767 2028 cibum,
783 1959 812 2010 et
828 1951 977 2029 judicasse
990 1948 1211 2010 desiderabilem
1225 1968 1289 2008 esse
1303 1949 1406 2025 eculin,
1421 1950 1485 2010 scil

279 2034 367 2111 juxta
378 2032 597 2109 promissionem
612 2031 744 2091 fallacem
761 2033 883 2107 Satanas,
899 2039 933 2091 ut
947 2030 1056 2090 similes
1070 2038 1166 2089 essent
1178 2029 1251 2088 Deo.

324 2113 432 2171 XVII.
456 2112 492 2170 In
508 2113 631 2172 Peccatc
646 2121 746 2172 contra
762 2113 900 2190 Spiritum
923 2113 1061 2171 Sanctum
1081 2110 1218 2169 voluntas
1238 2109 1401 2187 refragatur
1421 2110 1485 2187 qui·

281 2193 348 2252 dem
360 2193 471 2271 judicio
484 2192 650 2252 intellectus
664 2193 791 2271 practici,
808 2194 894 2252 etiam
909 2201 1074 2270 comparato
1086 2190 1189 2268 primo,
1204 2189 1276 2248 alias
1294 2210 1354 2248 non
1375 2189 1485 2250 dicere-

281 2283 328 2332 tur
342 2272 404 2332 fieri
418 2281 519 2332 contra
532 2273 746 2348 conscientiam,
762 2283 791 2332 et
810 2274 1005 2351 coguiti0nem
1019 2272 1168 2347 veritatis,
1190 2270 1243 2329 sed
1262 2290 1321 2329 non
1341 2281 1487 2348 repugnat

281 2363 377 2412 tamen
387 2353 500 2430 judicio
514 2363 679 2430 comparato
693 2354 804 2428 ultimo,
819 2355 849 2411 in
858 2373 916 2432 quo
930 2373 997 2412 caro
1012 2352 1145 2412 omnibus
1154 2351 1290 2428 expensis
1303 2351 1351 2410 hic
1365 2361 1396 2411 et
1409 2372 1486 2412 nunc

276 2433 390 2509 judicat
404 2433 599 2511 Evangelium
612 2432 815 2512 abnegandum
829 2453 901 2512 esse,
917 2441 947 2493 et
962 2434 1108 2493 Christum
1122 2431 1322 2492 deserendum.

744 2671 938 2747 Qumsmo
959 2673 1020 2732 111.

157 2873 161 2881 -
279 2833 326 2892 Aa
339 2832 414 2892 ratic
430 2832 566 2908 ferrandi
580 2833 680 2892 Liberi
691 2833 813 2892 Arbitrii
829 2834 859 2892 in
872 2833 1062 2909 indiffama'o
1081 2833 1178 2910 posita
1200 2833 1257 2892 siti
1297 2834 1344 2892 Aa
1366 2853 1435 2892 aero
1459 2835 1487 2892 in

320 2913 441 3054 inplicitis
453 2914 590 2974 rationali
598 2914 612 2973 ,¹
635 2914 719 2976 Prius
730 2913 815 2992 Neg,
831 2915 979 2975 Posterius
994 2913 1063 2991 eff,
1079 2923 1180 2973 contra
1194 2913 1370 2990 Pontificios,
1388 2914 1486 2974 Socin.

322 3015 338 3054 e
394 3004 531 3055 emonstr.

281 3193 396 3240 Liberum
415 3193 524 3240 mim„
585 3155 611 3216 Ι.
632 3157 766 3216 Liberam
779 3157 937 3216 Arbibnirm
949 3163 1046 3234 potest
1060 3155 1183 3232 spectari
1196 3154 1245 3213 vcl
1259 3154 1397 3231 inperare
1407 3155 1485 3231 calb,

310 3267 350 3296 um
379 3253 406 3297 ιιι
439 3267 526 3311 genere
547 3245 576 3294 et
590 3237 732 3314 absolute,
747 3246 834 3315 prout
847 3238 984 3316 competit
999 3237 1068 3296 Enti
1082 3235 1216 3295 rationali
1229 3235 1259 3292 iu
1270 3235 1375 3313 quovis
1390 3243 1485 3310 statu,

308 3311 387 3356 Eneu.
547 3316 597 3376 vel
611 3318 640 3375 in
651 3338 754 3394 periere
767 3319 861 3392 ewra,
877 3328 908 3378 et
923 3318 1012 3378 relate
1026 3316 1063 3375 ad
1077 3316 1174 3375 varios
1185 3323 1286 3391 status,
1301 3315 1351 3374 vel
1364 3316 1485 3393 peremi

279 3395 327 3454 vel
339 3396 470 3472 justitiae.
513 3395 550 3452 In
563 3396 618 3454 hac
632 3398 798 3471 Quaestione
812 3398 908 3476 agitur
921 3397 958 3456 de
972 3417 1006 3456 eo
1028 3397 1116 3476 priori
1130 3415 1225 3472 seusu,
1246 3395 1278 3454 in
1298 3395 1486 3473 sequentibus

280 3483 384 3552 agetur
398 3473 434 3532 de
448 3493 492 3546 eo,
507 3475 669 3550 posteriori.

279 3591 336 3697 tt:
350 3592 521 3722 ιιιιιιιι
545 3638 571 3694 1.
583 3554 968 3716 {cirilliile‘i‘i
980 3557 1124 3696 litt
1124 3555 1236 3714 litt
1237 3564 1313 3695 ‘ti
1330 3555 1484 3712 illiti}

309 3711 351 3757 sed
361 3725 386 3755 ¹¹¹
397 3711 514 3756 lubentn.
544 3720 572 3776 2.
581 3719 651 3775 uel
664 3716 730 3775 iim
744 3724 774 3775 et
784 3716 908 3792 positive,
924 3726 957 3776 ιιι
970 3723 1083 3775 constet
1096 3717 1127 3775 in
1148 3736 1206 3793 qno
1226 3716 1340 3794 proprie
1361 3717 1419 3776 sita
1439 3717 1483 3776 sit

280 3797 382 3872 Quoad
396 3796 476 3874 prius
491 3797 703 3876 oppugnandus
717 3805 761 3857 est
772 3817 850 3856 error
864 3795 1116 3872 Adversariorum,
1132 3797 1183 3874 qui
1196 3798 1337 3856 rationem
1351 3797 1415 3874 ejus
1428 3797 1482 3855 sor·

279 3878 384 3936 malem
399 3876 543 3937 collocant
557 3879 587 3936 in
602 3877 803 3938 indifferentia
839 3877 941 3953 Quoad
955 3877 1097 3956 posterius
1109 3877 1304 3937 confirmanda
1317 3887 1363 3936 est
1377 3878 1483 3936 veritas

281 3958 460 4033 Orthodoxa,
477 3977 542 4035 quac
556 3957 637 4017 illam
650 3959 681 4017 in
695 3959 826 4019 lubentia
838 3958 973 4017 rationali
986 3958 1110 4036 positam
1124 3957 1234 4016 asserit.

321 4039 382 4097 III.
405 4039 465 4098 Res
486 4038 570 4098 nobis
591 4039 639 4098 hic
659 4049 704 4098 est
725 4059 791 4099 cum
812 4039 944 4115 Jesuitis,
970 4038 1131 4097 Socinianis
1152 4045 1182 4097 et
1203 4037 1483 4112 Remonstrantibus,

279 4119 330 4195 qui
345 4117 497 4196 Pelagium
512 4128 666 4198 sequentes
686 4119 770 4178 liberi
784 4119 895 4178 arbitrii
916 4118 1069 4178 essentiam
1090 4119 1122 4175 in
1141 4113 1277 4198 ἄδκφοςιζι
1296 4117 1484 4194 constituunt,

280 4207 309 4257 et
323 4198 398 4257 illud
412 4197 532 4258 definire
546 4200 637 4276 vulgo
651 4199 754 4274 solent,
766 4203 944 4276 fundentem,
961 4219 1019 4276 quc
1034 4199 1135 4275 positas
1148 4198 1272 4256 omnibus
1285 4199 1327 4256 ad
1345 4199 1484 4274 αφαιάιιηι

279 4279 427 4356 reptibilia,
442 4281 573 4338 υοίιιπιαι
581 4287 676 4356 potest
688 4299 774 4356 aper-e
787 4283 832 4339 vel
840 4301 896 4340 non
910 4299 1004 4358 αρσια.
1041 4279 1196 4356 Requisita
1209 4287 1305 4338 autem
1319 4277 1371 4337 illa
1384 4277 1483 4337 dicun

278 4367 326 4418 tur
340 4358 540 4433 adactionem,
558 4359 620 4418 siue
634 4360 741 4437 quibus
755 4360 830 4419 actio
844 4381 903 4419 non
916 4369 1013 4438 potest
1034 4359 1164 4437 produci,
1180 4358 1278 4436 qualia
1298 4367 1366 4418 sunt
1386 4357 1484 4418 dcere-

278 4445 339 4496 tum
355 4439 419 4515 Dei,
435 4448 465 4497 et
482 4459 638 4500 concursus
661 4441 733 4519 ejus,
755 4441 899 4520 judicium
922 4441 1037 4518 mentia,
1060 4448 1091 4500 et
1114 4447 1226 4499 caeteree
1250 4437 1482 4516 circumstantiae,

278 4534 343 4591 qua
357 4518 414 4578 huc
427 4518 580 4594 pertinent.

583 4599 638 4657 1v.
663 4599 749 4658 Unde
762 4608 851 4677 patet,
867 4599 934 4658 Non
947 4600 995 4658 hic
1009 4601 1100 4677 quaeri
1114 4599 1151 4659 de
1173 4600 1363 4674 indifferentia
1377 4598 1407 4657 in
1420 4607 1484 4658 actu

308 4654 486 4762 Shilsssslae*
536 4680 643 4752 primo,
660 4699 711 4738 acu
725 4679 851 4738 inseram
865 4679 962 4751 drbiso,
976 4680 1074 4757 quoad
1087 4681 1254 4740 εἱηιιιιιιιιειη
1264 4680 1404 4756 petentia,
1419 4699 1483 4755 qua

533 4758 652 4832 passive
672 4767 701 4817 et
725 4759 860 4834 objectiva
881 4758 1005 4833 dieitur;
1028 4759 1079 4820 An
1103 4760 1216 4824 scilicet
1236 4761 1374 4820 voluntas
1398 4759 1483 4822 abso-
