3160 5194
206 325 211 334 '
229 325 267 386 28
712 336 803 382 socos
817 335 934 382 neruos.
1251 315 1379 402 [ocean.
1397 338 1449 382 rx.

228 483 428 547 illuminantes
471 481 530 543 Sed
542 480 689 560 quaeritur,
710 479 761 540 An
775 481 872 543 nullus
893 481 932 542 sit
951 479 1068 541 omnino
1082 480 1145 559 ejus
1158 499 1238 557 usus,
1260 489 1290 542 et
1310 481 1361 540 An
1377 481 1447 540 Ru-

228 564 316 624 tionis
329 561 524 624 testimonium
537 562 622 639 plene
636 560 787 641 repudiare
800 561 964 638 debemus,
980 561 1093 640 quoties
1106 560 1143 620 de
1157 561 1278 621 veritate
1292 562 1342 620 vel
1355 561 1447 622 telsi-

229 653 288 706 tate
301 642 426 721 alicujus
438 640 583 720 dogmatis
588 640 778 721 judicandum
787 663 795 718 3
817 641 896 719 quod
906 641 1077 701 Adversarii
1084 641 1202 718 vellem,
1214 641 1275 700 Nos
1283 661 1445 720 negamus.

270 723 307 782 V.
331 722 414 782 Licet
426 722 554 782 maxima
568 722 606 781 sit
618 721 782 782 intellectus
795 721 915 781 humani
935 722 1059 797 coecitas,
1073 729 1184 780 certum
1197 729 1295 781 tamen
1308 731 1354 781 est
1367 723 1444 781 reli-

228 823 302 882 quos
315 803 410 862 adbuc
424 821 488 863 esse
502 803 532 860 in
545 802 609 879 ipso
622 801 718 861 radios
738 801 852 879 sliquos
864 801 983 862 luminis
1003 800 1150 876 naturalis,
1165 810 1196 861 ct
1208 801 1342 879 quaedam
1354 803 1443 879 prin·

228 883 304 960 cipia
323 901 446 961 quorum
466 881 628 942 indubitata
648 889 694 941 est
714 881 830 957 verina,
845 882 943 959 qualia
964 890 1039 957 sunt,
1060 881 1166 940 Totum
1185 881 1281 960 majus
1301 900 1365 940 esse
1381 901 1446 941 sua

226 972 316 1041 parte,
329 961 473 1022 Effectum
484 981 643 1040 supponere
654 981 778 1038 causam,
791 962 864 1021 Esse
874 971 905 1022 et
914 981 973 1021 non
982 980 1046 1021 esso
1057 961 1194 1020 terminos
1204 980 1267 1020 esse
1277 962 1445 1028 ἐπικότως

226 1041 283 1102 to.
297 1050 327 1103 et
340 1042 396 1102 nisi
409 1042 465 1122 boc
478 1041 560 1117 soret,
581 1042 670 1102 nullae
683 1041 747 1100 dari
759 1049 878 1121 possent
898 1041 1025 1101 scientis
1046 1048 1096 1100 eut
1109 1047 1186 1100 artes
1205 1059 1259 1100 nec
1279 1043 1443 1120 quicquam

226 1122 299 1184 certi
322 1132 399 1182 esset
421 1121 453 1180 in
474 1139 569 1181 rerum
590 1131 702 1181 namra.
743 1127 772 1182 2.
794 1119 939 1199 Principia
960 1121 1016 1182 ista
1037 1139 1097 1180 non
1115 1119 1202 1180 modo
1223 1129 1302 1180 certa
1315 1131 1384 1182 sunt
1407 1121 1444 1182 in

226 1209 338 1279 natura,
353 1201 405 1261 sed
417 1200 505 1261 etiam
518 1201 549 1260 in
569 1203 663 1280 gratia
676 1209 707 1262 et
719 1201 749 1260 in
763 1203 909 1279 mysteriis
928 1200 1015 1278 fidoi3
1037 1209 1150 1260 tantum
1164 1200 1240 1259 onim
1257 1201 1340 1261 abest
1353 1210 1386 1261 ut
1400 1221 1443 1261 ea

226 1282 357 1342 dostruat
369 1281 449 1356 fides,
465 1281 536 1358 quin
549 1289 649 1342 contra
663 1301 698 1343 ce
711 1291 859 1343 mutuatur
871 1301 890 1340 a
902 1281 1021 1357 ratione,
1036 1290 1066 1341 et
1079 1280 1115 1340 iis
1129 1281 1219 1340 utitur
1232 1280 1270 1339 od
1283 1281 1439 1340 coufirma-

226 1361 334 1422 tionem
348 1360 515 1438 dogmatum
530 1380 656 1422 suorum.
697 1363 726 1422 3.
748 1361 887 1437 Quamvis
900 1361 974 1421 ratio
987 1370 1017 1420 et
1029 1359 1103 1420 fides
1116 1360 1175 1420 sint
1187 1359 1295 1420 diversi
1313 1361 1438 1438 ordinis,

225 1441 277 1501 illa
289 1441 437 1517 naturalis,
452 1441 515 1500 haec
529 1441 762 1520 supernaturalis,
776 1461 835 1500 non
848 1449 945 1501 umen
956 1450 1024 1501 sunt
1036 1439 1184 1520 oppositae,
1199 1439 1252 1499 sed
1264 1441 1439 1501 relationem

225 1521 333 1581 habeut
343 1519 381 1580 sd
394 1540 428 1615 se
439 1521 571 1598 invicem,
584 1520 683 1615 stsibi
697 1521 920 1582 subordinantur
930 1545 938 1598 3
947 1522 1033 1616 ¹ratio
1045 1520 1192 1614 perficitur
1205 1537 1224 1580 a
1235 1518 1303 1598 fide,
1318 1530 1348 1582 ot
1361 1521 1439 1582 fides

226 1601 1137 1759 widinlitteriilioddiilpdttedlthnddpddbtcrildirbidddeddoghlbbssm
1150 1697 1323 1758 proponere3
1339 1678 1436 1742 solum

225 1761 356 1821 Verbum
371 1761 429 1820 Dei
441 1761 497 1820 boc
509 1761 597 1820 habet
607 1759 692 1838 juris,
707 1768 737 1820 ct
750 1759 807 1820 nisi
820 1761 887 1820 inde
900 1769 1042 1838 petantur,
1058 1779 1093 1820 eo
1107 1761 1170 1838 ipso
1183 1760 1342 1839 rejicienda
1355 1770 1434 1836 sunt,

225 1841 293 1902 Gal.
307 1841 326 1900 i.
342 1842 371 1901 8.
413 1844 442 1900 2.
457 1841 524 1900 Non
537 1839 681 1900 audienda
694 1847 739 1900 est
751 1840 825 1900 ratio
838 1841 952 1918 quoties
972 1840 1102 1918 queritur
1114 1858 1146 1900 se
1159 1859 1218 1898 non
1231 1859 1317 1918 posse
1330 1859 1435 1917 capere

224 1921 363 2000 mysteria
375 1919 444 2014 fidei
455 1941 463 1998 3
485 1920 535 1998 qui
544 1922 627 2014 'enim
639 1919 783 1980 infinitum
793 1929 942 1998 caperetur
954 1939 973 1979 e
985 1919 1092 1979 finito?
1132 1919 1218 1980 Velle
1228 1939 1299 2013 ergo
1313 1921 1434 1998 rejicere

224 2008 370 2142 titt
377 2010 609 2158 stilibi&
621 2010 920 2158 &tunultu
929 1998 1433 2156 tttlltttttttulttt

224 2161 288 2222 istis
301 2161 455 2240 mysteriis.
496 2163 525 2221 3.
549 2161 615 2220 Non
634 2158 779 2220 audienda
797 2167 843 2220 est
863 2160 976 2237 quotics
996 2159 1050 2219 sub
1066 2167 1209 2237 praetextu
1229 2159 1432 2237 mysteriorum

223 2241 291 2300 tidei
304 2242 435 2319 proprios
448 2259 558 2300 errores
572 2240 637 2299 vult
650 2239 786 2316 stabilire,
802 2238 958 2298 evertendo
978 2239 1130 2299 veritatem
1149 2238 1340 2299 indubitatam
1353 2241 1430 2317 prin-

223 2320 364 2397 cipiorum
376 2319 495 2379 luminis
508 2318 655 2393 naturalis,
672 2317 844 2397 sivequoad
855 2338 900 2378 res
914 2338 992 2376 mere
1002 2319 1156 2394 naturales,
1172 2319 1234 2378 sive
1243 2319 1340 2396 quoad
1354 2339 1430 2380 mere

223 2399 463 2476 supernaturales,
480 2398 542 2456 sive
555 2397 651 2474 quoad
663 2397 779 2473 mixtas,
794 2417 859 2474 ques
873 2398 967 2476 gratia
979 2406 1127 2458 mutuatur
1139 2407 1268 2458 enatura
1280 2399 1318 2458 ad
1331 2419 1381 2458 cas
1394 2399 1431 2458 ad

223 2497 309 2538 nsum
317 2475 547 2536 transferendas:
582 2476 661 2535 Hinc
671 2479 833 2536 resturatio
846 2477 916 2537 talis
926 2477 1184 2538 commentcdebet
1194 2479 1321 2556 rejicere,
1331 2487 1430 2558 utpote

223 2555 359 2616 statuere
373 2577 438 2618 cum
451 2555 599 2636 principiis
613 2555 783 2617 indubitatis
795 2556 913 2618 luminis
927 2557 1074 2618 naturalis.

307 2703 313 2716 ⁸
348 2702 354 2716 ι
524 2635 599 2695 VII.
621 2635 754 2696 Rationis
767 2657 853 2698 usum
866 2638 897 2696 in
911 2638 1061 2716 Mysteriis
1080 2635 1149 2697 fidei
1163 2637 1353 2715 multiplicem
1366 2657 1429 2699 esso

255 2703 368 2807 ¹³⁸l¹⁰g²¹⁸
377 2714 436 2748 ”¹³⁸
483 2723 570 2776 antea
592 2716 696 2793 visum,
721 2715 760 2776 ad
785 2717 1016 2794 illustrationem,
1044 2717 1238 2795 collationem,
1261 2719 1428 2796 illationem,

280 2775 325 2820 ΡΝ
341 2764 404 2807 ntur.
484 2795 700 2874 probationem:
742 2797 782 2856 Et
801 2797 939 2877 probatur
959 2798 1077 2878 insuper
1098 2801 1125 2858 1.
1149 2817 1195 2857 ex.
1213 2801 1228 2856 l
1245 2798 1310 2858 Gor.
1331 2819 1362 2859 x.
1383 2803 1428 2860 15.

223 2875 274 2935 ubi
288 2872 449 2953 Apostolus
468 2885 608 2954 provocat
619 2875 811 2954 adjudicium
831 2877 1052 2954 Corinthiorum,
1074 2897 1133 2936 non
1153 2876 1240 2938 modo
1260 2878 1428 2955 Doctorum,

224 2955 276 3014 sed
289 2962 319 3015 et
331 2953 434 3033 plebis.
476 2960 504 3017 2.
519 2955 558 3016 ab
570 2956 711 3034 exemplis
725 2956 832 3017 Christi
846 2964 876 3018 et
886 2955 1093 3035 Apostolorum
1107 2975 1141 3016 ac
1151 2955 1368 3036 Prophetarum,
1380 2961 1430 3037 qni

224 3035 331 3112 ubique
345 3035 551 3097 ratiocinantur
564 3035 602 3095 ad
614 3035 745 3097 docenda
757 3037 989 3115 mysteriafidei:
1031 3037 1093 3096 Nec
1102 3035 1257 3097 dicendum
1269 3057 1329 3098 non
1342 3039 1430 3099 licere

223 3115 260 3174 ab
274 3115 393 3193 illisqui
405 3116 570 3192 &insonat
584 3116 623 3176 ed
636 3137 689 3177 nos
699 3117 893 3195 argumentari
907 3117 957 3194 qui
971 3116 1122 3192 fallibiles;
1137 3116 1206 3193 quia
1218 3117 1265 3176 vis
1277 3117 1428 3178 ratiocina·

223 3196 335 3256 tionum
355 3215 414 3255 non
433 3197 536 3257 nititur
558 3195 762 3257 infallibilitate
785 3197 942 3275 probantis,
965 3194 1017 3257 sed
1036 3196 1079 3256 rei
1100 3195 1255 3256 evidentia.
1296 3201 1325 3258 3.
1347 3215 1395 3258 ex.
1413 3201 1427 3258 1

223 3275 245 3335 J
246 3293 311 3333 oan.
325 3275 366 3334 iv.
383 3279 409 3334 1.
423 3276 473 3334 nbi
485 3275 621 3354 jubemur
628 3278 756 3353 protare
768 3276 891 3354 spirita,
906 3275 985 3354 quod
998 3295 1056 3335 non
1069 3285 1164 3354 potest
1173 3275 1300 3336 fierinisi
1309 3277 1430 3339 rationis

225 3352 372 3413 beneficio.
413 3357 442 3414 4.
466 3354 574 3414 Sensus
586 3355 784 3414 testimonium
797 3375 855 3414 non
864 3363 909 3415 est
916 3355 1001 3432 plane
1011 3356 1199 3433 rejiciendum
1213 3355 1244 3414 in
1253 3357 1341 3417 rebus
1350 3357 1428 3435 fidei,

222 3441 256 3493 ut
268 3439 370 3509 postea
383 3431 503 3509 dicetur,
517 3451 587 3512 ergo
601 3453 655 3492 nec
668 3433 796 3510 rationis,
810 3435 879 3511 quia
892 3453 994 3494 sensus
1007 3444 1053 3496 est
1064 3435 1152 3513 longe
1165 3431 1283 3496 inferior
1295 3437 1414 3499 ratione.

416 3575 422 3589 ¹
522 3511 615 3572 VIII.
637 3512 729 3571 Aliud
742 3521 787 3572 est
800 3531 974 3592 cognoscere
988 3533 1104 3576 sensum
1122 3515 1326 3594 propositionis
1339 3517 1427 3577 alicu·

244 3575 448 3679 Fffiffiffhl*
481 3590 540 3669 jus,
556 3589 649 3651 Aliud
662 3611 836 3668 cognoscere
856 3593 921 3670 ejus
941 3595 1112 3671 veritatem3
1133 3591 1221 3672 priori
1238 3595 1324 3656 modo
1338 3597 1427 3676 respi-

484 3669 559 3730 citur
586 3671 670 3729 Evan
708 3671 781 3732 lium
802 3671 972 3751 simpliciter
994 3681 1028 3735 ut
1055 3674 1194 3750 Verbum,
1222 3675 1373 3753 posteriori
1395 3683 1428 3736 ut

222 3744 353 3840 Verbum
366 3744 498 3810 divinum
511 3759 541 3810 et
554 3748 674 3811 infallib'
688 3769 722 3812 e:
763 3751 850 3812 Ratio
863 3753 940 3814 circa
947 3753 1028 3833 prius
1041 3761 1206 3833 occupatur,
1217 3753 1270 3815 sed
1282 3754 1355 3816 fides
1366 3765 1427 3816 ten·

215 3836 284 3887 ‘tum
296 3845 374 3886 orrea
385 3828 538 3905 posterius.

263 3906 324 3967 IX.
345 3905 438 3968 Aliud
446 3918 491 3969 est
500 3929 561 3969 rem
569 3906 695 3988 aliquam
706 3928 769 3971 esse
779 3910 1085 3990 indeprehensibilem,
1096 3931 1162 3990 quae
1172 3914 1237 3992 oapi
1249 3931 1309 3973 non
1319 3915 1426 3992 possit3

223 3985 315 4046 Aliud
328 4005 391 4048 esse
412 3987 657 4066 incompossibilem
671 4009 736 4068 quse
749 3991 862 4070 concipi
875 4011 934 4052 non
957 4002 1063 4069 queat:
1105 3993 1249 4071 Mysteria
1268 3993 1426 4070 Trinitatis,

223 4065 432 4130 lucamationis
441 4078 470 4130 et
480 4067 745 4130 Praedestinationis
756 4078 823 4131 suut
832 4071 1139 4150 incomprehensibilia,
1168 4092 1271 4132 uorum
1281 4073 1427 4134 notionem

222 4153 334 4204 tantum
348 4147 499 4209 obscuram
512 4158 543 4209 et
555 4149 751 4226 imperfectam
764 4149 870 4210 habere
883 4171 1053 4229 possumus3
1077 4150 1135 4212 Sed
1149 4093 1322 4231 llgmentum
1336 4153 1426 4212 lhan-

223 4223 469 4288 snbstantietionis
482 4228 531 4289 vel
545 4227 733 4307 Ubiquitatis,
754 4229 866 4308 concipi
880 4249 940 4290 non
959 4239 1055 4309 potest
1072 4239 1188 4308 propter
1208 4234 1427 4310 repugnantiam

221 4302 381 4361 naturalem
394 4305 558 4368 intellectus
571 4309 662 4368 nostri
676 4307 708 4367 in
719 4306 907 4388 concipienda
919 4327 951 4370 re
963 4310 1079 4387 penitus
1092 4309 1272 4386 impossibili.

262 4380 305 4441 X.
327 4379 415 4474 Ratio
428 4394 562 4463 corrupta
577 4396 607 4447 et
625 4387 658 4453 in
670 4393 804 4448 concreto
823 4396 919 4466 potest
938 4407 1098 4468 repugnare
1112 4388 1288 4468 Theologie,
1303 4389 1356 4451 sod
1369 4411 1428 4452 non

220 4467 333 4519 sanast
346 4477 377 4519 ur
390 4459 543 4539 abstracto,
558 4484 623 4541 qua
635 4474 733 4542 potest
750 4467 889 4542 mysteria
902 4467 1034 4547 ignorare
1047 4476 1078 4530 et
1090 4487 1149 4527 non
1168 4468 1280 4546 docere,
1296 4470 1348 4531 aod
1368 4491 1428 4532 non

221 4535 318 4630 statim
339 4557 375 4598 ea
395 4558 502 4618 negare
523 4545 667 4604 censenda
689 4551 742 4605 est.
786 4547 827 4607 Ut
850 4547 925 4606 male
949 4547 1070 4625 'colliges
1093 4545 1241 4608 Medicum
1264 4567 1426 4629 repugnare

219 4617 445 4695 dunsconsulto,
466 4619 535 4698 quia
554 4619 636 4700 leges
649 4641 708 4682 non
728 4623 806 4700 citat,
823 4625 864 4684 sic
877 4644 932 4686 nec
950 4625 1144 4704 Philosophus
1157 4625 1307 4706 Tbeologo
1320 4649 1427 4708 repug-

219 4706 278 4772 nat,
293 4697 361 4758 licet
375 4699 512 4778 mysteria
525 4699 588 4779 ejus
602 4721 660 4760 non
674 4709 785 4779 tractet,
801 4711 830 4763 et
844 4723 930 4781 supra
944 4723 975 4766 se
989 4723 1051 4766 esse
1066 4715 1212 4782 agnoscat.
