3158 5180
257 323 315 382 368
716 341 807 382 rocus
821 339 965 390 ussurus.
1242 315 1367 397 [quase.
1382 331 1446 373 ιιιίι.

256 502 319 541 eam
334 479 461 542 destinet
474 479 554 559 ipsis,
571 483 619 542 vel
633 481 764 542 intendat
778 483 840 543 sive
854 482 994 556 absolute,
1011 480 1073 540 sive
1087 478 1282 540 conditionate
1294 498 1301 553 ;
1322 475 1387 554 quia
1398 475 1450 532 aiis

254 563 328 622 ratio
351 571 395 621 est
408 562 569 622 voluntatis
591 563 779 640 decernentis,
805 563 863 621 alia
883 561 1077 641 precipientis
1099 569 1128 620 et
1150 557 1355 639 approbantis:
1379 555 1450 614 Deus

256 642 373 722 quidem
387 642 550 702 necessario
565 643 641 703 velle
655 642 742 703 debet
755 643 834 722 quod
843 643 936 722 jubet,
952 642 1004 701 sed
1021 661 1056 700 eo
1070 641 1155 700 modo
1170 659 1230 718 quo
1251 637 1343 717 jubet,
1364 635 1402 694 id.
1422 643 1452 694 ut

255 723 320 784 velit
332 723 396 800 ejus
406 724 632 800 preceptiones,
648 722 778 783 sednon
798 741 911 802 semper
930 721 1027 801 quoad
1047 721 1245 794 narbonens,
1267 723 1452 777 stercutum.

257 803 318 863 Nec
333 804 430 862 statim
444 803 524 881 quod
536 803 702 882 precipitur
715 801 880 878 intenditur,
896 823 962 862 cum
975 803 1069 862 multa
1089 801 1304 880 precipiantur,
1326 816 1390 874 ques
1409 815 1452 853 ne·

256 903 401 962 quaquam
421 884 620 944 intenduntur.
669 884 718 942 Sic
738 884 819 943 Deus
840 885 1020 943 Pharaonem
1037 882 1128 960 jussit
1148 881 1297 940 dimittere
1316 875 1452 956 populum,

256 985 310 1023 uec
324 973 422 1023 tamen
435 972 532 1041 potest
545 964 604 1023 dici
617 963 774 1023 intendisse
797 962 833 1024 de
855 964 939 1040 facto,
964 963 1014 1022 vel
1035 962 1176 1037 absolute,
1200 960 1250 1020 vel
1270 958 1454 1018 conditionate

256 1045 321 1121 ejus
335 1044 541 1120 dimissionem,
556 1052 736 1104 cumcontra
748 1043 960 1104 indurationem
975 1042 1135 1102 Pharaonis
1147 1051 1179 1101 et
1198 1040 1389 1100 retentionem
1410 1054 1454 1114 po·

256 1125 319 1202 puli
336 1123 506 1184 intenderet.
547 1125 645 1184 Jussit
668 1124 868 1184 Abrahamum
892 1123 993 1184 offerre
1015 1123 1116 1198 filium,
1141 1141 1196 1181 neo
1221 1129 1320 1181 tanmn
1342 1115 1456 1176 intendit

257 1206 322 1283 ejus
336 1204 577 1282 immolationem
599 1205 693 1264 Jubet
706 1223 805 1263 omnes
830 1204 940 1282 Legem
962 1204 1089 1284 implere,
1115 1201 1196 1281 qnod
1218 1209 1319 1260 tamen
1340 1217 1398 1256 non
1417 1197 1455 1254 iu-

257 1285 360 1344 tendit.
404 1285 446 1345 Ut
459 1304 528 1362 ergo
543 1305 581 1343 ex
594 1284 730 1344 mandato
746 1284 835 1362 Legis
848 1283 1011 1363 implendoe,
1026 1284 1101 1342 male
1115 1283 1242 1359 colligas
1264 1281 1359 1339 Deum
1373 1278 1456 1337 inten-

257 1364 325 1424 dere
339 1363 534 1424 omnimcdam
548 1365 731 1424 sanctitatem
745 1365 902 1440 hominum,
918 1373 999 1424 etex
1013 1383 1048 1422 ee
1065 1383 1166 1422 serum
1182 1359 1419 1440 justificationem
1431 1363 1458 1415 et

256 1445 365 1521 vitsm3
388 1445 435 1504 Ita
448 1465 487 1504 ex
500 1444 636 1504 mandato
650 1443 786 1504 credendi
800 1453 830 1504 et
842 1444 1037 1523 resipiscendi,
1058 1443 1175 1502 nonnisi
1189 1459 1343 1520 perperam
1361 1437 1457 1497 inferes

158 1535 161 1544 '
258 1524 352 1584 Deum
367 1543 401 1583 eo
415 1523 479 1602 ipso
493 1524 642 1584 intendere
655 1524 743 1584 fidem
763 1533 793 1584 et
807 1525 1041 1603 resipiscentiam,
1067 1523 1200 1601 adeoque
1223 1521 1348 1582 salutem
1369 1537 1458 1578 eorum

257 1603 393 1679 omnium,
409 1603 447 1662 ad
460 1623 534 1682 qnos
548 1603 605 1663 tale
619 1604 787 1664 mandatum
810 1614 929 1666 externe
951 1604 1160 1683 promulgatur.
1199 1603 1285 1662 Licet
1307 1619 1377 1659 vero
1399 1597 1457 1655 tinis

257 1675 386 1742 mandati
399 1683 428 1742 in
441 1693 507 1742 actu
520 1685 630 1760 sipeuto
644 1691 674 1743 et
687 1704 724 1743 ιω
732 1695 821 1762 parte
834 1686 879 1744 rei
890 1687 981 1763 possit
994 1684 1061 1760 dici,
1075 1691 1109 1744 ut
1122 1681 1166 1742 illi
1176 1682 1302 1742 credant
1315 1689 1345 1740 et
1353 1677 1458 1756 resipis·

256 1773 331 1838 cant,
347 1771 445 1823 tamen
466 1765 555 1824 statui
569 1765 671 1842 nequit
684 1766 762 1824 hunc
775 1785 840 1824 esse
853 1765 939 1825 finem
953 1766 1095 1824 intentum
1109 1784 1128 1822 a
1136 1773 1228 1841 purte
1239 1762 1300 1822 Dei
1311 1769 1340 1820 et
1353 1761 1382 1818 iri
1401 1765 1458 1816 ucbr

256 1850 386 1921 exerct'to,
402 1845 471 1923 quis
484 1844 510 1904 si
530 1846 585 1904 hoc
604 1844 775 1922 intenderet,
800 1846 896 1905 media
918 1845 1080 1905 neccssaria
1097 1851 1270 1922 procuraret
1292 1851 1322 1901 et
1346 1839 1458 1899 efficeret

257 1926 363 2004 quibus
382 1926 438 1984 hoc
460 1933 669 2002 assequeretur.
726 1925 907 2004 Preceptum
929 1944 1000 2003 ergo
1022 1923 1167 2002 significat
1192 1923 1292 1984 Deum
1315 1939 1412 1980 revera
1432 1916 1459 1976 id

257 2006 334 2064 velle
348 2005 433 2064 nobis
445 2005 610 2083 precipere,
626 2005 750 2065 sednon
764 2006 861 2066 statim
877 2007 971 2065 Deum
984 2025 1086 2065 revera
1097 2005 1174 2064 velle
1190 2023 1246 2064 sen
1265 2000 1460 2075 intenderent

258 2086 290 2146 id
304 2086 383 2164 quod
406 2085 560 2146 mandatur
583 2086 708 2146 eveniat.
750 2087 811 2146 Nec
833 2087 890 2145 huc
910 2085 1034 2165 pertinet
1053 2085 1225 2164 exemplum
1247 2081 1457 2161 Legislstorum,

259 2167 310 2244 qui
323 2166 427 2226 volunt
440 2173 470 2226 et
483 2165 645 2242 intendunt,
661 2175 801 2244 quantum
815 2165 846 2224 in
866 2186 897 2226 se
921 2175 973 2242 est,
999 2186 1033 2225 es
1056 2185 1123 2244 quse
1146 2164 1266 2224 civibus
1287 2163 1347 2222 suis
1369 2159 1458 2240 preci-

259 2247 363 2325 piunt;
385 2247 454 2324 quis
467 2246 498 2304 in
512 2247 571 2305 iliis
585 2266 643 2306 non
661 2255 758 2325 potest
779 2246 920 2324 distingui
941 2255 974 2306 ut
995 2247 1026 2304 in
1050 2246 1122 2321 Dec,
1145 2245 1289 2304 volrmtas
1310 2240 1415 2302 decreti
1435 2247 1460 2298 ct

259 2326 469 2466 pqaecepti,lr)rec
478 2325 504 2385 si
514 2326 640 2386 maxime
654 2327 765 2387 vellent
777 2345 838 2386 rem
849 2326 987 2406 prestari,
1004 2326 1140 2386 continuo
1154 2325 1185 2384 id
1200 2332 1323 2404 possent
1337 2321 1459 2382 effectum

300 2427 330 2464 rc
355 2413 389 2465 ut
433 2425 494 2465 eus.

300 2451 406 2546 XLII.
428 2487 515 2546 Fides
525 2497 553 2547 et
560 2487 725 2566 penitentia
737 2494 860 2568 possunt
884 2487 1067 2563 considerari,
1082 2488 1130 2546 vel
1152 2495 1185 2546 ut
1205 2486 1348 2565 prestita
1370 2491 1396 2542 et
1414 2479 1458 2538 im·

255 2571 344 2646 plere
357 2566 388 2626 in
401 2567 527 2644 homine,
542 2568 582 2628 id.
604 2569 718 2629 inesse
740 2589 792 2628 suc
813 2569 926 2628 formali
947 2576 976 2628 et
996 2568 1137 2644 absoluto,
1159 2575 1189 2626 et
1211 2573 1300 2645 prout
1321 2566 1399 2624 Deus
1417 2577 1460 2618 eas

260 2656 394 2726 operatur
410 2667 462 2726 per
478 2648 617 2726 Spiritum
631 2669 715 2708 suum
729 2649 760 2707 in
774 2670 817 2725 so,
832 2648 880 2708 vel
893 2658 927 2709 ut
935 2657 1087 2727 precepta
1100 2657 1127 2705 et
1144 2651 1293 2707 mandate
1306 2653 1420 2716 tantum,
1434 2646 1460 2697 et

260 2730 290 2787 in
305 2749 369 2788 esse
384 2748 436 2788 suc
450 2729 593 2788 materiali
606 2737 636 2789 et
649 2729 839 2804 intentionali,
854 2730 895 2789 id.
909 2730 940 2787 in
954 2737 1093 2808 qnantum
1106 2727 1317 2805 praecipiuntur
1330 2723 1383 2784 sub
1401 2739 1459 2800 pro·

260 2810 349 2868 misso
363 2809 432 2869 vitre
446 2817 570 2868 eterne.
613 2809 707 2869 Priori
721 2829 808 2869 sensu
820 2811 1049 2870 benedicuntur
1071 2809 1165 2868 media
1185 2811 1232 2867 ad
1252 2809 1376 2880 salutem,
1399 2800 1459 2879 quit

260 2909 312 2966 per
325 2909 375 2948 ess
392 2888 471 2948 salus
496 2889 655 2948 certissime
676 2889 838 2967 obtinetur3
861 2890 913 2950 sed
933 2888 1085 2968 posteriori
1105 2908 1165 2947 non
1186 2887 1279 2964 item;
1303 2887 1366 2944 Imo
1389 2881 1458 2942 salus

260 2979 330 3029 tunc
343 2970 457 3047 proprie
471 2989 529 3028 non
542 2970 632 3030 babet
644 2971 784 3030 rationem
797 2971 873 3047 finis,
889 2991 974 3048 quem
988 2969 1119 3030 intendat
1131 2969 1181 3028 ille
1196 2969 1251 3046 qui
1264 2963 1399 3046 precipit,
1414 2959 1458 3020 sed

260 3050 357 3128 potius
371 3049 460 3108 medii
474 3057 503 3109 et
517 3051 620 3110 motivi
634 3050 671 3109 ad
685 3051 869 3111 excitandam
889 3050 1090 3124 obedientiam,
1112 3048 1162 3126 qui
1181 3047 1252 3108 finis
1273 3055 1319 3106 est
1337 3041 1458 3123 proprius
1473 3115 1477 3123 ¹

261 3130 406 3208 praecepti,
422 3149 480 3207 qua
492 3140 669 3210 preceptum
683 3140 747 3191 est:
769 3132 816 3191 Ita
839 3132 920 3191 Deus
933 3131 997 3191 vult
1020 3129 1192 3208 preceptive
1213 3147 1248 3188 re
1268 3128 1400 3187 ruborum
1420 3139 1459 3178 re·

259 3219 375 3346 ppectpl,
387 3209 484 3349 mprdtip
496 3211 535 3269 ad
549 3211 672 3304 salutem
685 3212 717 3270 in
730 3231 783 3271 suo
798 3212 946 3306 materiali,
963 3210 1014 3271 sed
1027 3230 1086 3304 non
1096 3209 1160 3269 vult
1169 3229 1203 3268 ee
1214 3205 1457 3347 ἓθοξιὲιὲαιίυωεῦῠ

261 3309 464 3504 ddistp
477 3293 1160 3449 ffltstsstfttttttsttt‘tttttt
1172 3309 1343 3428 tut...
1365 3301 1459 3423 tt

261 3465 424 3619 GOQOIJLLL
445 3467 540 3602 gete,
556 3547 621 3606 quse
635 3529 806 3607 proponitur
819 3531 849 3590 iu
863 3531 1052 3610 promissione
1072 3528 1260 3607 Evangelica,
1275 3531 1370 3606 potest
1383 3541 1454 3616 spec-

261 3605 478 3683 tanbrienam3
500 3606 665 3688 velutfinis
679 3610 783 3669 directe
803 3611 923 3671 intentes
946 3613 983 3671 ab
1005 3620 1116 3690 agente,
1141 3619 1170 3670 et
1191 3616 1225 3669 ut
1246 3611 1346 3668 bonum
1370 3619 1456 3677 repra

261 3687 477 3761 conserendum
499 3687 547 3746 vel
561 3695 594 3747 ut
617 3689 718 3748 bocum
740 3699 849 3750 tantum
870 3694 1050 3767 efferendum,
1076 3699 1106 3750 et
1126 3699 1159 3749 ut
1180 3690 1312 3749 motivum
1335 3683 1455 3745 additum

262 3775 405 3846 praecepto
419 3766 457 3825 ad
472 3767 655 3828 excitandam
676 3769 890 3832 obedientiam:
911 3772 1001 3850 priori
1022 3790 1107 3831 sensu
1127 3788 1229 3828 revera
1249 3767 1327 3828 cadit
1347 3763 1398 3824 sub
1411 3760 1455 3818 de·

262 3855 373 3907 cretum
386 3845 551 3908 effectivum
570 3849 634 3925 Dei,
650 3850 720 3927 quis
739 3869 798 3910 non
818 3861 917 3930 posset
936 3853 1037 3912 haberi
1057 3851 1114 3910 nisi
1135 3871 1154 3909 s
1175 3850 1238 3909 Deo
1259 3848 1389 3906 daretur:
1409 3837 1455 3899 sed

261 3928 414 4006 posteriori
428 3947 624 4007 nequaquam
640 3929 746 3991 sufficit
758 3941 791 3991 ut
805 3932 890 3993 cedat
904 3933 958 3993 sub
970 3932 1117 3992 decretum
1133 3928 1312 4008 proponendi
1332 3943 1388 3983 non
1401 3917 1455 3980 effi·

262 4008 369 4067 ciendi.
411 4009 532 4085 Rursus,
547 4013 624 4070 sulus
636 4019 734 4089 potest
757 4013 900 4090 pertinere
921 4013 959 4071 ed
982 4015 1148 4072 voluntatem
1164 4008 1305 4088 precepti
1322 4001 1452 4072 bifflfissmr

262 4087 311 4146 vel
321 4089 442 4164 proprie
455 4098 485 4148 et
498 4091 609 4166 directe,
624 4091 673 4151 vcl
687 4092 827 4169 indirecte,
850 4102 880 4153 et
898 4093 1055 4152 reductive:
1074 4092 1166 4170 primo
1187 4109 1273 4149 sensu
1292 4103 1349 4144 non
1367 4085 1455 4160 potest

262 4167 364 4227 cedere
380 4168 434 4226 sub
448 4178 632 4248 preceptum,
642 4171 712 4249 quie
724 4173 878 4250 preceptio
889 4179 918 4232 ct
928 4171 1079 4251 promissio
1093 4169 1238 4244 diffemnt,
1247 4167 1297 4226 illa
1309 4173 1353 4224 cst
1365 4157 1451 4231 officii,

262 4245 319 4304 ista
332 4247 484 4324 beneficii;
507 4249 559 4308 ssd
573 4251 699 4312 secundo
713 4252 788 4311 nihil
801 4253 897 4312 obstat
910 4251 1063 4329 quominus
1077 4251 1189 4311 dicatur
1212 4245 1309 4308 reduci
1331 4242 1367 4302 ad
1380 4257 1451 4335 prae·

263 4333 388 4401 ceptum,
403 4337 548 4402 quatenus
560 4329 603 4388 illi
617 4351 669 4408 per
683 4331 800 4391 modum
814 4331 924 4391 stimuli
937 4331 1054 4391 additur
1066 4331 1104 4390 ad
1128 4327 1318 4390 obedientiam
1331 4327 1450 4382 exerun-

263 4401 330 4460 dam
344 4403 374 4463 in
389 4425 423 4464 eo
437 4407 485 4466 cui
498 4411 676 4486 proponitur.
1443 4471 1450 4486 ,

303 4481 420 4542 XLIV.
453 4485 483 4545 A
497 4489 687 4550 Promissicne
708 4489 745 4550 ad
770 4493 922 4551 Decretum
944 4509 1004 4551 non
1020 4491 1100 4551 vaiet
1121 4485 1410 4566 consequentis3110e
1429 4491 1453 4529 ⁸¹

262 4559 403 4629 promittit
419 4563 499 4624 Deus
522 4567 633 4644 aliquid
654 4571 858 4647 conditionate,
881 4572 1017 4632 continuo
1031 4570 1159 4632 decrevit
1178 4567 1369 4630 conditionate
1387 4549 1455 4647 Ψῑῑᾶ

261 4633 348 4710 dare,
370 4639 476 4701 sufficit
489 4654 522 4704 ut
535 4647 657 4708 volitum
672 4650 711 4709 sit
731 4650 968 4729 conditionatum,
982 4673 1041 4713 non
1051 4650 1216 4736 requiritur
1236 4658 1269 4709 ut
1286 4637 1384 4705 volitis
1397 4649 1454 4710 ipsa
