3174 5174
254 341 313 398 ⁵40
746 359 837 400 rocus
852 357 956 400 nonus.
1268 337 1398 418 [euusr.
1414 359 1455 400 ιν.

251 507 320 574 tem,
340 517 398 555 non
420 505 516 558 tamen
536 498 667 558 charitati
689 499 751 558 sive
767 499 822 558 Dei
843 499 904 592 sire
923 495 1049 590 proximi
1066 503 1284 573 repugnantem,
1300 498 1384 574 qusle
1408 509 1455 558 est

251 577 372 635 verbum
397 578 529 654 otiosum,
545 579 593 637 vel
610 580 751 655 jocosum,
773 579 849 636 risus
862 595 977 652 mmsus,
991 573 1172 633 mendacium
1194 575 1369 652 officiosum
1392 577 1456 636 Ista

250 675 316 731 quae
327 656 364 714 ob
375 656 618 734 imperfectionem
629 659 723 734 operis
734 657 859 716 venialis
869 676 932 716 esse
942 654 1118 734 judicantur,
1130 673 1194 732 quae
1203 654 1308 714 iterum
1319 655 1455 734 duplicia.

253 737 279 792 1.
292 735 341 793 Ex
350 734 530 811 subreptione,
541 756 605 813 qum
615 756 674 797 non
683 746 751 796 sunt
760 736 885 814 perfecte
899 734 1070 807 voluntaria
1077 732 1178 811 quules
1192 735 1282 793 subifi
1294 744 1391 794 motus
1405 755 1455 794 cu-

250 812 388 890 piditatis,
400 816 457 890 irre,
468 815 613 890 vindictae,
624 813 687 890 dua,
697 817 748 893 qui
756 816 787 873 in
798 815 893 873 animo
902 813 1039 890 existunt,
1049 814 1218 891 priusquam
1227 814 1303 872 ratio
1310 815 1395 891 plene
1404 814 1455 872 ds-

250 891 371 951 liberare
385 894 518 970 potuerit,
534 896 641 954 ausint
654 894 825 954 admittendi
838 913 938 952 necne.
953 897 982 951 2.
992 893 1039 950 Ex
1053 894 1410 971 maturimae-rituiqquae
1424 893 1455 952 in

249 989 279 1028 re
294 991 383 1048 parve
396 971 596 1049 admittuntur,
616 995 645 1033 v.
665 994 695 1051 g.
716 974 824 1033 fiurtum
839 973 925 1047 oboli,
947 971 1026 1048 quod
1039 989 1093 1030 nec
1106 973 1272 1048 proximum
1286 973 1455 1032 notabiliter

248 1049 336 1125 lsedit,
352 1069 405 1109 nec
418 1051 587 1129 huJ'usmodi
600 1063 653 1129 est,
669 1061 701 1113 ut
714 1052 791 1130 apud
804 1052 936 1112 homines
950 1069 1048 1129 aequos
1060 1049 1162 1109 tollere
1176 1060 1264 1129 queat
1277 1052 1442 1112 amicitiam.

550 1132 610 1190 111.
634 1133 712 1191 Hinc
725 1140 812 1209 patet,
829 1131 857 1190 N
858 1151 895 1189 on
909 1131 999 1208 quaeri
1012 1129 1049 1188 de
1061 1137 1244 1206 peecatorum
1254 1132 1391 1206 puritate,
1402 1131 1453 1192 rel

281 1187 456 1292 Βᾛξῃὲῗω*
506 1211 669 1286 imparitate
675 1212 821 1288 graduali,
837 1209 890 1269 ssd
899 1209 935 1268 de
946 1227 1045 1268 eorum
1055 1210 1189 1268 demerito
1199 1211 1346 1270 mmbbb'.
1375 1209 1450 1286 Non,

508 1289 558 1347 An
572 1299 690 1367 peccata
704 1291 800 1350 omnis
813 1291 889 1348 inter
902 1307 933 1347 se
948 1288 1005 1346 sint
1022 1287 1110 1365 paris,
1126 1287 1204 1365 quod
1219 1289 1273 1348 fuit
1287 1289 1357 1347 olim
1374 1289 1452 1348 Stoi·

247 1386 345 1426 cornm
367 1366 554 1446 paradoxum,
577 1378 606 1429 et
626 1370 704 1446 quod
725 1389 875 1447 perperam
896 1367 980 1426 uobis
1002 1367 1172 1444 impingitur
1191 1368 1229 1426 ab
1243 1368 1451 1429 Adversariis:

248 1447 310 1504 Nee
324 1447 400 1505 euim
415 1448 440 1506 si
460 1457 578 1524 peccata
592 1448 688 1506 omnis
702 1448 877 1507 conveniunt
896 1448 928 1504 in
941 1465 975 1506 eo
989 1445 1068 1523 quod
1089 1445 1147 1504 sint
1165 1446 1305 1522 mortuiis,
1321 1447 1451 1525 sequitur

246 1525 378 1602 protinus
392 1543 455 1584 esse
468 1526 549 1603 paria
562 1527 592 1584 in
606 1528 747 1602 omnibus,
763 1528 831 1606 quis
844 1525 957 1584 differre
970 1531 1092 1602 possunt
1101 1524 1177 1584 inter
1190 1545 1221 1584 ee
1231 1526 1328 1602 quoad
1341 1526 1449 1604 gradus

247 1604 387 1680 demeriti,
403 1613 435 1664 ut
448 1605 586 1681 majorem
599 1607 648 1665 vel
661 1607 800 1666 minorem
814 1625 928 1684 peensm
942 1612 1124 1678 mercantum
1147 1603 1206 1664 Sed
1219 1612 1332 1664 tantum
1344 1606 1448 1683 quieri-

247 1691 302 1758 tur,
319 1683 369 1740 An
383 1684 441 1742 sint
455 1703 492 1742 ex
507 1703 589 1760 aequo
604 1687 745 1746 mortalis.

287 1761 342 1820 IV.
364 1766 393 1820 2.
409 1761 475 1820 Non
489 1764 634 1841 quaeritur,
651 1766 701 1822 An
715 1766 839 1824 Peccata
851 1763 963 1841 possint
978 1761 1035 1821 dici
1048 1764 1190 1838 mortatrb,
1202 1763 1251 1822 vel
1264 1763 1394 1838 venialis,
1409 1783 1447 1823 ex

246 1849 361 1900 wenta:
384 1841 521 1901 Fetemur
543 1844 627 1919 enim,
644 1843 740 1921 quoad
762 1852 898 1903 eventum
922 1842 1116 1919 pergratiam
1139 1843 1195 1902 Dei
1218 1842 1310 1902 mults
1330 1852 1447 1919 peecata

246 1939 310 1979 esse
323 1919 456 1996 venialis,
473 1941 537 1999 quae
552 1921 662 1982 seilicet
675 1923 860 1983 remittuntur
873 1942 890 1980 a
906 1921 977 1998 Deo,
996 1929 1026 1980 et
1039 1940 1073 1979 eo
1088 1941 1175 1982 sensu
1188 1941 1338 1980 censemus
1352 1921 1448 1980 omnia

245 2008 364 2076 peccata
376 1999 504 2058 fidelium
518 2020 603 2079 posse
617 2001 675 2060 dici
688 2003 821 2077 venialis,
837 2001 1029 2079 quianullum
1043 2007 1088 2060 est
1101 2000 1180 2077 quod
1193 2001 1385 2059 eventualiter
1397 2020 1448 2078 par

247 2077 303 2136 Dei
323 2079 547 2138 misericordiam
567 2101 626 2140 non
646 2082 840 2156 condonetur;
863 2081 903 2138 Et
923 2079 1020 2139 omnia
1038 2089 1157 2156 peemts
1176 2081 1364 2156 reproborum
1385 2099 1447 2139 esse

245 2159 385 2233 mortalia,
401 2159 594 2235 quianullum
608 2180 707 2220 eorum
720 2162 835 2219 veniam
850 2159 979 2218 obtinet:
1003 2157 1070 2234 Sed,
1086 2159 1136 2217 An
1149 2159 1219 2218 tulis
1233 2159 1291 2217 siut
1306 2168 1448 2234 peroret

244 2245 350 2296 natura
358 2257 418 2312 suu,
428 2245 462 2296 ut
470 2238 601 2314 quendam
612 2241 744 2298 mortalis
752 2241 817 2315 sint,
830 2238 869 2298 id.
879 2245 970 2298 morte
978 2237 1076 2316 digna,
1089 2237 1220 2315 quaedum
1230 2257 1300 2298 vero
1311 2237 1445 2312 venialia,

246 2335 311 2392 quse
326 2317 440 2374 veniam
455 2335 492 2374 ex
507 2337 537 2376 se
551 2327 722 2377 mereantur.

285 2393 322 2452 V.
345 2397 373 2452 3.
389 2395 416 2451 N
418 2413 455 2451 ou
469 2397 615 2471 quaeritur,
632 2398 680 2454 An
695 2397 808 2456 admitti
821 2396 914 2474 possit
929 2395 1075 2454 distinctio
1089 2395 1178 2454 relste
1193 2395 1230 2454 sd
1251 2394 1445 2454 Providentia

244 2471 350 2529 divinoe
365 2471 641 2532 administrationem
655 2477 686 2532 in
699 2476 806 2534 foedere
821 2476 921 2552 gretie
935 2475 967 2532 in
986 2474 1139 2552 puniendis
1160 2474 1285 2551 peccetis
1299 2473 1444 2550 fidelium

244 2549 294 2607 An
308 2549 438 2627 quaedam
453 2561 571 2627 peecata
585 2553 614 2609 in
628 2553 771 2629 fidelibus,
786 2553 919 2612 mortalia
931 2554 1044 2630 possint
1058 2551 1123 2628 dici,
1139 2553 1207 2630 quia
1220 2554 1323 2630 gravia
1337 2561 1403 2612 sunt
1417 2562 1446 2612 et

243 2628 358 2702 atrocis,
371 2647 435 2705 quse
449 2629 536 2687 ultius
550 2632 702 2690 vulnerant
716 2641 745 2690 et
759 2641 874 2691 vastent
889 2631 1101 2707 conscientiam,
1114 2652 1179 2709 quae
1193 2640 1289 2691 senum
1303 2631 1372 2690 fidei
1381 2635 1444 2709 jus·

243 2706 379 2765 tificsntis
393 2707 561 2784 impediunt,
583 2717 613 2769 et
626 2720 795 2787 praesentem
810 2711 1009 2770 habitudinem
1023 2711 1129 2769 tollunt
1150 2709 1188 2769 sd
1208 2711 1343 2790 Regnum
1357 2711 1443 2770 curlo-

242 2805 314 2862 rum,
330 2786 435 2862 quibus
459 2785 525 2845 ideo
547 2788 618 2846 irum
640 2799 670 2848 et
691 2790 920 2868 indignationem
940 2789 1102 2865 denunciet,
1126 2790 1184 2848 imo
1206 2790 1403 2848 exclusionem
1427 2809 1445 2848 a

243 2863 347 2941 Regno
361 2865 498 2924 coelorum
513 2873 541 2924 et
550 2877 671 2927 mortem
683 2878 819 2928 aeternam
832 2869 1040 2942 interminetur,
1053 2869 1149 2946 qualia
1163 2877 1231 2928 sunt
1244 2889 1278 2926 es
1288 2868 1324 2926 de
1337 2869 1443 2945 quibus

242 2944 347 3022 agitur,
365 2948 380 3001 1
398 2945 463 3003 Cor.
478 2945 518 3003 vi.
535 2949 591 3022 103
615 2949 724 3008 Coloss.
739 2949 779 3006 iii.
795 2952 813 3007 5
826 2971 833 3023 3
856 2948 927 3006 Alis
939 2967 1009 3006 vero
1023 2947 1157 3022 venialis,
1173 2967 1238 3025 qnae
1252 2955 1319 3006 suut
1331 2946 1442 3005 leviora

243 3032 273 3082 et
286 3023 462 3101 quotidianus
476 3023 656 3102 incursionis,
672 3047 736 3106 quse
751 3027 851 3106 gratiae
865 3027 995 3104 regimen
1015 3033 1044 3085 et
1065 3027 1261 3103 operationem
1281 3045 1340 3085 uon
1353 3026 1442 3104 impe-

243 3101 334 3178 diunt,
358 3122 412 3161 nee
427 3123 542 3163 sensum
557 3105 664 3165 favoris
685 3107 749 3184 Dei,
772 3115 822 3165 aut
835 3106 970 3165 fiduciam
991 3105 1027 3163 de
1041 3105 1208 3165 remissione
1230 3115 1444 3182 peeostomma

242 3181 377 3240 fidelibus
391 3181 532 3260 auferunt,
548 3187 645 3262 quulia
663 3195 738 3263 suut,
760 3185 882 3244 rebelles
902 3185 1141 3263 concupiscentis
1161 3193 1264 3258 motus,
1281 3183 1317 3242 de
1338 3183 1444 3262 quibus

243 3261 428 3336 conqueritur
441 3262 558 3339 Paulus,
582 3265 667 3324 Rom.
681 3267 741 3340 vii,
757 3274 786 3324 et
800 3264 929 3324 defectus
948 3273 977 3324 et
990 3263 1074 3340 naevi,
1097 3265 1147 3340 qui
1161 3264 1248 3322 etism
1269 3263 1386 3341 optimis
1399 3282 1442 3322 re·

242 3347 375 3397 ustorum
402 3340 537 3416 operibus
564 3344 782 3403 adhaerescunt:
804 3344 870 3402 Hoc
891 3362 977 3402 sensu
1001 3361 1059 3400 nou
1080 3342 1186 3402 desunt
1207 3361 1222 3400 e
1247 3341 1371 3418 Nostris,
1394 3343 1444 3419 qui

242 3415 353 3552 peccati
366 3417 495 3476 mortalis
510 3429 539 3478 et
562 3423 685 3482 venialis
699 3423 911 3481 distinctionem
926 3421 1042 3480 retineri
1055 3441 1139 3498 posse
1160 3430 1304 3496 censeant,
1319 3431 1353 3481 ut
1368 3421 1441 3480 Rob.

269 3513 318 3552 aro
333 3501 398 3570 post
409 3493 572 3573 Theologos
584 3499 626 3559 M.
639 3501 804 3575 Britannis,
819 3501 850 3558 in
858 3501 880 3561 J
882 3501 977 3562 udicio
991 3519 1044 3559 suo
1054 3499 1090 3558 de
1102 3501 1338 3560 Perseverantia:
1353 3520 1442 3578 quun·

242 3591 328 3652 quem
341 3591 400 3629 non
415 3573 484 3632 satis
505 3578 655 3636 commode
669 3579 802 3639 rideatur
821 3589 938 3656 propter
952 3579 1153 3654 Adversarius,
1176 3589 1205 3638 et
1217 3578 1319 3638 melior
1333 3579 1371 3638 sit
1384 3579 1441 3637 dis-

241 3652 342 3712 tinctio
364 3658 548 3729 peeestorum
568 3657 700 3733 gravium
722 3666 751 3716 et
764 3658 892 3718 levium:
916 3658 974 3717 Sed
988 3660 1125 3736 quseritur
1145 3657 1314 3734 simpliciter
1333 3657 1370 3715 de
1392 3676 1441 3716 ne-

240 3741 306 3792 ture
318 3737 500 3809 peccatorum
514 3733 544 3791 in
559 3755 598 3812 se,
621 3745 650 3796 et
665 3737 752 3815 juxte
766 3738 891 3814 rigorem
906 3736 1003 3814 Legis,
1025 3757 1090 3816 quse
1110 3737 1242 3798 mortalia
1262 3739 1359 3796 omnia
1379 3755 1441 3796 esse

242 3829 401 3886 censemus,
416 3811 527 3871 nullum
541 3834 609 3874 vere
624 3817 746 3875 veniale.
1009 3839 1014 3854 ·

282 3891 338 3950 VI.
360 3890 488 3964 Quaestio
510 3911 579 3971 ergo
599 3914 635 3954 eo
656 3895 749 3971 redit;
772 3893 822 3953 An
843 3901 962 3972 peccate
983 3895 1079 3953 omnis
1098 3915 1150 3972 per
1172 3915 1202 3954 se
1222 3902 1251 3954 et
1272 3904 1376 3954 natura
1389 3913 1442 3953 sua

241 3970 300 4029 sint
310 3970 450 4045 mortalia,
466 3989 524 4029 nou
537 3982 570 4032 ut
584 3993 696 4052 semper
709 3983 775 4034 actu
788 3984 880 4034 morte
893 3973 1063 4052 plectantur,
1080 3973 1132 4033 sed
1145 3983 1178 4034 ut
1190 3994 1225 4033 ea
1238 3973 1297 4033 sint
1306 3973 1403 4051 digua,
1412 3981 1442 4032 et

237 4049 318 4125 juste
339 4048 426 4126 plecti
439 4051 570 4128 possint3
593 4052 643 4111 An
663 4072 732 4112 vero
754 4053 885 4132 quaedum
899 4053 1039 4129 mortalia,
1061 4052 1193 4130 quaedsm
1214 4073 1284 4111 vero
1305 4052 1439 4128 venialia,

240 4147 299 4187 non
312 4147 350 4187 ex
364 4135 469 4186 eventu
483 4139 512 4188 et
524 4151 576 4208 per
589 4133 720 4208 gretiam,
742 4133 794 4192 sed
807 4141 910 4191 natura
923 4152 976 4191 sua
988 4140 1017 4191 et
1036 4132 1193 4192 secundum
1208 4133 1327 4210 Legem.
1370 4131 1440 4190 Pos-

240 4207 330 4267 terius
343 4205 446 4265 volunt
460 4207 646 4289 Adversarii3
669 4213 730 4271 Nos
743 4213 823 4289 prius
837 4212 998 4270 steturimus.

240 4329 342 4376 uuum
358 4329 412 4376 dari
561 4289 634 4348 v11.
657 4291 795 4350 Rationes
816 4300 891 4350 sunt.
916 4295 941 4350 1.
958 4289 1032 4364 Quia
1051 4291 1217 4365 stipendium
1232 4289 1347 4366 peccati
1364 4309 1440 4347 mors

269 4395 350 4433 catum
384 4387 478 4434 venale
499 4375 546 4442 est,
563 4367 647 4429 Rom.
662 4371 702 4430 vi.
717 4373 765 4447 23,
781 4378 810 4429 et
823 4371 920 4429 anima
941 4389 1004 4446 quor
1019 4371 1147 4446 peccavit
1164 4371 1308 4444 monens,
1332 4367 1437 4428 Erech.

249 4447 398 4548 lnwbssotuu
417 4500 447 4551 ²3
495 4447 577 4506 xviii.
592 4451 640 4525 20,
665 4449 716 4509 ubi
730 4450 827 4526 agitur
849 4468 908 4508 non
921 4449 957 4508 de
971 4447 1069 4525 aliquo
1083 4457 1200 4525 peccato
1214 4447 1246 4506 iu
1263 4447 1367 4525 speeie,
1387 4445 1438 4504 sed

264 4515 311 4546 ’⁸¹
361 4517 407 4547 ‚vn
449 4532 455 4546 ”
499 4526 529 4583 in
542 4546 656 4602 genere,
672 4535 701 4586 et
714 4527 861 4588 indefinite
875 4527 982 4586 mentio
1003 4526 1036 4586 fit
1054 4527 1173 4604 peccati,
1194 4535 1227 4586 ut
1246 4525 1372 4603 quodvis
1385 4543 1435 4582 no·

238 4605 332 4672 tetur;
355 4601 419 4660 ideo
433 4607 482 4664 vel
495 4612 643 4680 precanum
658 4606 771 4665 reniale
785 4625 844 4664 non
857 4615 901 4665 est
914 4613 1072 4682 peccatum,
1094 4606 1139 4664 vel
1160 4613 1281 4665 mortem
1301 4609 1432 4677 meretur,
