3044 5180
230 349 290 408 198
712 366 804 406 nocue
817 365 962 415 cusanus.
1241 343 1371 426 [eumer.
1389 365 1446 404 vn.

230 507 357 584 Erigone
379 505 466 566 Scoto
487 525 550 566 eam
572 505 715 566 Electioni
736 515 849 566 tantum
869 506 1024 566 convenire
1045 513 1196 581 statuente,
1215 504 1278 584 (lib.
1294 505 1333 564 de
1354 507 1448 564 unica

127 613 134 632 ι
232 585 488 646 Praedcstinatiouc
498 583 520 665 3)
544 586 744 646 Godescbalco
755 595 851 646 autem
862 595 892 646 et
901 587 1153 663 Lugdunensibus,
1164 596 1194 645 et
1209 606 1310 646 eorum
1323 587 1447 646 nomine

231 663 316 728 Remi
339 667 365 725 'o
389 663 542 744 Episcopo,
559 667 597 724 ad
621 667 865 745 chrobstiouem
889 687 952 726 eum
974 666 1208 726 extendentibus.
1256 665 1342 724 Idem
1365 686 1446 724 nunc

229 745 303 808 inter
347 767 380 806 os
394 756 423 806 et
439 746 606 806 Pontificios
627 747 773 823 quaritur.
816 746 961 807 Pontificii
981 747 1067 822 enim,
1087 746 1193 824 quibus
1215 745 1447 824 Reprobetionis

228 847 335 886 nomeu
348 847 470 886 exosum
484 835 536 903 est,
552 827 644 904 primo
659 847 745 886 sensu
759 827 953 906 usurpandam
967 847 1031 886 esse
1045 827 1228 904 pertendunt,
1248 825 1328 884 unde
1341 846 1446 903 repro-

230 905 292 982 bos,
308 927 367 966 non
377 905 604 985 praedestinatos,
620 907 672 966 sed
679 908 826 985 precator
836 927 941 968 vocare
952 907 1065 967 solent:
1087 915 1117 966 et
1129 927 1189 964 non
1200 915 1379 984 supponunt,
1393 907 1448 966 sed

230 985 623 1128 tttttttttltlsstt
636 985 1447 1145 t‘tltttitbtbbttssddrttfflffl

232 1148 299 1208 dere
313 1147 458 1223 videntur,
472 1147 541 1208 licet
551 1168 609 1207 uon
624 1147 725 1208 codem
738 1148 804 1208 fine.
847 1147 908 1207 Noa
921 1167 992 1208 vero
1006 1147 1139 1225 quamvis
1152 1147 1278 1206 libenter
1288 1146 1444 1219 fateamur,

230 1247 336 1288 nomen
351 1224 616 1288 praedestinationis
627 1249 664 1287 ex
678 1249 733 1288 usu
749 1228 904 1306 Scripturas
918 1228 1024 1307 saepius
1037 1227 1173 1304 restringi
1187 1225 1226 1286 ad
1238 1226 1446 1302 Electiouem;
1517 1219 1518 1234 ³

230 1316 328 1368 tamen
342 1327 400 1366 non
414 1316 526 1366 tantum
540 1328 578 1367 ex
591 1309 707 1388 propria
720 1309 801 1368 vocis
816 1308 1035 1386 significatione,
1051 1307 1203 1368 sedetiam
1218 1326 1256 1365 ex
1271 1327 1327 1366 usu
1343 1306 1446 1384 Scrip

231 1396 302 1447 turc
317 1395 347 1445 et
359 1396 475 1465 recepta
488 1387 704 1464 consuetudine,
726 1397 803 1450 recte
817 1389 935 1448 extendi
954 1388 992 1448 ad
1013 1387 1257 1465 Reprobatiouem
1280 1405 1446 1462 censemus,

229 1474 263 1526 ut
276 1475 426 1543 utramque
448 1469 561 1526 consilii
581 1469 674 1528 divini
694 1478 809 1547 partem
827 1470 937 1530 ambitu
958 1489 1011 1530 suo
1031 1468 1247 1546 complectetur,
1270 1475 1334 1526 tum
1355 1465 1446 1526 Elee—
1518 1511 1519 1514 η

229 1547 345 1622 tionem,
361 1555 423 1604 tum
438 1547 689 1625 Reprobetionem,
705 1569 764 1627 quo
778 1569 866 1610 seusu
879 1550 927 1610 bic
940 1569 958 1607 a
972 1549 1055 1609 uobis
1070 1548 1201 1608 sumitur.

231 1664 415 1710 mmm,
427 1677 490 1708 eom·
572 1629 610 1688 V.
633 1629 773 1690 Rationes
788 1640 864 1690 eunt.
888 1633 914 1690 1.
930 1629 1005 1704 Quia
1017 1629 1165 1706 Scriptura
1178 1627 1302 1686 verbum
1311 1628 1445 1709 κςκςιξυι

253 1723 491 1827 pleepuperprsrptpp·
511 1709 643 1802 extendit
656 1710 696 1769 ad
708 1721 791 1770 actus
803 1711 940 1805 scelestes
953 1709 1148 1802 reproborum,
1161 1707 1441 1812 quiscrucil'ixioncm
1519 1770 1520 1800 ,

511 1789 1440 1948 lutrrzruutdutuuttuuuuutu

222 1952 361 2026 fecerunt,
371 1970 457 2026 quam
466 1952 564 2026 quoad
573 1971 672 2010 manua
680 1961 707 2010 ct
719 1952 863 2012 comtum
876 1952 935 2010 Dei
946 1950 1146 2032 egaelgmſsevi.
1168 1948 1230 2006 Nec
1239 1949 1337 2026 excipi
1347 1948 1438 2024 debet,

230 2051 289 2089 non
309 2031 358 2108 agi
379 2029 415 2088 de
436 2049 535 2088 eorum
555 2032 764 2108 reprobatione,
785 2030 837 2090 sed
857 2031 1037 2090 ordinatione
1058 2028 1254 2088 crucifixionis
1274 2027 1315 2086 ad
1333 2029 1438 2088 bonum

230 2109 326 2169 finem.
369 2110 444 2185 Quia
458 2109 514 2170 ista
526 2130 584 2167 non
600 2119 667 2170 sunt
681 2110 859 2189 opponenda
882 2111 934 2169 sed
953 2109 1166 2187 componenda;
1190 2108 1351 2166 Crucifixio
1365 2109 1437 2167 enim

231 2189 347 2265 Christi,
363 2209 428 2267 quae
442 2190 527 2248 nobis
541 2199 586 2249 est
609 2191 736 2250 medium
759 2191 869 2266 salutis,
886 2189 1128 2267 Oruciligentibus
1142 2187 1196 2247 fuit
1214 2188 1345 2247 medium
1360 2189 1437 2246 dern-

230 2269 363 2344 nationia,
379 2269 489 2346 quoda
499 2271 663 2346 justissimo
678 2272 733 2330 Dei
747 2272 863 2331 decreto
877 2270 1022 2347 pependit.

270 2349 325 2408 VI.
351 2349 492 2424 Secundo,
521 2350 668 2429 Scriptura
695 2353 786 2411 utitur
812 2351 965 2428 phrasibus
993 2347 1254 2426 aequipollentibus,
1280 2367 1372 2424 quum
1400 2349 1439 2406 eit

229 2429 369 2506 quosdam
391 2429 502 2506 positos
524 2449 587 2490 esse
609 2431 648 2490 ad
668 2431 749 2507 iram,
768 2434 783 2490 1
799 2431 900 2490 Thess.
915 2450 945 2488 v.
968 2432 996 2504 9,
1020 2433 1036 2488 l
1054 2429 1116 2488 Pet.
1131 2428 1161 2487 ii.
1177 2429 1204 2501 8,
1221 2437 1440 2504 coagmentetur

229 2508 267 2568 ed
285 2509 441 2586 interitum,
458 2509 543 2568 Rom.
558 2511 598 2569 ix.
614 2515 661 2584 22,
678 2513 800 2590 scriptos
821 2511 859 2568 ud
875 2509 1027 2588 judicium,
1043 2507 1115 2570 Jud.
1130 2510 1158 2581 4,
1174 2506 1267 2566 factos
1293 2507 1333 2565 ad
1354 2506 1439 2566 dede·

231 2610 291 2665 cus,
308 2589 393 2648 Rom.
408 2590 448 2648 ix.
468 2593 516 2664 ul,
533 2599 562 2649 et
584 2589 621 2648 ad
642 2591 718 2650 diem
740 2591 818 2666 mali,
835 2590 973 2649 Proverb.
988 2590 1049 2648 xvi.
1064 2592 1093 2647 4.
1137 2588 1169 2646 Si
1184 2587 1365 2664 Reprobatio
1379 2587 1440 2646 istis

250 2670 383 2746 brasibus
411 2669 590 2745 describitur,
620 2689 671 2730 cur
695 2692 753 2730 non
780 2671 886 2748 poterit
909 2670 1034 2747 exprimi
1056 2667 1326 2728 Praedestinetionis
1347 2669 1441 2726 voce?

230 2691 337 2825 l'ertio,
352 2750 421 2827 quia
443 2747 571 2810 definitio
587 2751 861 2827 Praedestinationis,
877 2751 1019 2810 ordinatio
1042 2749 1154 2808 scilicet
1175 2747 1217 2806 rei
1230 2747 1270 2806 ed
1288 2747 1379 2806 finem
1392 2767 1441 2824 per

229 2829 325 2890 media
346 2839 500 2908 antequam
523 2831 568 2906 sit,
592 2851 651 2889 non
673 2833 768 2892 minus
788 2832 925 2891 convenit
947 2828 1155 2908 Reprobatioui
1175 2847 1263 2906 quam
1285 2827 1440 2888 Electioni.

231 2909 349 2985 Quarto,
365 2910 467 2970 Patres
481 2931 539 2970 non
554 2913 643 2970 semel
656 2912 697 2971 ita
709 2913 882 2989 loquuntur:
898 2911 1059 2971 Concilium
1072 2908 1271 2981 Valentinum,
1288 2911 1306 2938 “
1317 2907 1440 2966 Confite-

229 3010 294 3050 mur
309 2989 594 3052 Praedestiuationem
608 2992 765 3052 electorum
786 2992 824 3051 ad
837 2992 927 3052 vitam
942 3000 971 3051 et
986 2988 1272 3050 Proedestinationem
1287 2987 1440 3064 impiorum

229 3071 267 3129 ad
281 3071 432 3130 mortem.’'
474 3070 603 3149 August.
626 3073 729 3132 Encbi.
750 3071 788 3132 ad
810 3073 896 3130 Leur.
911 3091 936 3131 c.
953 3073 1020 3130 100.
1037 3073 1055 3104 “
1070 3068 1177 3146 Implet
1197 3067 1260 3145 ipse
1273 3067 1355 3144 quod
1369 3067 1439 3142 mult,

229 3150 304 3212 bene
317 3159 402 3211 utens
416 3160 445 3210 et
458 3152 543 3211 malis
556 3161 694 3230 tanquam
711 3171 822 3220 summe
842 3152 926 3211 bouis
947 3151 985 3208 ad
1006 3169 1105 3209 eorum
1127 3147 1353 3222 damnationem,
1369 3167 1439 3224 quoa

228 3230 306 3306 juste
319 3231 537 3308 predestinavit
545 3232 583 3291 ad
593 3235 737 3310 poenem.”
754 3234 792 3292 Et
803 3233 839 3292 de
849 3232 980 3308 Peccato,
993 3230 1103 3288 meritis
1113 3237 1143 3288 et
1156 3227 1268 3286 remiss.
1284 3226 1304 3284 l.
1315 3228 1346 3288 ii.
1361 3249 1387 3287 c.
1396 3231 1439 3302 11,

229 3309 265 3366 de
281 3310 312 3366 C.
330 3310 366 3366 D.
381 3311 401 3367 l.
416 3312 478 3369 xxi.
501 3332 525 3370 c.
542 3315 600 3387 24,
624 3314 747 3390 Fulgen.
771 3313 809 3371 ad
831 3312 991 3370 Monimum
1012 3311 1063 3368 lib.
1078 3310 1115 3384 i.;
1138 3309 1272 3383 Prosper.
1295 3307 1335 3366 ad
1349 3306 1438 3384 Capit.

230 3387 307 3446 Gall.
323 3407 348 3446 c.
366 3391 421 3462 14;
445 3389 535 3450 Iside.
550 3391 601 3450 lib.
623 3393 652 3450 ii.
668 3393 704 3450 de
729 3411 841 3452 summo
865 3392 950 3466 bono,
967 3409 992 3450 c.
1011 3393 1040 3464 6,
1057 3391 1075 3422 “
1090 3387 1215 3448 Gemina
1229 3395 1274 3446 eet
1288 3387 1434 3464 praedesfi·

231 3467 319 3532 uatio,
335 3467 397 3525 sive
412 3467 569 3528 electorum
583 3470 621 3529 ad
633 3472 772 3547 requiem,
789 3473 851 3531 sive
865 3471 1052 3550 reproborum
1066 3469 1105 3526 ad
1117 3468 1270 3526 mortem.”

268 3544 342 3604 VII.
359 3545 498 3620 Quemvis
507 3567 576 3607 vero
587 3549 807 3609 Praedeetinetio
820 3569 1027 3628 nonnunquam
1041 3550 1140 3609 stricte
1154 3555 1288 3606 sumatur
1302 3546 1334 3606 in
1347 3547 1437 3622 Scrip-

228 3633 294 3686 tura
307 3647 359 3705 pro
375 3625 631 3688 Praedestinatione
648 3629 829 3706 Sanctorum,
846 3649 898 3691 seu
913 3631 1062 3690 Electione
1076 3629 1115 3687 ad
1127 3627 1238 3702 vitam,
1261 3627 1331 3686 Non
1346 3627 1436 3703 sequi·

228 3716 276 3766 tur
289 3727 348 3768 nou
361 3725 446 3784 posse
460 3707 547 3768 latius
561 3710 702 3787 usurpari.
744 3710 806 3770 Nec
829 3711 854 3770 si
875 3712 990 3788 objecta
1011 3706 1221 3786 reprobationis
1243 3715 1274 3766 ct
1291 3705 1437 3766 electionis

229 3797 296 3848 sunt
310 3787 450 3866 opposita,
466 3789 563 3848 statim
576 3789 633 3867 ipsi
646 3799 728 3850 actus
748 3810 767 3849 a
787 3799 868 3868 parte
884 3791 939 3852 Dei
953 3791 1009 3850 sibi
1029 3789 1154 3848 invicem
1168 3785 1370 3861 adversamur,
1385 3787 1438 3844 imo

229 3868 381 3930 abeodem
396 3887 483 3928 cause
496 3869 641 3929 liberrime
656 3879 760 3948 egente
773 3869 1062 3950 possuntproficisci.
1258 3946 1264 3958 Ι

230 3987 354 4098 ”tut
370 4009 417 4098 ”t
438 4009 476 4040 ¹¹¹·
526 3950 1015 4096 ‚llbsttulltttttlt
1028 3946 1361 4105 pptqpffigp
1381 3944 1439 4084 tt

256 4065 313 4211 §⁰¹⁰2
343 4061 392 4158 Νι
408 4067 476 4171 por:
495 4057 539 4176 ils
554 4051 675 4192 erisiam?
684 4121 714 4172 et
728 4112 812 4171 Rom.
827 4111 868 4170 xi.
888 4115 916 4186 2,
931 4130 990 4168 non
1002 4107 1105 4200 rejecit
1117 4069 1257 4199 popellum
1266 4070 1439 4185 quem'rgat:

268 4182 311 4213 ¹⁰⁰¹
492 4218 550 4268 psa,
566 4201 595 4251 et
611 4193 713 4252 Petrus
728 4213 752 4252 c.
767 4191 786 4250 i.
801 4191 909 4270 prime,
924 4211 954 4249 v.
969 4195 997 4263 2,
1017 4189 1102 4248 electu
1126 4185 1263 4245 ducuntur
1283 4189 1356 4244 sard
1378 4187 1439 4266 ψ’·

226 4293 321 4343 yrum.
372 4273 448 4349 Quia
467 4289 537 4332 vero
559 4271 710 4350 Pelagiani
730 4279 843 4331 veteres
863 4278 893 4329 et
912 4269 1087 4330 recentiores
1113 4283 1265 4343 perperam
1288 4265 1345 4324 bae
1369 4285 1439 4326 voce

226 4351 385 4412 abutuntur
408 4352 447 4412 ad
468 4351 671 4412 stabiliendam
692 4351 894 4428 praevisionem
916 4349 984 4408 fidei
1004 4356 1034 4408 et
1054 4365 1190 4424 operum3
1213 4345 1439 4418 observandum,

225 4431 361 4510 πρόγνωσιν
375 4431 507 4490 bifariam
521 4451 605 4508 posse
621 4431 704 4506 sumi,
720 4431 769 4489 vel
782 4430 937 4505 tlreoretice,
954 4429 1002 4488 vel
1011 4427 1140 4505 practice
1147 4448 1159 4497 ,·
1180 4424 1271 4501 priori
1285 4425 1375 4484 modo
1389 4445 1439 4502 pro

225 4511 350 4584 simplici
364 4511 467 4570 notitia
482 4510 538 4570 Dei
552 4529 648 4568 rerum
662 4509 831 4584 futurarum,
847 4529 912 4588 quae
925 4507 1107 4587 prescientia
1120 4505 1237 4578 dicitur,
1259 4512 1291 4562 et
1314 4506 1440 4582 pertinet

225 4587 263 4644 ad
278 4588 475 4662 intellectum
490 4590 642 4664 posteriori
656 4609 708 4665 pro
722 4589 876 4650 dilectione
891 4588 1025 4665 practice,
1041 4595 1071 4648 et
1084 4586 1201 4646 decreto
1212 4583 1293 4660 quod
1306 4585 1389 4644 Deus
1405 4583 1438 4642 de

204 4728 208 4734 ,
223 4663 311 4737 hujus
326 4665 373 4719 rel
387 4665 466 4722 illius
480 4666 573 4723 salute
588 4667 697 4741 statuit,
713 4676 742 4727 et
755 4667 793 4726 ed
808 4669 985 4726 voluntatem
1001 4673 1129 4744 spectat3
1151 4664 1208 4722 boc
1223 4681 1313 4722 sensu
1338 4665 1443 4739 cogni-.-
