<?xml version="1.0" encoding="UTF-8"?>
<!DOCTYPE html PUBLIC "-//W3C//DTD XHTML 1.0 Transitional//EN"
    "http://www.w3.org/TR/xhtml1/DTD/xhtml1-transitional.dtd">
<html xmlns="http://www.w3.org/1999/xhtml" xml:lang="en" lang="en">
 <head>
  <title>
</title>
<meta http-equiv="Content-Type" content="text/html;charset=utf-8" />
  <meta name='ocr-system' content='tesseract 3.04.00' />
  <meta name='ocr-capabilities' content='ocr_page ocr_carea ocr_par ocr_line ocrx_word'/>
</head>
<body>
  <div class='ocr_page' id='page_1' title='image "./francisciturret01pictgoog_0366.png"; bbox 0 0 3044 5180; ppageno 0'>
   <div class='ocr_carea' id='block_1_1' title="bbox 136 311 1341 396">
    <p class='ocr_par' dir='ltr' id='par_1_1' title="bbox 136 311 1341 396">
     <span class='ocr_line' id='line_1_1' title="bbox 136 311 1341 396; baseline -0.001 -21"><span class='ocrx_word' id='word_1_1' title='bbox 136 333 246 384; x_wconf 75' lang='lat' dir='ltr'>oum.</span> <span class='ocrx_word' id='word_1_2' title='bbox 262 311 324 396; x_wconf 66' lang='lat' dir='ltr'>rm]</span> <span class='ocrx_word' id='word_1_3' title='bbox 568 331 607 374; x_wconf 81' lang='lat' dir='ltr'>ne</span> <span class='ocrx_word' id='word_1_4' title='bbox 622 332 914 376; x_wconf 78' lang='lat' dir='ltr'>rannusrrsnrrour.</span> <span class='ocrx_word' id='word_1_5' title='bbox 1285 319 1341 376; x_wconf 79' lang='grc'>311</span> 
     </span>
    </p>
   </div>
   <div class='ocr_carea' id='block_1_2' title="bbox 129 473 1344 1592">
    <p class='ocr_par' dir='ltr' id='par_1_2' title="bbox 155 473 1344 553">
     <span class='ocr_line' id='line_1_2' title="bbox 155 473 1344 553; baseline 0 -18"><span class='ocrx_word' id='word_1_6' title='bbox 155 475 254 535; x_wconf 88' lang='lat' dir='ltr'>uidem</span> <span class='ocrx_word' id='word_1_7' title='bbox 269 474 359 535; x_wconf 91' lang='lat' dir='ltr'>debet</span> <span class='ocrx_word' id='word_1_8' title='bbox 372 473 403 534; x_wconf 91' lang='lat' dir='ltr'>in</span> <span class='ocrx_word' id='word_1_9' title='bbox 417 474 596 551; x_wconf 74' lang='lat' dir='ltr'>executione,</span> <span class='ocrx_word' id='word_1_10' title='bbox 613 474 665 535; x_wconf 87' lang='lat' dir='ltr'>scd</span> <span class='ocrx_word' id='word_1_11' title='bbox 678 493 737 534; x_wconf 92' lang='lat' dir='ltr'>non</span> <span class='ocrx_word' id='word_1_12' title='bbox 750 475 859 553; x_wconf 83' lang='lat' dir='ltr'>pariter</span> <span class='ocrx_word' id='word_1_13' title='bbox 871 475 902 534; x_wconf 91' lang='lat' dir='ltr'>in</span> <span class='ocrx_word' id='word_1_14' title='bbox 915 474 1082 552; x_wconf 86' lang='lat' dir='ltr'>intentione,</span> <span class='ocrx_word' id='word_1_15' title='bbox 1098 475 1156 534; x_wconf 89' lang='lat' dir='ltr'>imo</span> <span class='ocrx_word' id='word_1_16' title='bbox 1170 482 1204 535; x_wconf 89' lang='lat' dir='ltr'>ut</span> <span class='ocrx_word' id='word_1_17' title='bbox 1217 473 1344 535; x_wconf 86' lang='lat' dir='ltr'>medinm</span> 
     </span>
    </p>

    <p class='ocr_par' dir='ltr' id='par_1_3' title="bbox 133 495 1342 792">
     <span class='ocr_line' id='line_1_3' title="bbox 134 495 1341 634; baseline 0.002 -22"><span class='ocrx_word' id='word_1_18' title='bbox 134 495 223 614; x_wconf 84' lang='lat' dir='ltr'>debet</span> <span class='ocrx_word' id='word_1_19' title='bbox 236 553 322 634; x_wconf 86' lang='lat' dir='ltr'>sequi</span> <span class='ocrx_word' id='word_1_20' title='bbox 335 554 527 614; x_wconf 89' lang='lat' dir='ltr'>intentionem</span> <span class='ocrx_word' id='word_1_21' title='bbox 540 553 615 614; x_wconf 83' lang='lat' dir='ltr'>finis.</span> <span class='ocrx_word' id='word_1_22' title='bbox 659 555 708 614; x_wconf 81' lang='lat' dir='ltr'>Sic</span> <span class='ocrx_word' id='word_1_23' title='bbox 721 575 800 633; x_wconf 72' lang='lat' dir='ltr'>eger</span> <span class='ocrx_word' id='word_1_24' title='bbox 813 563 858 614; x_wconf 88' lang='lat' dir='ltr'>est</span> <span class='ocrx_word' id='word_1_25' title='bbox 872 555 1017 634; x_wconf 87' lang='lat' dir='ltr'>objectum</span> <span class='ocrx_word' id='word_1_26' title='bbox 1039 555 1257 616; x_wconf 75' lang='lat' dir='ltr'>consultationis</span> <span class='ocrx_word' id='word_1_27' title='bbox 1279 555 1341 614; x_wconf 89' lang='lat' dir='ltr'>Me·</span> 
     </span>
     <span class='ocr_line' id='line_1_4' title="bbox 134 633 1342 715; baseline 0 -21"><span class='ocrx_word' id='word_1_28' title='bbox 134 633 193 694; x_wconf 91' lang='lat' dir='ltr'>dici</span> <span class='ocrx_word' id='word_1_29' title='bbox 206 635 245 694; x_wconf 86' lang='lat' dir='ltr'>de</span> <span class='ocrx_word' id='word_1_30' title='bbox 259 635 312 694; x_wconf 92' lang='lat' dir='ltr'>illo</span> <span class='ocrx_word' id='word_1_31' title='bbox 327 633 466 708; x_wconf 74' lang='lat' dir='ltr'>sonando,</span> <span class='ocrx_word' id='word_1_32' title='bbox 482 633 534 693; x_wconf 88' lang='lat' dir='ltr'>sed</span> <span class='ocrx_word' id='word_1_33' title='bbox 546 635 577 693; x_wconf 91' lang='lat' dir='ltr'>in</span> <span class='ocrx_word' id='word_1_34' title='bbox 590 635 642 694; x_wconf 87' lang='lat' dir='ltr'>ille</span> <span class='ocrx_word' id='word_1_35' title='bbox 654 655 713 694; x_wconf 90' lang='lat' dir='ltr'>non</span> <span class='ocrx_word' id='word_1_36' title='bbox 726 644 823 712; x_wconf 90' lang='lat' dir='ltr'>potest</span> <span class='ocrx_word' id='word_1_37' title='bbox 837 634 1012 695; x_wconf 83' lang='lat' dir='ltr'>considerari</span> <span class='ocrx_word' id='word_1_38' title='bbox 1025 645 1058 696; x_wconf 91' lang='lat' dir='ltr'>ut</span> <span class='ocrx_word' id='word_1_39' title='bbox 1067 637 1129 715; x_wconf 87' lang='lat' dir='ltr'>jam</span> <span class='ocrx_word' id='word_1_40' title='bbox 1142 643 1292 714; x_wconf 82' lang='lat' dir='ltr'>purgatus,</span> <span class='ocrx_word' id='word_1_41' title='bbox 1307 655 1342 694; x_wconf 90' lang='lat' dir='ltr'>eo</span> 
     </span>
     <span class='ocr_line' id='line_1_5' title="bbox 133 713 1013 792; baseline 0 -18"><span class='ocrx_word' id='word_1_42' title='bbox 133 715 213 792; x_wconf 90' lang='lat' dir='ltr'>quod</span> <span class='ocrx_word' id='word_1_43' title='bbox 226 715 364 792; x_wconf 74' lang='lat' dir='ltr'><strong>purgatio</strong></span> <span class='ocrx_word' id='word_1_44' title='bbox 377 723 422 774; x_wconf 89' lang='lat' dir='ltr'>est</span> <span class='ocrx_word' id='word_1_45' title='bbox 435 713 562 773; x_wconf 90' lang='lat' dir='ltr'>medium</span> <span class='ocrx_word' id='word_1_46' title='bbox 576 714 614 773; x_wconf 87' lang='lat' dir='ltr'>sd</span> <span class='ocrx_word' id='word_1_47' title='bbox 627 715 805 775; x_wconf 75' lang='lat' dir='ltr'>arcedonem</span> <span class='ocrx_word' id='word_1_48' title='bbox 819 715 1013 774; x_wconf 86' lang='lat' dir='ltr'>obtinendem.</span> 
     </span>
    </p>

    <p class='ocr_par' dir='ltr' id='par_1_4' title="bbox 129 793 1343 1432">
     <span class='ocr_line' id='line_1_6' title="bbox 174 793 1343 874; baseline 0.003 -22"><span class='ocrx_word' id='word_1_49' title='bbox 174 793 255 854; x_wconf 87' lang='lat' dir='ltr'>XX.</span> <span class='ocrx_word' id='word_1_50' title='bbox 281 795 323 855; x_wconf 90' lang='lat' dir='ltr'>Ut</span> <span class='ocrx_word' id='word_1_51' title='bbox 336 795 482 872; x_wconf 79' lang='lat' dir='ltr'>verofinie</span> <span class='ocrx_word' id='word_1_52' title='bbox 494 795 753 854; x_wconf 67' lang='lat' dir='ltr'>Prudentiuatioaie</span> <span class='ocrx_word' id='word_1_53' title='bbox 766 805 898 874; x_wconf 88' lang='lat' dir='ltr'>respectu</span> <span class='ocrx_word' id='word_1_54' title='bbox 908 795 1066 870; x_wconf 90' lang='lat' dir='ltr'>hominum,</span> <span class='ocrx_word' id='word_1_55' title='bbox 1078 794 1156 854; x_wconf 88' lang='lat' dir='ltr'>selus</span> <span class='ocrx_word' id='word_1_56' title='bbox 1169 793 1304 854; x_wconf 89' lang='lat' dir='ltr'>nimirum</span> <span class='ocrx_word' id='word_1_57' title='bbox 1313 803 1343 855; x_wconf 90' lang='lat' dir='ltr'>et</span> 
     </span>
     <span class='ocr_line' id='line_1_7' title="bbox 133 873 1343 953; baseline 0.001 -20"><span class='ocrx_word' id='word_1_58' title='bbox 133 873 292 948; x_wconf 73' lang='lat' dir='ltr'>damnatio,</span> <span class='ocrx_word' id='word_1_59' title='bbox 309 875 446 952; x_wconf 81' lang='lat' dir='ltr'><strong>supponit</strong></span> <span class='ocrx_word' id='word_1_60' title='bbox 466 875 628 934; x_wconf 76' lang='lat' dir='ltr'>necessario</span> <span class='ocrx_word' id='word_1_61' title='bbox 652 875 826 934; x_wconf 75' lang='lat' dir='ltr'>creationem</span> <span class='ocrx_word' id='word_1_62' title='bbox 848 886 878 934; x_wconf 89' lang='lat' dir='ltr'>et</span> <span class='ocrx_word' id='word_1_63' title='bbox 898 875 1012 953; x_wconf 87' lang='lat' dir='ltr'>lapsum</span> <span class='ocrx_word' id='word_1_64' title='bbox 1035 875 1066 932; x_wconf 91' lang='lat' dir='ltr'>in</span> <span class='ocrx_word' id='word_1_65' title='bbox 1086 875 1221 953; x_wconf 85' lang='lat' dir='ltr'>objecto:</span> <span class='ocrx_word' id='word_1_66' title='bbox 1241 875 1343 934; x_wconf 77' lang='lat' dir='ltr'>Media</span> 
     </span>
     <span class='ocr_line' id='line_1_8' title="bbox 132 953 1341 1032; baseline 0 -18"><span class='ocrx_word' id='word_1_67' title='bbox 132 955 221 1014; x_wconf 77' lang='lat' dir='ltr'>etism</span> <span class='ocrx_word' id='word_1_68' title='bbox 235 953 268 1012; x_wconf 91' lang='lat' dir='ltr'>id</span> <span class='ocrx_word' id='word_1_69' title='bbox 282 955 378 1032; x_wconf 89' lang='lat' dir='ltr'>ipsum</span> <span class='ocrx_word' id='word_1_70' title='bbox 390 953 548 1014; x_wconf 83' lang='lat' dir='ltr'>evincunt:</span> <span class='ocrx_word' id='word_1_71' title='bbox 577 955 614 1012; x_wconf 92' lang='lat' dir='ltr'>In</span> <span class='ocrx_word' id='word_1_72' title='bbox 628 955 778 1014; x_wconf 88' lang='lat' dir='ltr'>Electione</span> <span class='ocrx_word' id='word_1_73' title='bbox 791 954 909 1032; x_wconf 87' lang='lat' dir='ltr'>quidem</span> <span class='ocrx_word' id='word_1_74' title='bbox 924 955 1064 1030; x_wconf 87' lang='lat' dir='ltr'>Christus,</span> <span class='ocrx_word' id='word_1_75' title='bbox 1079 955 1211 1030; x_wconf 86' lang='lat' dir='ltr'>Vocetio,</span> <span class='ocrx_word' id='word_1_76' title='bbox 1226 955 1341 1015; x_wconf 86' lang='lat' dir='ltr'>Justifi·</span> 
     </span>
     <span class='ocr_line' id='line_1_9' title="bbox 132 1033 1342 1113; baseline 0 -19"><span class='ocrx_word' id='word_1_77' title='bbox 132 1033 217 1108; x_wconf 64' lang='lat' dir='ltr'>cutio,</span> <span class='ocrx_word' id='word_1_78' title='bbox 232 1033 439 1109; x_wconf 74' lang='lat' dir='ltr'>sanctificatio,</span> <span class='ocrx_word' id='word_1_79' title='bbox 449 1053 514 1110; x_wconf 79' lang='lat' dir='ltr'>quse</span> <span class='ocrx_word' id='word_1_80' title='bbox 523 1034 705 1112; x_wconf 78' lang='lat' dir='ltr'>praeexigunt</span> <span class='ocrx_word' id='word_1_81' title='bbox 713 1035 907 1094; x_wconf 87' lang='lat' dir='ltr'>conditionem</span> <span class='ocrx_word' id='word_1_82' title='bbox 915 1034 1013 1113; x_wconf 88' lang='lat' dir='ltr'>lapsus</span> <span class='ocrx_word' id='word_1_83' title='bbox 1022 1043 1051 1095; x_wconf 89' lang='lat' dir='ltr'>et</span> <span class='ocrx_word' id='word_1_84' title='bbox 1058 1035 1189 1113; x_wconf 73' lang='lat' dir='ltr'>peceati:</span> <span class='ocrx_word' id='word_1_85' title='bbox 1209 1035 1342 1094; x_wconf 83' lang='lat' dir='ltr'>Christus</span> 
     </span>
     <span class='ocr_line' id='line_1_10' title="bbox 130 1113 1339 1192; baseline 0.002 -20"><span class='ocrx_word' id='word_1_86' title='bbox 130 1113 210 1172; x_wconf 89' lang='lat' dir='ltr'>enim</span> <span class='ocrx_word' id='word_1_87' title='bbox 223 1123 272 1174; x_wconf 86' lang='lat' dir='ltr'>est</span> <span class='ocrx_word' id='word_1_88' title='bbox 287 1115 425 1174; x_wconf 82' lang='lat' dir='ltr'>Servatur</span> <span class='ocrx_word' id='word_1_89' title='bbox 437 1134 457 1173; x_wconf 84' lang='lat' dir='ltr'>a</span> <span class='ocrx_word' id='word_1_90' title='bbox 468 1114 603 1192; x_wconf 83' lang='lat' dir='ltr'>peccatis,</span> <span class='ocrx_word' id='word_1_91' title='bbox 620 1115 705 1175; x_wconf 76' lang='lat' dir='ltr'>Matr.</span> <span class='ocrx_word' id='word_1_92' title='bbox 720 1115 739 1174; x_wconf 88' lang='lat' dir='ltr'>i.</span> <span class='ocrx_word' id='word_1_93' title='bbox 754 1118 803 1174; x_wconf 82' lang='lat' dir='ltr'>al.</span> <span class='ocrx_word' id='word_1_94' title='bbox 844 1115 1339 1192; x_wconf 72' lang='lat' dir='ltr'>Vocetioesepecoatorum,.1usti-</span> 
     </span>
     <span class='ocr_line' id='line_1_11' title="bbox 130 1192 1339 1273; baseline 0.003 -23"><span class='ocrx_word' id='word_1_95' title='bbox 130 1192 229 1252; x_wconf 78' lang='lat' dir='ltr'>ficstio</span> <span class='ocrx_word' id='word_1_96' title='bbox 239 1213 365 1270; x_wconf 86' lang='lat' dir='ltr'>reorum,</span> <span class='ocrx_word' id='word_1_97' title='bbox 379 1193 574 1253; x_wconf 82' lang='lat' dir='ltr'>Sanctificatio</span> <span class='ocrx_word' id='word_1_98' title='bbox 584 1194 806 1254; x_wconf 87' lang='lat' dir='ltr'>immundorum.</span> <span class='ocrx_word' id='word_1_99' title='bbox 836 1195 874 1254; x_wconf 86' lang='lat' dir='ltr'>ln</span> <span class='ocrx_word' id='word_1_100' title='bbox 888 1195 1100 1273; x_wconf 86' lang='lat' dir='ltr'>Reprobstione</span> <span class='ocrx_word' id='word_1_101' title='bbox 1111 1215 1180 1254; x_wconf 85' lang='lat' dir='ltr'>vero</span> <span class='ocrx_word' id='word_1_102' title='bbox 1191 1195 1339 1255; x_wconf 79' lang='lat' dir='ltr'>derelictio</span> 
     </span>
     <span class='ocr_line' id='line_1_12' title="bbox 130 1273 1339 1432; baseline 0.002 -101"><span class='ocrx_word' id='word_1_103' title='bbox 130 1273 161 1331; x_wconf 90' lang='lat' dir='ltr'>in</span> <span class='ocrx_word' id='word_1_104' title='bbox 174 1273 463 1432; x_wconf 52' lang='lat' dir='ltr'>peremnpseeffitio</span> <span class='ocrx_word' id='word_1_105' title='bbox 472 1293 489 1332; x_wconf 85' lang='lat' dir='ltr'>s</span> <span class='ocrx_word' id='word_1_106' title='bbox 498 1273 621 1414; x_wconf 64' lang='lat' dir='ltr'>Chpistp,</span> <span class='ocrx_word' id='word_1_107' title='bbox 634 1275 758 1346; x_wconf 79' lang='lat' dir='ltr'>retentio</span> <span class='ocrx_word' id='word_1_108' title='bbox 767 1275 887 1353; x_wconf 70' lang='lat' dir='ltr'>pecoeti</span> <span class='ocrx_word' id='word_1_109' title='bbox 897 1275 1056 1336; x_wconf 76' lang='lat' dir='ltr'>oxooecefio</span> <span class='ocrx_word' id='word_1_110' title='bbox 1066 1284 1096 1335; x_wconf 88' lang='lat' dir='ltr'>et</span> <span class='ocrx_word' id='word_1_111' title='bbox 1109 1275 1262 1350; x_wconf 83' lang='lat' dir='ltr'>induratio,</span> <span class='ocrx_word' id='word_1_112' title='bbox 1273 1295 1339 1353; x_wconf 77' lang='lat' dir='ltr'>que</span> 
     </span>
     <span class='ocr_line' id='line_1_13' title="bbox 129 1371 594 1414; baseline 0 -2"><span class='ocrx_word' id='word_1_113' title='bbox 129 1371 249 1412; x_wconf 88' lang='lat' dir='ltr'>nonmsr</span> <span class='ocrx_word' id='word_1_114' title='bbox 262 1375 294 1412; x_wconf 93' lang='grc' dir='ltr'>ιιι</span> <span class='ocrx_word' id='word_1_115' title='bbox 426 1373 486 1412; x_wconf 91' lang='lat' dir='ltr'>rem</span> <span class='ocrx_word' id='word_1_116' title='bbox 499 1373 533 1414; x_wconf 79' lang='lat' dir='ltr'>ce</span> <span class='ocrx_word' id='word_1_117' title='bbox 554 1373 594 1412; x_wconf 91' lang='lat' dir='ltr'>un</span> 
     </span>
    </p>

    <p class='ocr_par' dir='ltr' id='par_1_5' title="bbox 205 1431 1340 1592">
     <span class='ocr_line' id='line_1_14' title="bbox 437 1431 1340 1512; baseline 0.001 -21"><span class='ocrx_word' id='word_1_118' title='bbox 437 1433 532 1492; x_wconf 89' lang='lat' dir='ltr'>XXI.</span> <span class='ocrx_word' id='word_1_119' title='bbox 555 1431 668 1493; x_wconf 82' lang='lat' dir='ltr'>Creetio</span> <span class='ocrx_word' id='word_1_120' title='bbox 682 1441 712 1492; x_wconf 88' lang='lat' dir='ltr'>et</span> <span class='ocrx_word' id='word_1_121' title='bbox 724 1433 823 1512; x_wconf 88' lang='lat' dir='ltr'>lapsus</span> <span class='ocrx_word' id='word_1_122' title='bbox 836 1453 894 1492; x_wconf 89' lang='lat' dir='ltr'>non</span> <span class='ocrx_word' id='word_1_123' title='bbox 909 1433 1078 1494; x_wconf 81' lang='lat' dir='ltr'>ordinentur</span> <span class='ocrx_word' id='word_1_124' title='bbox 1090 1433 1182 1494; x_wconf 85' lang='lat' dir='ltr'>instar</span> <span class='ocrx_word' id='word_1_125' title='bbox 1191 1435 1277 1494; x_wconf 77' lang='lat' dir='ltr'>medii</span> <span class='ocrx_word' id='word_1_126' title='bbox 1287 1454 1340 1512; x_wconf 90' lang='lat' dir='ltr'>per</span> 
     </span>
     <span class='ocr_line' id='line_1_15' title="bbox 205 1503 1337 1592; baseline 0.001 -20"><span class='ocrx_word' id='word_1_127' title='bbox 205 1503 221 1532; x_wconf 81' lang='lat'>¹¹</span> <span class='ocrx_word' id='word_1_128' title='bbox 260 1503 341 1592; x_wconf 65' lang='lat' dir='ltr'>mu·</span> <span class='ocrx_word' id='word_1_129' title='bbox 396 1531 428 1572; x_wconf 88' lang='lat' dir='ltr'>se</span> <span class='ocrx_word' id='word_1_130' title='bbox 442 1512 622 1572; x_wconf 84' lang='lat' dir='ltr'>subordineti</span> <span class='ocrx_word' id='word_1_131' title='bbox 642 1513 680 1572; x_wconf 86' lang='lat' dir='ltr'>ed</span> <span class='ocrx_word' id='word_1_132' title='bbox 696 1513 959 1574; x_wconf 77' lang='lat' dir='ltr'>Pnedestinationis</span> <span class='ocrx_word' id='word_1_133' title='bbox 972 1514 1078 1590; x_wconf 80' lang='lat' dir='ltr'>finem3</span> <span class='ocrx_word' id='word_1_134' title='bbox 1101 1513 1152 1573; x_wconf 86' lang='lat' dir='ltr'>sod</span> <span class='ocrx_word' id='word_1_135' title='bbox 1171 1533 1337 1592; x_wconf 77' lang='lat' dir='ltr'>praesuppo-</span> 
     </span>
    </p>
   </div>
   <div class='ocr_carea' id='block_1_3' title="bbox 396 1593 1447 1673">
    <p class='ocr_par' dir='ltr' id='par_1_6' title="bbox 396 1593 1447 1673">
     <span class='ocr_line' id='line_1_16' title="bbox 396 1593 1447 1673; baseline 0.002 -23"><span class='ocrx_word' id='word_1_136' title='bbox 396 1600 504 1652; x_wconf 90' lang='lat' dir='ltr'>nuntur</span> <span class='ocrx_word' id='word_1_137' title='bbox 516 1593 608 1652; x_wconf 85' lang='lat' dir='ltr'>instar</span> <span class='ocrx_word' id='word_1_138' title='bbox 621 1593 794 1653; x_wconf 90' lang='lat' dir='ltr'>conditionis</span> <span class='ocrx_word' id='word_1_139' title='bbox 807 1595 838 1652; x_wconf 89' lang='lat' dir='ltr'>in</span> <span class='ocrx_word' id='word_1_140' title='bbox 852 1595 965 1673; x_wconf 88' lang='lat' dir='ltr'>objecto</span> <span class='ocrx_word' id='word_1_141' title='bbox 986 1593 1199 1672; x_wconf 62' lang='lat' dir='ltr'>praerequisita,</span> <span class='ocrx_word' id='word_1_142' title='bbox 1214 1602 1248 1654; x_wconf 88' lang='lat' dir='ltr'>ut</span> <span class='ocrx_word' id='word_1_143' title='bbox 1260 1595 1338 1654; x_wconf 84' lang='lat' dir='ltr'>exis·</span> <span class='ocrx_word' id='word_1_144' title='bbox 1445 1616 1447 1622; x_wconf 65' lang='grc'>’</span> 
     </span>
    </p>
   </div>
   <div class='ocr_carea' id='block_1_4' title="bbox 117 1671 1338 4696">
    <p class='ocr_par' dir='ltr' id='par_1_7' title="bbox 127 1671 1338 1989">
     <span class='ocr_line' id='line_1_17' title="bbox 128 1671 1336 1752; baseline 0.002 -22"><span class='ocrx_word' id='word_1_145' title='bbox 128 1671 224 1730; x_wconf 77' lang='lat' dir='ltr'>tentia</span> <span class='ocrx_word' id='word_1_146' title='bbox 236 1680 267 1732; x_wconf 90' lang='lat' dir='ltr'>et</span> <span class='ocrx_word' id='word_1_147' title='bbox 280 1671 428 1732; x_wconf 85' lang='lat' dir='ltr'>ductilitae</span> <span class='ocrx_word' id='word_1_148' title='bbox 441 1672 473 1730; x_wconf 90' lang='lat' dir='ltr'>in</span> <span class='ocrx_word' id='word_1_149' title='bbox 485 1672 556 1748; x_wconf 90' lang='lat' dir='ltr'>luto,</span> <span class='ocrx_word' id='word_1_150' title='bbox 571 1692 631 1731; x_wconf 87' lang='lat' dir='ltr'>non</span> <span class='ocrx_word' id='word_1_151' title='bbox 644 1681 689 1731; x_wconf 87' lang='lat' dir='ltr'>est</span> <span class='ocrx_word' id='word_1_152' title='bbox 701 1673 829 1734; x_wconf 89' lang='lat' dir='ltr'>medium</span> <span class='ocrx_word' id='word_1_153' title='bbox 842 1674 920 1751; x_wconf 90' lang='lat' dir='ltr'>quod</span> <span class='ocrx_word' id='word_1_154' title='bbox 935 1673 1092 1734; x_wconf 80' lang='lat' dir='ltr'>substernit</span> <span class='ocrx_word' id='word_1_155' title='bbox 1105 1673 1212 1752; x_wconf 81' lang='lat' dir='ltr'>figulus</span> <span class='ocrx_word' id='word_1_156' title='bbox 1226 1693 1279 1733; x_wconf 90' lang='lat' dir='ltr'>suo</span> <span class='ocrx_word' id='word_1_157' title='bbox 1293 1674 1336 1733; x_wconf 93' lang='lat' dir='ltr'>in·</span> 
     </span>
     <span class='ocr_line' id='line_1_18' title="bbox 128 1751 1338 1830; baseline 0.002 -20"><span class='ocrx_word' id='word_1_158' title='bbox 128 1751 243 1826; x_wconf 81' lang='lat' dir='ltr'>stituto,</span> <span class='ocrx_word' id='word_1_159' title='bbox 259 1751 296 1810; x_wconf 93' lang='lat' dir='ltr'>de</span> <span class='ocrx_word' id='word_1_160' title='bbox 310 1752 389 1811; x_wconf 78' lang='lat' dir='ltr'>vasis</span> <span class='ocrx_word' id='word_1_161' title='bbox 408 1752 448 1810; x_wconf 85' lang='lat' dir='ltr'>ad</span> <span class='ocrx_word' id='word_1_162' title='bbox 468 1751 557 1812; x_wconf 72' lang='grc' dir='ltr'><strong>ὰεοιιιι</strong></span> <span class='ocrx_word' id='word_1_163' title='bbox 570 1752 619 1812; x_wconf 86' lang='lat' dir='ltr'>vel</span> <span class='ocrx_word' id='word_1_164' title='bbox 639 1752 677 1811; x_wconf 81' lang='lat' dir='ltr'>ad</span> <span class='ocrx_word' id='word_1_165' title='bbox 699 1752 825 1814; x_wconf 78' lang='lat' dir='ltr'>dedecus</span> <span class='ocrx_word' id='word_1_166' title='bbox 846 1753 990 1830; x_wconf 79' lang='lat' dir='ltr'>perendie,</span> <span class='ocrx_word' id='word_1_167' title='bbox 1006 1753 1058 1812; x_wconf 85' lang='lat' dir='ltr'>sed</span> <span class='ocrx_word' id='word_1_168' title='bbox 1077 1753 1204 1814; x_wconf 91' lang='lat' dir='ltr'>conditio</span> <span class='ocrx_word' id='word_1_169' title='bbox 1224 1761 1338 1813; x_wconf 90' lang='lat' dir='ltr'>tantum</span> 
     </span>
     <span class='ocr_line' id='line_1_19' title="bbox 129 1831 1337 1910; baseline 0.002 -21"><span class='ocrx_word' id='word_1_170' title='bbox 129 1850 185 1889; x_wconf 80' lang='lat' dir='ltr'>esu</span> <span class='ocrx_word' id='word_1_171' title='bbox 205 1831 332 1907; x_wconf 74' lang='lat' dir='ltr'>quattus</span> <span class='ocrx_word' id='word_1_172' title='bbox 354 1832 386 1890; x_wconf 91' lang='lat' dir='ltr'>in</span> <span class='ocrx_word' id='word_1_173' title='bbox 409 1831 524 1909; x_wconf 86' lang='lat' dir='ltr'>objecto</span> <span class='ocrx_word' id='word_1_174' title='bbox 548 1831 753 1910; x_wconf 76' lang='lat' dir='ltr'>prerequisita,</span> <span class='ocrx_word' id='word_1_175' title='bbox 768 1841 798 1892; x_wconf 88' lang='lat' dir='ltr'>et</span> <span class='ocrx_word' id='word_1_176' title='bbox 821 1852 908 1892; x_wconf 88' lang='lat' dir='ltr'>cause</span> <span class='ocrx_word' id='word_1_177' title='bbox 930 1833 1072 1910; x_wconf 80' lang='lat' dir='ltr'>sineque</span> <span class='ocrx_word' id='word_1_178' title='bbox 1085 1852 1161 1908; x_wconf 82' lang='lat' dir='ltr'>non3</span> <span class='ocrx_word' id='word_1_179' title='bbox 1190 1833 1247 1893; x_wconf 82' lang='lat' dir='ltr'>nisi</span> <span class='ocrx_word' id='word_1_180' title='bbox 1260 1833 1337 1892; x_wconf 87' lang='lat' dir='ltr'>enim</span> 
     </span>
     <span class='ocr_line' id='line_1_20' title="bbox 127 1910 1185 1989; baseline 0 -19"><span class='ocrx_word' id='word_1_181' title='bbox 127 1910 219 1970; x_wconf 77' lang='lat' dir='ltr'>homo</span> <span class='ocrx_word' id='word_1_182' title='bbox 232 1910 368 1970; x_wconf 87' lang='lat' dir='ltr'>conditus</span> <span class='ocrx_word' id='word_1_183' title='bbox 381 1921 459 1970; x_wconf 88' lang='lat' dir='ltr'>esset</span> <span class='ocrx_word' id='word_1_184' title='bbox 471 1921 501 1972; x_wconf 90' lang='lat' dir='ltr'>et</span> <span class='ocrx_word' id='word_1_185' title='bbox 513 1911 620 1989; x_wconf 87' lang='lat' dir='ltr'>lapsus,</span> <span class='ocrx_word' id='word_1_186' title='bbox 635 1931 694 1970; x_wconf 90' lang='lat' dir='ltr'>non</span> <span class='ocrx_word' id='word_1_187' title='bbox 707 1919 806 1989; x_wconf 87' lang='lat' dir='ltr'>posset</span> <span class='ocrx_word' id='word_1_188' title='bbox 819 1912 918 1971; x_wconf 84' lang='lat' dir='ltr'>venire</span> <span class='ocrx_word' id='word_1_189' title='bbox 931 1910 963 1969; x_wconf 90' lang='lat' dir='ltr'>in</span> <span class='ocrx_word' id='word_1_190' title='bbox 975 1912 1185 1970; x_wconf 86' lang='lat' dir='ltr'>executionem.</span> 
     </span>
    </p>

    <p class='ocr_par' dir='ltr' id='par_1_8' title="bbox 122 1989 1336 3246">
     <span class='ocr_line' id='line_1_21' title="bbox 171 1989 1335 2068; baseline 0.002 -20"><span class='ocrx_word' id='word_1_191' title='bbox 171 1989 286 2049; x_wconf 85' lang='lat' dir='ltr'>XXIL</span> <span class='ocrx_word' id='word_1_192' title='bbox 308 1991 448 2065; x_wconf 79' lang='lat' dir='ltr'>Quamvis</span> <span class='ocrx_word' id='word_1_193' title='bbox 463 1990 681 2052; x_wconf 77' lang='lat' dir='ltr'>Praedestinatio</span> <span class='ocrx_word' id='word_1_194' title='bbox 697 2011 758 2049; x_wconf 91' lang='lat' dir='ltr'>non</span> <span class='ocrx_word' id='word_1_195' title='bbox 778 1991 923 2068; x_wconf 72' lang='lat' dir='ltr'>precedat</span> <span class='ocrx_word' id='word_1_196' title='bbox 935 1990 1083 2050; x_wconf 88' lang='lat' dir='ltr'>decretum</span> <span class='ocrx_word' id='word_1_197' title='bbox 1096 1991 1133 2050; x_wconf 89' lang='lat' dir='ltr'>de</span> <span class='ocrx_word' id='word_1_198' title='bbox 1147 1989 1271 2050; x_wconf 87' lang='lat' dir='ltr'>creando</span> <span class='ocrx_word' id='word_1_199' title='bbox 1284 1991 1335 2050; x_wconf 90' lang='lat' dir='ltr'>ho-</span> 
     </span>
     <span class='ocr_line' id='line_1_22' title="bbox 124 2069 1336 2148; baseline 0 -18"><span class='ocrx_word' id='word_1_200' title='bbox 124 2069 216 2144; x_wconf 80' lang='lat' dir='ltr'>mine,</span> <span class='ocrx_word' id='word_1_201' title='bbox 231 2069 313 2130; x_wconf 89' lang='lat' dir='ltr'>etde</span> <span class='ocrx_word' id='word_1_202' title='bbox 327 2070 519 2148; x_wconf 89' lang='lat' dir='ltr'>permittendo</span> <span class='ocrx_word' id='word_1_203' title='bbox 532 2070 633 2148; x_wconf 77' lang='lat' dir='ltr'>lapsu3</span> <span class='ocrx_word' id='word_1_204' title='bbox 656 2071 723 2130; x_wconf 91' lang='lat' dir='ltr'>Non</span> <span class='ocrx_word' id='word_1_205' title='bbox 743 2070 874 2148; x_wconf 86' lang='lat' dir='ltr'>sequitur</span> <span class='ocrx_word' id='word_1_206' title='bbox 888 2070 983 2130; x_wconf 87' lang='lat' dir='ltr'>Deum</span> <span class='ocrx_word' id='word_1_207' title='bbox 996 2070 1106 2129; x_wconf 88' lang='lat' dir='ltr'>incerto</span> <span class='ocrx_word' id='word_1_208' title='bbox 1119 2069 1177 2128; x_wconf 89' lang='lat' dir='ltr'>fine</span> <span class='ocrx_word' id='word_1_209' title='bbox 1190 2070 1336 2130; x_wconf 90' lang='lat' dir='ltr'>hominem</span> 
     </span>
     <span class='ocr_line' id='line_1_23' title="bbox 125 2149 1334 2228; baseline -0.002 -18"><span class='ocrx_word' id='word_1_210' title='bbox 125 2149 314 2226; x_wconf 86' lang='lat' dir='ltr'>condidisee;</span> <span class='ocrx_word' id='word_1_211' title='bbox 336 2151 398 2210; x_wconf 84' lang='lat' dir='ltr'>Nec</span> <span class='ocrx_word' id='word_1_212' title='bbox 411 2150 489 2210; x_wconf 89' lang='lat' dir='ltr'>enim</span> <span class='ocrx_word' id='word_1_213' title='bbox 503 2151 528 2210; x_wconf 88' lang='lat' dir='ltr'>si</span> <span class='ocrx_word' id='word_1_214' title='bbox 542 2151 623 2210; x_wconf 80' lang='lat' dir='ltr'>Deus</span> <span class='ocrx_word' id='word_1_215' title='bbox 643 2171 696 2228; x_wconf 91' lang='lat' dir='ltr'>pro</span> <span class='ocrx_word' id='word_1_216' title='bbox 715 2149 773 2209; x_wconf 87' lang='lat' dir='ltr'>line</span> <span class='ocrx_word' id='word_1_217' title='bbox 789 2169 848 2208; x_wconf 90' lang='lat' dir='ltr'>non</span> <span class='ocrx_word' id='word_1_218' title='bbox 868 2150 970 2209; x_wconf 86' lang='lat' dir='ltr'>habuit</span> <span class='ocrx_word' id='word_1_219' title='bbox 990 2149 1210 2228; x_wconf 72' lang='lat' dir='ltr'>patefactionem</span> <span class='ocrx_word' id='word_1_220' title='bbox 1224 2149 1334 2208; x_wconf 85' lang='lat' dir='ltr'>miseri-</span> 
     </span>
     <span class='ocr_line' id='line_1_24' title="bbox 125 2228 1335 2309; baseline 0.001 -21"><span class='ocrx_word' id='word_1_221' title='bbox 125 2229 238 2288; x_wconf 68' lang='lat' dir='ltr'>cordie</span> <span class='ocrx_word' id='word_1_222' title='bbox 251 2239 283 2289; x_wconf 85' lang='lat' dir='ltr'>et</span> <span class='ocrx_word' id='word_1_223' title='bbox 299 2230 421 2309; x_wconf 73' lang='lat' dir='ltr'>justitiae</span> <span class='ocrx_word' id='word_1_224' title='bbox 441 2230 472 2290; x_wconf 90' lang='lat' dir='ltr'>iu</span> <span class='ocrx_word' id='word_1_225' title='bbox 491 2231 583 2290; x_wconf 77' lang='lat' dir='ltr'>sdute</span> <span class='ocrx_word' id='word_1_226' title='bbox 596 2231 645 2289; x_wconf 86' lang='lat' dir='ltr'>vel</span> <span class='ocrx_word' id='word_1_227' title='bbox 659 2230 851 2306; x_wconf 69' lang='lat' dir='ltr'>damnatione,</span> <span class='ocrx_word' id='word_1_228' title='bbox 867 2230 945 2289; x_wconf 92' lang='lat' dir='ltr'>illico</span> <span class='ocrx_word' id='word_1_229' title='bbox 960 2228 1114 2289; x_wconf 88' lang='lat' dir='ltr'>dicendum</span> <span class='ocrx_word' id='word_1_230' title='bbox 1127 2238 1172 2288; x_wconf 89' lang='lat' dir='ltr'>est</span> <span class='ocrx_word' id='word_1_231' title='bbox 1186 2229 1265 2288; x_wconf 89' lang='lat' dir='ltr'>omni</span> <span class='ocrx_word' id='word_1_232' title='bbox 1277 2229 1335 2290; x_wconf 86' lang='lat' dir='ltr'>fine</span> 
     </span>
     <span class='ocr_line' id='line_1_25' title="bbox 125 2309 1336 2388; baseline 0.002 -20"><span class='ocrx_word' id='word_1_233' title='bbox 125 2309 276 2386; x_wconf 60' lang='lat' dir='ltr'>eundem</span> <span class='ocrx_word' id='word_1_234' title='bbox 300 2309 402 2387; x_wconf 90' lang='lat' dir='ltr'>quidni</span> <span class='ocrx_word' id='word_1_235' title='bbox 422 2310 499 2370; x_wconf 88' lang='lat' dir='ltr'>enim</span> <span class='ocrx_word' id='word_1_236' title='bbox 520 2310 602 2370; x_wconf 88' lang='lat' dir='ltr'>Deus</span> <span class='ocrx_word' id='word_1_237' title='bbox 621 2310 652 2368; x_wconf 91' lang='lat' dir='ltr'>in</span> <span class='ocrx_word' id='word_1_238' title='bbox 672 2319 795 2388; x_wconf 84' lang='lat' dir='ltr'>utroquo</span> <span class='ocrx_word' id='word_1_239' title='bbox 817 2309 938 2387; x_wconf 81' lang='lat' dir='ltr'>gloriam</span> <span class='ocrx_word' id='word_1_240' title='bbox 961 2329 1043 2370; x_wconf 86' lang='lat' dir='ltr'>suam</span> <span class='ocrx_word' id='word_1_241' title='bbox 1067 2309 1228 2387; x_wconf 78' lang='lat' dir='ltr'>patefecere</span> <span class='ocrx_word' id='word_1_242' title='bbox 1242 2309 1336 2370; x_wconf 86' lang='lat' dir='ltr'>voluit</span> 
     </span>
     <span class='ocr_line' id='line_1_26' title="bbox 122 2389 1336 2468; baseline 0.002 -21"><span class='ocrx_word' id='word_1_243' title='bbox 122 2408 183 2468; x_wconf 85' lang='lat' dir='ltr'>per</span> <span class='ocrx_word' id='word_1_244' title='bbox 192 2389 363 2448; x_wconf 83' lang='lat' dir='ltr'>exercitium</span> <span class='ocrx_word' id='word_1_245' title='bbox 373 2390 494 2450; x_wconf 86' lang='lat' dir='ltr'>aliorum</span> <span class='ocrx_word' id='word_1_246' title='bbox 507 2389 719 2466; x_wconf 73' lang='lat' dir='ltr'>attributorum,</span> <span class='ocrx_word' id='word_1_247' title='bbox 734 2390 879 2468; x_wconf 77' lang='lat' dir='ltr'>potentin,</span> <span class='ocrx_word' id='word_1_248' title='bbox 891 2389 1047 2468; x_wconf 72' lang='lat' dir='ltr'>sapientie,</span> <span class='ocrx_word' id='word_1_249' title='bbox 1063 2398 1093 2448; x_wconf 88' lang='lat' dir='ltr'>et</span> <span class='ocrx_word' id='word_1_250' title='bbox 1107 2389 1252 2466; x_wconf 67' lang='lat' dir='ltr'>bonitatis,</span> <span class='ocrx_word' id='word_1_251' title='bbox 1267 2389 1336 2450; x_wconf 89' lang='lat' dir='ltr'>lieet</span> 
     </span>
     <span class='ocr_line' id='line_1_27' title="bbox 125 2469 1336 2548; baseline 0.002 -21"><span class='ocrx_word' id='word_1_252' title='bbox 125 2488 190 2528; x_wconf 87' lang='lat' dir='ltr'>non</span> <span class='ocrx_word' id='word_1_253' title='bbox 211 2470 372 2547; x_wconf 77' lang='lat' dir='ltr'>respexerit</span> <span class='ocrx_word' id='word_1_254' title='bbox 394 2469 489 2530; x_wconf 81' lang='lat' dir='ltr'>adhuc</span> <span class='ocrx_word' id='word_1_255' title='bbox 510 2469 547 2528; x_wconf 88' lang='lat' dir='ltr'>ed</span> <span class='ocrx_word' id='word_1_256' title='bbox 570 2469 795 2528; x_wconf 85' lang='lat' dir='ltr'>misericordiam</span> <span class='ocrx_word' id='word_1_257' title='bbox 817 2478 847 2529; x_wconf 90' lang='lat' dir='ltr'>et</span> <span class='ocrx_word' id='word_1_258' title='bbox 866 2469 1019 2547; x_wconf 83' lang='lat' dir='ltr'>justitiam,</span> <span class='ocrx_word' id='word_1_259' title='bbox 1041 2469 1110 2548; x_wconf 85' lang='lat' dir='ltr'>quia</span> <span class='ocrx_word' id='word_1_260' title='bbox 1131 2469 1260 2528; x_wconf 91' lang='lat' dir='ltr'>nondum</span> <span class='ocrx_word' id='word_1_261' title='bbox 1274 2477 1336 2529; x_wconf 83' lang='lat' dir='ltr'>eret</span> 
     </span>
     <span class='ocr_line' id='line_1_28' title="bbox 122 2548 1335 2628; baseline 0 -20"><span class='ocrx_word' id='word_1_262' title='bbox 122 2567 231 2608; x_wconf 83' lang='lat' dir='ltr'>eurum</span> <span class='ocrx_word' id='word_1_263' title='bbox 252 2549 398 2627; x_wconf 88' lang='lat' dir='ltr'>objectum</span> <span class='ocrx_word' id='word_1_264' title='bbox 419 2549 617 2608; x_wconf 70' lang='lat' dir='ltr'>constitutum.</span> <span class='ocrx_word' id='word_1_265' title='bbox 659 2549 741 2608; x_wconf 87' lang='lat' dir='ltr'>Finis</span> <span class='ocrx_word' id='word_1_266' title='bbox 762 2569 833 2628; x_wconf 80' lang='lat' dir='ltr'>ergo</span> <span class='ocrx_word' id='word_1_267' title='bbox 855 2557 973 2628; x_wconf 87' lang='lat' dir='ltr'>propter</span> <span class='ocrx_word' id='word_1_268' title='bbox 993 2569 1080 2626; x_wconf 90' lang='lat' dir='ltr'>quem</span> <span class='ocrx_word' id='word_1_269' title='bbox 1103 2549 1184 2609; x_wconf 88' lang='lat' dir='ltr'>Deus</span> <span class='ocrx_word' id='word_1_270' title='bbox 1206 2548 1335 2610; x_wconf 83' lang='lat' dir='ltr'>decrevit</span> 
     </span>
     <span class='ocr_line' id='line_1_29' title="bbox 123 2628 1335 2708; baseline 0.001 -21"><span class='ocrx_word' id='word_1_271' title='bbox 123 2629 278 2688; x_wconf 80' lang='lat' dir='ltr'>hominem</span> <span class='ocrx_word' id='word_1_272' title='bbox 292 2648 397 2704; x_wconf 87' lang='lat' dir='ltr'>creare,</span> <span class='ocrx_word' id='word_1_273' title='bbox 411 2638 442 2689; x_wconf 90' lang='lat' dir='ltr'>et</span> <span class='ocrx_word' id='word_1_274' title='bbox 460 2628 574 2706; x_wconf 87' lang='lat' dir='ltr'>lapsum</span> <span class='ocrx_word' id='word_1_275' title='bbox 588 2630 652 2706; x_wconf 87' lang='lat' dir='ltr'>ejus</span> <span class='ocrx_word' id='word_1_276' title='bbox 671 2629 844 2706; x_wconf 84' lang='lat' dir='ltr'>permittere,</span> <span class='ocrx_word' id='word_1_277' title='bbox 859 2649 918 2689; x_wconf 93' lang='lat' dir='ltr'>non</span> <span class='ocrx_word' id='word_1_278' title='bbox 931 2628 987 2689; x_wconf 86' lang='lat' dir='ltr'>luit</span> <span class='ocrx_word' id='word_1_279' title='bbox 999 2629 1193 2688; x_wconf 84' lang='lat' dir='ltr'>manifestatio</span> <span class='ocrx_word' id='word_1_280' title='bbox 1212 2630 1335 2708; x_wconf 75' lang='lat' dir='ltr'>justitie</span> 
     </span>
     <span class='ocr_line' id='line_1_30' title="bbox 124 2707 1333 2786; baseline -0.001 -18"><span class='ocrx_word' id='word_1_281' title='bbox 124 2715 161 2768; x_wconf 82' lang='lat' dir='ltr'>et</span> <span class='ocrx_word' id='word_1_282' title='bbox 181 2707 385 2767; x_wconf 82' lang='lat' dir='ltr'>misericordiae</span> <span class='ocrx_word' id='word_1_283' title='bbox 405 2709 436 2767; x_wconf 90' lang='lat' dir='ltr'>iu</span> <span class='ocrx_word' id='word_1_284' title='bbox 450 2709 542 2768; x_wconf 85' lang='lat' dir='ltr'>salute</span> <span class='ocrx_word' id='word_1_285' title='bbox 556 2717 586 2768; x_wconf 88' lang='lat' dir='ltr'>et</span> <span class='ocrx_word' id='word_1_286' title='bbox 599 2707 783 2768; x_wconf 82' lang='lat' dir='ltr'>dsmuatione</span> <span class='ocrx_word' id='word_1_287' title='bbox 796 2708 945 2770; x_wconf 89' lang='lat' dir='ltr'>hominum</span> <span class='ocrx_word' id='word_1_288' title='bbox 959 2728 997 2768; x_wconf 85' lang='lat' dir='ltr'>ex</span> <span class='ocrx_word' id='word_1_289' title='bbox 1011 2710 1127 2769; x_wconf 87' lang='lat' dir='ltr'>decreto</span> <span class='ocrx_word' id='word_1_290' title='bbox 1146 2710 1333 2786; x_wconf 72' lang='lat' dir='ltr'>predestina-</span> 
     </span>
     <span class='ocr_line' id='line_1_31' title="bbox 123 2786 1333 2866; baseline -0.002 -18"><span class='ocrx_word' id='word_1_291' title='bbox 123 2787 227 2862; x_wconf 85' lang='lat' dir='ltr'>tionis,</span> <span class='ocrx_word' id='word_1_292' title='bbox 242 2789 323 2865; x_wconf 90' lang='lat' dir='ltr'>quod</span> <span class='ocrx_word' id='word_1_293' title='bbox 334 2788 435 2848; x_wconf 89' lang='lat' dir='ltr'>ordine</span> <span class='ocrx_word' id='word_1_294' title='bbox 448 2797 567 2862; x_wconf 79' lang='lat' dir='ltr'>naturae,</span> <span class='ocrx_word' id='word_1_295' title='bbox 581 2796 612 2846; x_wconf 90' lang='lat' dir='ltr'>et</span> <span class='ocrx_word' id='word_1_296' title='bbox 629 2787 660 2846; x_wconf 91' lang='lat' dir='ltr'>in</span> <span class='ocrx_word' id='word_1_297' title='bbox 673 2788 757 2865; x_wconf 85' lang='lat' dir='ltr'>signo</span> <span class='ocrx_word' id='word_1_298' title='bbox 770 2787 890 2847; x_wconf 78' lang='lat' dir='ltr'>ustionis</span> <span class='ocrx_word' id='word_1_299' title='bbox 903 2797 948 2848; x_wconf 90' lang='lat' dir='ltr'>est</span> <span class='ocrx_word' id='word_1_300' title='bbox 961 2807 996 2847; x_wconf 90' lang='lat' dir='ltr'>eo</span> <span class='ocrx_word' id='word_1_301' title='bbox 1010 2790 1161 2864; x_wconf 88' lang='lat' dir='ltr'>posteriue,</span> <span class='ocrx_word' id='word_1_302' title='bbox 1179 2786 1248 2866; x_wconf 89' lang='lat' dir='ltr'>(nisi</span> <span class='ocrx_word' id='word_1_303' title='bbox 1261 2789 1333 2848; x_wconf 83' lang='lat' dir='ltr'>reli-</span> 
     </span>
     <span class='ocr_line' id='line_1_32' title="bbox 123 2866 1334 2946; baseline 0.001 -19"><span class='ocrx_word' id='word_1_304' title='bbox 123 2887 196 2927; x_wconf 85' lang='lat' dir='ltr'>mus</span> <span class='ocrx_word' id='word_1_305' title='bbox 211 2867 307 2927; x_wconf 86' lang='lat' dir='ltr'>Deum</span> <span class='ocrx_word' id='word_1_306' title='bbox 328 2867 420 2946; x_wconf 87' lang='lat' dir='ltr'>primo</span> <span class='ocrx_word' id='word_1_307' title='bbox 440 2869 584 2944; x_wconf 83' lang='lat' dir='ltr'>cogitasse</span> <span class='ocrx_word' id='word_1_308' title='bbox 604 2867 641 2926; x_wconf 90' lang='lat' dir='ltr'>de</span> <span class='ocrx_word' id='word_1_309' title='bbox 662 2887 747 2945; x_wconf 86' lang='lat' dir='ltr'>opere</span> <span class='ocrx_word' id='word_1_310' title='bbox 766 2866 928 2942; x_wconf 87' lang='lat' dir='ltr'>reficiendo,</span> <span class='ocrx_word' id='word_1_311' title='bbox 944 2887 1029 2944; x_wconf 86' lang='lat' dir='ltr'>quam</span> <span class='ocrx_word' id='word_1_312' title='bbox 1049 2868 1221 2945; x_wconf 81' lang='lat' dir='ltr'>cogitaverit</span> <span class='ocrx_word' id='word_1_313' title='bbox 1241 2867 1278 2927; x_wconf 88' lang='lat' dir='ltr'>de</span> <span class='ocrx_word' id='word_1_314' title='bbox 1299 2888 1334 2928; x_wconf 92' lang='lat' dir='ltr'>ee</span> 
     </span>
     <span class='ocr_line' id='line_1_33' title="bbox 122 2945 1333 3025; baseline -0.001 -17"><span class='ocrx_word' id='word_1_315' title='bbox 122 2945 318 3020; x_wconf 66' lang='lat' dir='ltr'>eouficiendu</span> <span class='ocrx_word' id='word_1_316' title='bbox 334 2947 413 3008; x_wconf 91' lang='lat' dir='ltr'>etde</span> <span class='ocrx_word' id='word_1_317' title='bbox 427 2946 499 3025; x_wconf 75' lang='lat' dir='ltr'>agri</span> <span class='ocrx_word' id='word_1_318' title='bbox 518 2946 673 3022; x_wconf 85' lang='lat' dir='ltr'>curatione,</span> <span class='ocrx_word' id='word_1_319' title='bbox 688 2955 843 3022; x_wconf 73' lang='lat' dir='ltr'>antequem</span> <span class='ocrx_word' id='word_1_320' title='bbox 856 2945 893 3005; x_wconf 88' lang='lat' dir='ltr'>de</span> <span class='ocrx_word' id='word_1_321' title='bbox 911 2947 1012 3004; x_wconf 88' lang='lat' dir='ltr'>morbo</span> <span class='ocrx_word' id='word_1_322' title='bbox 1025 2947 1180 3023; x_wconf 89' lang='lat' dir='ltr'>quicquam</span> <span class='ocrx_word' id='word_1_323' title='bbox 1194 2948 1333 3008; x_wconf 88' lang='lat' dir='ltr'>eonstitu-</span> 
     </span>
     <span class='ocr_line' id='line_1_34' title="bbox 124 3023 1333 3106; baseline -0.002 -19"><span class='ocrx_word' id='word_1_324' title='bbox 124 3026 215 3106; x_wconf 78' lang='lat' dir='ltr'>erit3)</span> <span class='ocrx_word' id='word_1_325' title='bbox 236 3026 289 3086; x_wconf 87' lang='lat' dir='ltr'>sed</span> <span class='ocrx_word' id='word_1_326' title='bbox 308 3027 364 3086; x_wconf 88' lang='lat' dir='ltr'>fuit</span> <span class='ocrx_word' id='word_1_327' title='bbox 377 3026 606 3101; x_wconf 83' lang='lat' dir='ltr'>communicatio,</span> <span class='ocrx_word' id='word_1_328' title='bbox 622 3035 651 3085; x_wconf 90' lang='lat' dir='ltr'>et</span> <span class='ocrx_word' id='word_1_329' title='bbox 664 3025 746 3084; x_wconf 83' lang='lat' dir='ltr'>velut</span> <span class='ocrx_word' id='word_1_330' title='bbox 758 3023 856 3090; x_wconf 65' lang='grc' dir='ltr'>ἔκτισας</span> <span class='ocrx_word' id='word_1_331' title='bbox 877 3025 1021 3103; x_wconf 84' lang='lat' dir='ltr'>potentiae,</span> <span class='ocrx_word' id='word_1_332' title='bbox 1037 3025 1193 3102; x_wconf 83' lang='lat' dir='ltr'>sapientise,</span> <span class='ocrx_word' id='word_1_333' title='bbox 1208 3035 1238 3085; x_wconf 89' lang='lat' dir='ltr'>et</span> <span class='ocrx_word' id='word_1_334' title='bbox 1251 3027 1333 3086; x_wconf 90' lang='lat' dir='ltr'>boni·</span> 
     </span>
     <span class='ocr_line' id='line_1_35' title="bbox 123 3103 1333 3246; baseline -0.002 -79"><span class='ocrx_word' id='word_1_335' title='bbox 123 3108 200 3246; x_wconf 55' lang='lat' dir='ltr'>zu&#39;s</span> <span class='ocrx_word' id='word_1_336' title='bbox 214 3107 367 3182; x_wconf 62' lang='lat' dir='ltr'>&amp;ertone</span> <span class='ocrx_word' id='word_1_337' title='bbox 406 3127 452 3166; x_wconf 82' lang='lat' dir='ltr'>ure</span> <span class='ocrx_word' id='word_1_338' title='bbox 472 3116 535 3166; x_wconf 86' lang='lat' dir='ltr'>tum</span> <span class='ocrx_word' id='word_1_339' title='bbox 555 3107 586 3164; x_wconf 93' lang='lat' dir='ltr'>in</span> <span class='ocrx_word' id='word_1_340' title='bbox 606 3105 751 3164; x_wconf 73' lang='lat' dir='ltr'>mentione</span> <span class='ocrx_word' id='word_1_341' title='bbox 771 3103 905 3177; x_wconf 88' lang='lat' dir='ltr'>hominis,</span> <span class='ocrx_word' id='word_1_342' title='bbox 922 3103 971 3162; x_wconf 89' lang='lat' dir='ltr'>Pe.</span> <span class='ocrx_word' id='word_1_343' title='bbox 985 3104 1047 3162; x_wconf 84' lang='lat' dir='ltr'>viii.</span> <span class='ocrx_word' id='word_1_344' title='bbox 1062 3107 1090 3179; x_wconf 80' lang='lat'>5,</span> <span class='ocrx_word' id='word_1_345' title='bbox 1107 3107 1134 3178; x_wconf 83' lang='grc'>6,</span> <span class='ocrx_word' id='word_1_346' title='bbox 1149 3113 1212 3162; x_wconf 89' lang='lat' dir='ltr'>tum</span> <span class='ocrx_word' id='word_1_347' title='bbox 1225 3104 1256 3162; x_wconf 89' lang='lat' dir='ltr'>in</span> <span class='ocrx_word' id='word_1_348' title='bbox 1269 3104 1333 3182; x_wconf 89' lang='lat' dir='ltr'>ejus</span> 
     </span>
    </p>

    <p class='ocr_par' dir='ltr' id='par_1_9' title="bbox 117 3181 1336 3982">
     <span class='ocr_line' id='line_1_36' title="bbox 158 3181 1332 3264; baseline -0.002 -20"><span class='ocrx_word' id='word_1_349' title='bbox 158 3207 216 3264; x_wconf 82' lang='lat' dir='ltr'>psa</span> <span class='ocrx_word' id='word_1_350' title='bbox 228 3185 367 3246; x_wconf 83' lang='lat' dir='ltr'>diversim</span> <span class='ocrx_word' id='word_1_351' title='bbox 406 3206 422 3246; x_wconf 90' lang='lat' dir='ltr'>e</span> <span class='ocrx_word' id='word_1_352' title='bbox 436 3187 623 3259; x_wconf 86' lang='lat' dir='ltr'>emicuerunt,</span> <span class='ocrx_word' id='word_1_353' title='bbox 645 3183 725 3261; x_wconf 87' lang='lat' dir='ltr'>quod</span> <span class='ocrx_word' id='word_1_354' title='bbox 744 3183 878 3242; x_wconf 89' lang='lat' dir='ltr'>ultimum</span> <span class='ocrx_word' id='word_1_355' title='bbox 898 3182 954 3242; x_wconf 82' lang='lat' dir='ltr'>luit</span> <span class='ocrx_word' id='word_1_356' title='bbox 974 3181 1049 3242; x_wconf 81' lang='lat' dir='ltr'>intre</span> <span class='ocrx_word' id='word_1_357' title='bbox 1062 3192 1172 3242; x_wconf 71' lang='lat' dir='ltr'>natura</span> <span class='ocrx_word' id='word_1_358' title='bbox 1186 3183 1332 3261; x_wconf 82' lang='lat' dir='ltr'>terminos,</span> 
     </span>
     <span class='ocr_line' id='line_1_37' title="bbox 117 3263 1335 3342; baseline -0.002 -16"><span class='ocrx_word' id='word_1_359' title='bbox 117 3275 161 3326; x_wconf 69' lang='lat' dir='ltr'>et</span> <span class='ocrx_word' id='word_1_360' title='bbox 174 3267 204 3324; x_wconf 91' lang='lat' dir='ltr'>in</span> <span class='ocrx_word' id='word_1_361' title='bbox 218 3265 271 3324; x_wconf 90' lang='lat' dir='ltr'>tali</span> <span class='ocrx_word' id='word_1_362' title='bbox 284 3287 379 3326; x_wconf 90' lang='lat' dir='ltr'>rerum</span> <span class='ocrx_word' id='word_1_363' title='bbox 392 3265 503 3325; x_wconf 89' lang='lat' dir='ltr'>ordine.</span> <span class='ocrx_word' id='word_1_364' title='bbox 545 3264 588 3324; x_wconf 85' lang='lat' dir='ltr'>At</span> <span class='ocrx_word' id='word_1_365' title='bbox 600 3273 754 3342; x_wconf 83' lang='lat' dir='ltr'>postquam</span> <span class='ocrx_word' id='word_1_366' title='bbox 767 3263 845 3322; x_wconf 91' lang='lat' dir='ltr'>hunc</span> <span class='ocrx_word' id='word_1_367' title='bbox 858 3263 988 3322; x_wconf 89' lang='lat' dir='ltr'>ordinem</span> <span class='ocrx_word' id='word_1_368' title='bbox 1002 3271 1151 3340; x_wconf 74' lang='lat' dir='ltr'>peccatum</span> <span class='ocrx_word' id='word_1_369' title='bbox 1166 3264 1292 3342; x_wconf 90' lang='lat' dir='ltr'>corrupit</span> <span class='ocrx_word' id='word_1_370' title='bbox 1305 3273 1335 3324; x_wconf 89' lang='lat' dir='ltr'>et</span> 
     </span>
     <span class='ocr_line' id='line_1_38' title="bbox 126 3342 1333 3424; baseline -0.002 -19"><span class='ocrx_word' id='word_1_371' title='bbox 126 3345 319 3424; x_wconf 85' lang='lat' dir='ltr'>perturbevit,</span> <span class='ocrx_word' id='word_1_372' title='bbox 336 3347 417 3406; x_wconf 91' lang='lat' dir='ltr'>Deus</span> <span class='ocrx_word' id='word_1_373' title='bbox 429 3345 481 3422; x_wconf 90' lang='lat' dir='ltr'>qui</span> <span class='ocrx_word' id='word_1_374' title='bbox 494 3365 532 3404; x_wconf 86' lang='lat' dir='ltr'>ex</span> <span class='ocrx_word' id='word_1_375' title='bbox 545 3344 673 3404; x_wconf 88' lang='lat' dir='ltr'>tenebris</span> <span class='ocrx_word' id='word_1_376' title='bbox 686 3345 789 3418; x_wconf 87' lang='lat' dir='ltr'>lucem,</span> <span class='ocrx_word' id='word_1_377' title='bbox 805 3352 835 3403; x_wconf 90' lang='lat' dir='ltr'>et</span> <span class='ocrx_word' id='word_1_378' title='bbox 846 3342 955 3402; x_wconf 87' lang='lat' dir='ltr'>bonum</span> <span class='ocrx_word' id='word_1_379' title='bbox 966 3362 1004 3401; x_wconf 80' lang='lat' dir='ltr'>ex</span> <span class='ocrx_word' id='word_1_380' title='bbox 1013 3343 1090 3402; x_wconf 90' lang='lat' dir='ltr'>malo</span> <span class='ocrx_word' id='word_1_381' title='bbox 1100 3342 1187 3418; x_wconf 87' lang='lat' dir='ltr'>elicit,</span> <span class='ocrx_word' id='word_1_382' title='bbox 1202 3343 1333 3422; x_wconf 77' lang='lat' dir='ltr'>redemp—</span> 
     </span>
     <span class='ocr_line' id='line_1_39' title="bbox 126 3423 1334 3503; baseline -0.002 -17"><span class='ocrx_word' id='word_1_383' title='bbox 126 3425 218 3486; x_wconf 73' lang='lat' dir='ltr'>n&#39;onis</span> <span class='ocrx_word' id='word_1_384' title='bbox 232 3445 305 3503; x_wconf 88' lang='lat' dir='ltr'>opus</span> <span class='ocrx_word' id='word_1_385' title='bbox 324 3426 458 3500; x_wconf 82' lang='lat' dir='ltr'>instituit,</span> <span class='ocrx_word' id='word_1_386' title='bbox 474 3443 532 3484; x_wconf 92' lang='lat' dir='ltr'>non</span> <span class='ocrx_word' id='word_1_387' title='bbox 546 3424 603 3482; x_wconf 82' lang='lat' dir='ltr'>alio</span> <span class='ocrx_word' id='word_1_388' title='bbox 623 3423 689 3499; x_wconf 89' lang='lat' dir='ltr'>fine,</span> <span class='ocrx_word' id='word_1_389' title='bbox 709 3443 796 3501; x_wconf 80' lang='lat' dir='ltr'>quam</span> <span class='ocrx_word' id='word_1_390' title='bbox 810 3431 844 3482; x_wconf 91' lang='lat' dir='ltr'>ut</span> <span class='ocrx_word' id='word_1_391' title='bbox 863 3423 894 3480; x_wconf 93' lang='lat' dir='ltr'>in</span> <span class='ocrx_word' id='word_1_392' title='bbox 907 3423 965 3482; x_wconf 90' lang='lat' dir='ltr'>alio</span> <span class='ocrx_word' id='word_1_393' title='bbox 978 3443 1072 3482; x_wconf 89' lang='lat' dir='ltr'>rerum</span> <span class='ocrx_word' id='word_1_394' title='bbox 1087 3423 1196 3500; x_wconf 88' lang='lat' dir='ltr'>ordine,</span> <span class='ocrx_word' id='word_1_395' title='bbox 1211 3423 1334 3485; x_wconf 86' lang='lat' dir='ltr'>virtutes</span> 
     </span>
     <span class='ocr_line' id='line_1_40' title="bbox 125 3502 1332 3582; baseline -0.001 -17"><span class='ocrx_word' id='word_1_396' title='bbox 125 3505 256 3580; x_wconf 68' lang='lat' dir='ltr'>nedem,</span> <span class='ocrx_word' id='word_1_397' title='bbox 270 3513 380 3564; x_wconf 87' lang='lat' dir='ltr'>etcum</span> <span class='ocrx_word' id='word_1_398' title='bbox 401 3505 459 3564; x_wconf 87' lang='lat' dir='ltr'>illia</span> <span class='ocrx_word' id='word_1_399' title='bbox 472 3503 697 3562; x_wconf 85' lang='lat' dir='ltr'>misericordiam</span> <span class='ocrx_word' id='word_1_400' title='bbox 711 3513 741 3562; x_wconf 89' lang='lat' dir='ltr'>et</span> <span class='ocrx_word' id='word_1_401' title='bbox 758 3502 901 3580; x_wconf 80' lang='lat' dir='ltr'>justitium</span> <span class='ocrx_word' id='word_1_402' title='bbox 922 3503 1153 3580; x_wconf 79' lang='lat' dir='ltr'>magnificentius</span> <span class='ocrx_word' id='word_1_403' title='bbox 1167 3513 1332 3582; x_wconf 75' lang='lat' dir='ltr'>ostentaret,</span> 
     </span>
     <span class='ocr_line' id='line_1_41' title="bbox 126 3581 1332 3662; baseline 0 -18"><span class='ocrx_word' id='word_1_404' title='bbox 126 3594 160 3645; x_wconf 86' lang='lat' dir='ltr'>et</span> <span class='ocrx_word' id='word_1_405' title='bbox 172 3585 299 3644; x_wconf 80' lang='lat' dir='ltr'>velutin</span> <span class='ocrx_word' id='word_1_406' title='bbox 312 3584 405 3662; x_wconf 82' lang='lat' dir='ltr'>gradu</span> <span class='ocrx_word' id='word_1_407' title='bbox 420 3603 549 3660; x_wconf 87' lang='lat' dir='ltr'>summo;</span> <span class='ocrx_word' id='word_1_408' title='bbox 571 3582 619 3642; x_wconf 87' lang='lat' dir='ltr'>oui</span> <span class='ocrx_word' id='word_1_409' title='bbox 638 3583 690 3641; x_wconf 88' lang='lat' dir='ltr'>fini</span> <span class='ocrx_word' id='word_1_410' title='bbox 710 3582 841 3643; x_wconf 86' lang='lat' dir='ltr'>serviunt</span> <span class='ocrx_word' id='word_1_411' title='bbox 853 3581 956 3658; x_wconf 84' lang='lat' dir='ltr'>medie,</span> <span class='ocrx_word' id='word_1_412' title='bbox 972 3603 1030 3642; x_wconf 91' lang='lat' dir='ltr'>non</span> <span class='ocrx_word' id='word_1_413' title='bbox 1045 3584 1167 3660; x_wconf 73' lang='lat' dir='ltr'>creato,</span> <span class='ocrx_word' id='word_1_414' title='bbox 1182 3604 1248 3662; x_wconf 81' lang='lat' dir='ltr'>quse</span> <span class='ocrx_word' id='word_1_415' title='bbox 1262 3585 1332 3644; x_wconf 82' lang='lat' dir='ltr'>elte-</span> 
     </span>
     <span class='ocr_line' id='line_1_42' title="bbox 126 3662 1334 3741; baseline -0.001 -17"><span class='ocrx_word' id='word_1_416' title='bbox 126 3665 190 3724; x_wconf 88' lang='lat' dir='ltr'>rius</span> <span class='ocrx_word' id='word_1_417' title='bbox 202 3675 250 3724; x_wconf 88' lang='lat' dir='ltr'>est</span> <span class='ocrx_word' id='word_1_418' title='bbox 263 3665 378 3741; x_wconf 73' lang='lat' dir='ltr'>genens</span> <span class='ocrx_word' id='word_1_419' title='bbox 391 3670 421 3724; x_wconf 90' lang='lat' dir='ltr'>et</span> <span class='ocrx_word' id='word_1_420' title='bbox 434 3663 552 3736; x_wconf 88' lang='lat' dir='ltr'>ordinis,</span> <span class='ocrx_word' id='word_1_421' title='bbox 566 3681 626 3721; x_wconf 92' lang='lat' dir='ltr'>non</span> <span class='ocrx_word' id='word_1_422' title='bbox 638 3663 745 3741; x_wconf 83' lang='lat' dir='ltr'>lapsus,</span> <span class='ocrx_word' id='word_1_423' title='bbox 761 3662 811 3740; x_wconf 90' lang='lat' dir='ltr'>qui</span> <span class='ocrx_word' id='word_1_424' title='bbox 832 3663 944 3722; x_wconf 87' lang='lat' dir='ltr'>occasio</span> <span class='ocrx_word' id='word_1_425' title='bbox 958 3672 1069 3723; x_wconf 87' lang='lat' dir='ltr'>tantum</span> <span class='ocrx_word' id='word_1_426' title='bbox 1084 3663 1138 3723; x_wconf 78' lang='lat' dir='ltr'>fnit</span> <span class='ocrx_word' id='word_1_427' title='bbox 1152 3664 1334 3723; x_wconf 84' lang='lat' dir='ltr'>etterminus</span> 
     </span>
     <span class='ocr_line' id='line_1_43' title="bbox 126 3741 1335 3823; baseline -0.001 -20"><span class='ocrx_word' id='word_1_428' title='bbox 126 3763 148 3803; x_wconf 75' lang='lat' dir='ltr'>s</span> <span class='ocrx_word' id='word_1_429' title='bbox 166 3764 226 3823; x_wconf 89' lang='lat' dir='ltr'>quo</span> <span class='ocrx_word' id='word_1_430' title='bbox 240 3745 322 3804; x_wconf 90' lang='lat' dir='ltr'>Deus</span> <span class='ocrx_word' id='word_1_431' title='bbox 343 3744 495 3804; x_wconf 89' lang='lat' dir='ltr'>consilium</span> <span class='ocrx_word' id='word_1_432' title='bbox 516 3743 618 3802; x_wconf 63' lang='lat' dir='ltr'>muti·</span> <span class='ocrx_word' id='word_1_433' title='bbox 637 3742 762 3820; x_wconf 86' lang='lat' dir='ltr'>incepit:</span> <span class='ocrx_word' id='word_1_434' title='bbox 783 3741 835 3801; x_wconf 88' lang='lat' dir='ltr'>sed</span> <span class='ocrx_word' id='word_1_435' title='bbox 854 3741 949 3802; x_wconf 78' lang='lat' dir='ltr'>foedus</span> <span class='ocrx_word' id='word_1_436' title='bbox 969 3743 1079 3820; x_wconf 69' lang='lat' dir='ltr'>gratiae</span> <span class='ocrx_word' id='word_1_437' title='bbox 1100 3741 1201 3801; x_wconf 88' lang='lat' dir='ltr'>missio</span> <span class='ocrx_word' id='word_1_438' title='bbox 1217 3742 1285 3800; x_wconf 83' lang='lat' dir='ltr'>Filii</span> <span class='ocrx_word' id='word_1_439' title='bbox 1305 3751 1335 3802; x_wconf 90' lang='lat' dir='ltr'>et</span> 
     </span>
     <span class='ocr_line' id='line_1_44' title="bbox 130 3820 1336 3902; baseline -0.001 -20"><span class='ocrx_word' id='word_1_440' title='bbox 130 3823 257 3902; x_wconf 77' lang='lat' dir='ltr'>Spiritus</span> <span class='ocrx_word' id='word_1_441' title='bbox 273 3823 381 3900; x_wconf 86' lang='lat' dir='ltr'>Sancti,</span> <span class='ocrx_word' id='word_1_442' title='bbox 395 3823 563 3900; x_wconf 87' lang='lat' dir='ltr'>redemptio,</span> <span class='ocrx_word' id='word_1_443' title='bbox 578 3823 702 3896; x_wconf 83' lang='lat' dir='ltr'>vocetio,</span> <span class='ocrx_word' id='word_1_444' title='bbox 718 3820 783 3897; x_wconf 76' lang='lat' dir='ltr'>Sco,</span> <span class='ocrx_word' id='word_1_445' title='bbox 798 3843 862 3899; x_wconf 85' lang='lat' dir='ltr'>quea</span> <span class='ocrx_word' id='word_1_446' title='bbox 876 3841 934 3880; x_wconf 91' lang='grc' dir='ltr'><strong>ιιοιι</strong></span> <span class='ocrx_word' id='word_1_447' title='bbox 948 3821 986 3879; x_wconf 83' lang='lat' dir='ltr'>sd</span> <span class='ocrx_word' id='word_1_448' title='bbox 1005 3821 1135 3880; x_wconf 88' lang='lat' dir='ltr'>ordinem</span> <span class='ocrx_word' id='word_1_449' title='bbox 1148 3829 1267 3896; x_wconf 76' lang='lat' dir='ltr'>nature,</span> <span class='ocrx_word' id='word_1_450' title='bbox 1284 3821 1336 3881; x_wconf 82' lang='lat' dir='ltr'>sed</span> 
     </span>
     <span class='ocr_line' id='line_1_45' title="bbox 129 3901 1084 3982; baseline -0.005 -20"><span class='ocrx_word' id='word_1_451' title='bbox 129 3903 167 3962; x_wconf 76' lang='lat' dir='ltr'>nd</span> <span class='ocrx_word' id='word_1_452' title='bbox 181 3903 359 3982; x_wconf 87' lang='lat' dir='ltr'>superiorem</span> <span class='ocrx_word' id='word_1_453' title='bbox 371 3912 401 3963; x_wconf 88' lang='lat' dir='ltr'>et</span> <span class='ocrx_word' id='word_1_454' title='bbox 415 3901 659 3980; x_wconf 73' lang='lat' dir='ltr'>supernaturalem</span> <span class='ocrx_word' id='word_1_455' title='bbox 673 3901 803 3960; x_wconf 90' lang='lat' dir='ltr'>ordinem</span> <span class='ocrx_word' id='word_1_456' title='bbox 817 3902 918 3978; x_wconf 75' lang='lat' dir='ltr'>gratie</span> <span class='ocrx_word' id='word_1_457' title='bbox 931 3901 1084 3978; x_wconf 86' lang='lat' dir='ltr'>pertinent.</span> 
     </span>
    </p>

    <p class='ocr_par' dir='ltr' id='par_1_10' title="bbox 127 3977 1338 4696">
     <span class='ocr_line' id='line_1_46' title="bbox 170 3977 1336 4061; baseline -0.003 -19"><span class='ocrx_word' id='word_1_458' title='bbox 170 3983 303 4042; x_wconf 85' lang='lat' dir='ltr'>XXIII.</span> <span class='ocrx_word' id='word_1_459' title='bbox 324 3983 486 4061; x_wconf 80' lang='lat' dir='ltr'>Vulgetum</span> <span class='ocrx_word' id='word_1_460' title='bbox 501 3981 636 4057; x_wconf 82' lang='lat' dir='ltr'>Axiome,</span> <span class='ocrx_word' id='word_1_461' title='bbox 652 4001 710 4060; x_wconf 87' lang='lat' dir='ltr'>quo</span> <span class='ocrx_word' id='word_1_462' title='bbox 731 3981 775 4040; x_wconf 92' lang='lat' dir='ltr'>uti</span> <span class='ocrx_word' id='word_1_463' title='bbox 796 3981 844 4038; x_wconf 89' lang='lat' dir='ltr'>hio</span> <span class='ocrx_word' id='word_1_464' title='bbox 868 3980 963 4039; x_wconf 87' lang='lat' dir='ltr'>solent</span> <span class='ocrx_word' id='word_1_465' title='bbox 978 3977 1198 4056; x_wconf 83' lang='lat' dir='ltr'>Suprelspearii,</span> <span class='ocrx_word' id='word_1_466' title='bbox 1214 3987 1243 4037; x_wconf 89' lang='lat' dir='ltr'>et</span> <span class='ocrx_word' id='word_1_467' title='bbox 1257 3977 1336 4055; x_wconf 90' lang='lat' dir='ltr'>quod</span> 
     </span>
     <span class='ocr_line' id='line_1_47' title="bbox 129 4058 1335 4140; baseline -0.006 -17"><span class='ocrx_word' id='word_1_468' title='bbox 129 4062 168 4122; x_wconf 79' lang='lat' dir='ltr'>sd</span> <span class='ocrx_word' id='word_1_469' title='bbox 181 4063 275 4123; x_wconf 80' lang='lat' dir='ltr'>ravim</span> <span class='ocrx_word' id='word_1_470' title='bbox 289 4083 381 4140; x_wconf 86' lang='lat' dir='ltr'>usque</span> <span class='ocrx_word' id='word_1_471' title='bbox 395 4062 510 4140; x_wconf 80' lang='lat' dir='ltr'>oggerit</span> <span class='ocrx_word' id='word_1_472' title='bbox 525 4062 653 4137; x_wconf 67' lang='lat' dir='ltr'>Iisdem,</span> <span class='ocrx_word' id='word_1_473' title='bbox 668 4069 698 4120; x_wconf 88' lang='lat' dir='ltr'>et</span> <span class='ocrx_word' id='word_1_474' title='bbox 711 4061 758 4120; x_wconf 90' lang='lat' dir='ltr'>cui</span> <span class='ocrx_word' id='word_1_475' title='bbox 772 4060 835 4134; x_wconf 90' lang='lat' dir='ltr'>soli,</span> <span class='ocrx_word' id='word_1_476' title='bbox 851 4078 1009 4137; x_wconf 81' lang='lat' dir='ltr'>operosum,</span> <span class='ocrx_word' id='word_1_477' title='bbox 1024 4077 1109 4134; x_wconf 90' lang='lat' dir='ltr'>quem</span> <span class='ocrx_word' id='word_1_478' title='bbox 1126 4075 1211 4134; x_wconf 90' lang='lat' dir='ltr'>super</span> <span class='ocrx_word' id='word_1_479' title='bbox 1224 4058 1280 4116; x_wconf 93' lang='lat' dir='ltr'>hoc</span> <span class='ocrx_word' id='word_1_480' title='bbox 1290 4077 1335 4116; x_wconf 61' lang='lat' dir='ltr'>arr-</span> 
     </span>
     <span class='ocr_line' id='line_1_48' title="bbox 129 4135 1337 4220; baseline -0.004 -19"><span class='ocrx_word' id='word_1_481' title='bbox 129 4153 268 4220; x_wconf 75' lang='lat' dir='ltr'>gumento</span> <span class='ocrx_word' id='word_1_482' title='bbox 282 4143 409 4202; x_wconf 88' lang='lat' dir='ltr'>instituit</span> <span class='ocrx_word' id='word_1_483' title='bbox 424 4143 635 4219; x_wconf 83' lang='lat' dir='ltr'>Disputationis</span> <span class='ocrx_word' id='word_1_484' title='bbox 645 4140 759 4214; x_wconf 92' lang='lat' dir='ltr'>molem,</span> <span class='ocrx_word' id='word_1_485' title='bbox 771 4149 967 4218; x_wconf 87' lang='lat' dir='ltr'>superstruere</span> <span class='ocrx_word' id='word_1_486' title='bbox 977 4135 1101 4212; x_wconf 89' lang='lat' dir='ltr'>videtur,</span> <span class='ocrx_word' id='word_1_487' title='bbox 1115 4137 1202 4204; x_wconf 81' lang='lat' dir='ltr'>Quod</span> <span class='ocrx_word' id='word_1_488' title='bbox 1209 4137 1337 4197; x_wconf 66' lang='lat' dir='ltr'>demum</span> 
     </span>
     <span class='ocr_line' id='line_1_49' title="bbox 130 4215 1337 4298; baseline -0.003 -16"><span class='ocrx_word' id='word_1_489' title='bbox 130 4233 170 4281; x_wconf 74' lang='lat' dir='ltr'>ut</span> <span class='ocrx_word' id='word_1_490' title='bbox 182 4224 211 4282; x_wconf 79' lang='lat' dir='ltr'>iu</span> <span class='ocrx_word' id='word_1_491' title='bbox 225 4223 394 4298; x_wconf 64' lang='lat' dir='ltr'>mendicae,</span> <span class='ocrx_word' id='word_1_492' title='bbox 411 4223 488 4280; x_wconf 77' lang='lat' dir='ltr'>debet</span> <span class='ocrx_word' id='word_1_493' title='bbox 500 4241 557 4279; x_wconf 82' lang='lat' dir='ltr'>esre</span> <span class='ocrx_word' id='word_1_494' title='bbox 565 4222 692 4298; x_wconf 81' lang='lat' dir='ltr'>primum</span> <span class='ocrx_word' id='word_1_495' title='bbox 705 4221 736 4278; x_wconf 83' lang='lat' dir='ltr'>r&#39;n</span> <span class='ocrx_word' id='word_1_496' title='bbox 749 4219 913 4278; x_wconf 61' lang='lat' dir='ltr'>inuadere:</span> <span class='ocrx_word' id='word_1_497' title='bbox 935 4217 978 4276; x_wconf 82' lang='lat' dir='ltr'>At</span> <span class='ocrx_word' id='word_1_498' title='bbox 991 4215 1144 4275; x_wconf 79' lang='lat' dir='ltr'>illustratio</span> <span class='ocrx_word' id='word_1_499' title='bbox 1165 4215 1265 4294; x_wconf 74' lang='lat' dir='ltr'>glorie</span> <span class='ocrx_word' id='word_1_500' title='bbox 1281 4217 1337 4278; x_wconf 87' lang='lat' dir='ltr'>Dei</span> 
     </span>
     <span class='ocr_line' id='line_1_50' title="bbox 129 4295 1335 4379; baseline -0.006 -18"><span class='ocrx_word' id='word_1_501' title='bbox 129 4321 181 4379; x_wconf 87' lang='lat' dir='ltr'>per</span> <span class='ocrx_word' id='word_1_502' title='bbox 192 4301 422 4362; x_wconf 83' lang='lat' dir='ltr'>misericordiam</span> <span class='ocrx_word' id='word_1_503' title='bbox 436 4301 466 4358; x_wconf 94' lang='lat' dir='ltr'>in</span> <span class='ocrx_word' id='word_1_504' title='bbox 481 4301 573 4360; x_wconf 72' lang='lat' dir='ltr'>seluto</span> <span class='ocrx_word' id='word_1_505' title='bbox 584 4301 749 4374; x_wconf 87' lang='lat' dir='ltr'>electorum,</span> <span class='ocrx_word' id='word_1_506' title='bbox 761 4308 792 4357; x_wconf 89' lang='lat' dir='ltr'>et</span> <span class='ocrx_word' id='word_1_507' title='bbox 803 4315 856 4376; x_wconf 89' lang='lat' dir='ltr'>per</span> <span class='ocrx_word' id='word_1_508' title='bbox 862 4296 1005 4375; x_wconf 83' lang='lat' dir='ltr'>justitiam</span> <span class='ocrx_word' id='word_1_509' title='bbox 1017 4296 1046 4353; x_wconf 90' lang='lat' dir='ltr'>in</span> <span class='ocrx_word' id='word_1_510' title='bbox 1054 4295 1241 4374; x_wconf 89' lang='lat' dir='ltr'>reproborum</span> <span class='ocrx_word' id='word_1_511' title='bbox 1255 4295 1335 4354; x_wconf 85' lang='lat' dir='ltr'>dam·</span> 
     </span>
     <span class='ocr_line' id='line_1_51' title="bbox 131 4376 1335 4457; baseline -0.002 -18"><span class='ocrx_word' id='word_1_512' title='bbox 131 4383 256 4457; x_wconf 63' lang='lat' dir='ltr'>atione,</span> <span class='ocrx_word' id='word_1_513' title='bbox 272 4391 318 4440; x_wconf 85' lang='lat' dir='ltr'>est</span> <span class='ocrx_word' id='word_1_514' title='bbox 330 4381 434 4440; x_wconf 84' lang='lat' dir='ltr'>ultima</span> <span class='ocrx_word' id='word_1_515' title='bbox 454 4383 485 4439; x_wconf 93' lang='lat' dir='ltr'>in</span> <span class='ocrx_word' id='word_1_516' title='bbox 498 4381 688 4456; x_wconf 63' lang='lat' dir='ltr'>uerutum</span> <span class='ocrx_word' id='word_1_517' title='bbox 711 4379 792 4456; x_wconf 77' lang='lat' dir='ltr'>Ergo</span> <span class='ocrx_word' id='word_1_518' title='bbox 813 4378 906 4455; x_wconf 89' lang='lat' dir='ltr'>prime</span> <span class='ocrx_word' id='word_1_519' title='bbox 919 4377 1006 4436; x_wconf 88' lang='lat' dir='ltr'>debet</span> <span class='ocrx_word' id='word_1_520' title='bbox 1027 4395 1091 4434; x_wconf 86' lang='lat' dir='ltr'>esse</span> <span class='ocrx_word' id='word_1_521' title='bbox 1113 4376 1143 4434; x_wconf 90' lang='lat' dir='ltr'>in</span> <span class='ocrx_word' id='word_1_522' title='bbox 1156 4376 1335 4437; x_wconf 88' lang='lat' dir='ltr'>intentione:</span> 
     </span>
     <span class='ocr_line' id='line_1_52' title="bbox 130 4455 1337 4538; baseline -0.002 -20"><span class='ocrx_word' id='word_1_523' title='bbox 130 4462 226 4522; x_wconf 81' lang='lat' dir='ltr'>varies</span> <span class='ocrx_word' id='word_1_524' title='bbox 238 4461 350 4538; x_wconf 77' lang='lat' dir='ltr'>patitur</span> <span class='ocrx_word' id='word_1_525' title='bbox 363 4461 558 4520; x_wconf 88' lang='lat' dir='ltr'>limitationes.</span> <span class='ocrx_word' id='word_1_526' title='bbox 589 4461 696 4535; x_wconf 90' lang='lat' dir='ltr'>Primo,</span> <span class='ocrx_word' id='word_1_527' title='bbox 711 4459 791 4518; x_wconf 83' lang='lat' dir='ltr'>valet</span> <span class='ocrx_word' id='word_1_528' title='bbox 804 4457 921 4535; x_wconf 88' lang='lat' dir='ltr'>quidem</span> <span class='ocrx_word' id='word_1_529' title='bbox 935 4477 1010 4535; x_wconf 86' lang='lat' dir='ltr'>resp.</span> <span class='ocrx_word' id='word_1_530' title='bbox 1015 4457 1086 4538; x_wconf 79' lang='lat' dir='ltr'>finis</span> <span class='ocrx_word' id='word_1_531' title='bbox 1099 4456 1197 4532; x_wconf 63' lang='lat' dir='ltr'>deici,</span> <span class='ocrx_word' id='word_1_532' title='bbox 1213 4455 1264 4516; x_wconf 90' lang='lat' dir='ltr'>sed</span> <span class='ocrx_word' id='word_1_533' title='bbox 1277 4473 1337 4516; x_wconf 88' lang='lat' dir='ltr'>non</span> 
     </span>
     <span class='ocr_line' id='line_1_53' title="bbox 129 4535 1338 4620; baseline -0.004 -19"><span class='ocrx_word' id='word_1_534' title='bbox 129 4551 266 4620; x_wconf 86' lang='lat' dir='ltr'>respectu</span> <span class='ocrx_word' id='word_1_535' title='bbox 278 4542 525 4614; x_wconf 70' lang='lat' dir='ltr'>moatrencram5</span> <span class='ocrx_word' id='word_1_536' title='bbox 545 4540 618 4600; x_wconf 78' lang='lat' dir='ltr'>alias</span> <span class='ocrx_word' id='word_1_537' title='bbox 632 4549 799 4618; x_wconf 86' lang='lat' dir='ltr'>sequeretur</span> <span class='ocrx_word' id='word_1_538' title='bbox 811 4537 927 4616; x_wconf 84' lang='lat' dir='ltr'>pariter,</span> <span class='ocrx_word' id='word_1_539' title='bbox 942 4536 973 4595; x_wconf 93' lang='lat' dir='ltr'>id</span> <span class='ocrx_word' id='word_1_540' title='bbox 993 4535 1072 4615; x_wconf 88' lang='lat' dir='ltr'>quod</span> <span class='ocrx_word' id='word_1_541' title='bbox 1087 4535 1278 4614; x_wconf 90' lang='lat' dir='ltr'>penultimum</span> <span class='ocrx_word' id='word_1_542' title='bbox 1292 4543 1338 4596; x_wconf 88' lang='lat' dir='ltr'>est</span> 
     </span>
     <span class='ocr_line' id='line_1_54' title="bbox 127 4616 1335 4696; baseline -0.002 -18"><span class='ocrx_word' id='word_1_543' title='bbox 127 4619 159 4678; x_wconf 83' lang='lat' dir='ltr'>in</span> <span class='ocrx_word' id='word_1_544' title='bbox 172 4619 355 4696; x_wconf 72' lang='lat' dir='ltr'>ueeudonc,</span> <span class='ocrx_word' id='word_1_545' title='bbox 370 4639 434 4680; x_wconf 81' lang='lat' dir='ltr'>esse</span> <span class='ocrx_word' id='word_1_546' title='bbox 456 4619 616 4680; x_wconf 81' lang='lat' dir='ltr'>secundum</span> <span class='ocrx_word' id='word_1_547' title='bbox 629 4619 660 4676; x_wconf 89' lang='lat' dir='ltr'>in</span> <span class='ocrx_word' id='word_1_548' title='bbox 681 4619 849 4695; x_wconf 88' lang='lat' dir='ltr'>intentione,</span> <span class='ocrx_word' id='word_1_549' title='bbox 863 4627 894 4678; x_wconf 91' lang='lat' dir='ltr'>et</span> <span class='ocrx_word' id='word_1_550' title='bbox 913 4616 993 4695; x_wconf 87' lang='lat' dir='ltr'>quod</span> <span class='ocrx_word' id='word_1_551' title='bbox 1010 4616 1268 4695; x_wconf 76' lang='lat' dir='ltr'>antepenultimam</span> <span class='ocrx_word' id='word_1_552' title='bbox 1282 4625 1335 4691; x_wconf 85' lang='lat' dir='ltr'>est,</span> 
     </span>
    </p>
   </div>
   <div class='ocr_carea' id='block_1_5' title="bbox 0 0 1526 5180">
    <p class='ocr_par' dir='ltr' id='par_1_11' title="bbox 0 0 1526 5180">
     <span class='ocr_line' id='line_1_55' title="bbox 0 0 1526 5180; baseline 0 1"><span class='ocrx_word' id='word_1_553' title='bbox 0 0 1526 5180; x_wconf 95' lang='lat' dir='ltr'> </span> 
     </span>
    </p>
   </div>
  </div>
 </body>
</html>
