3158 5190
121 369 224 420 eassr.
237 353 294 432 rm]
644 371 683 411 nn
698 371 869 415 scarrrunn.
1279 361 1317 420 93

125 511 204 570 Unde
218 511 284 568 Act.
299 509 351 566 rii.
368 510 420 584 38,
434 509 558 585 Aoqelm
570 508 647 568 idem
667 512 718 586 qui
738 511 871 588 apparuit
885 511 962 570 Masi
984 511 1013 570 in
1034 511 1156 588 deserto,
1172 533 1201 574 v.
1217 518 1265 592 30,
1288 525 1319 576 et

122 589 169 666 qui
179 589 231 648 luit
243 590 304 666 ipse
319 587 342 648 J
343 588 449 662 shore,
463 587 557 646 Exod.
572 588 613 647 iii.
628 591 656 663 2,
672 589 777 648 dieitur
787 593 946 666 alequam
954 593 1064 650 Mosam
1077 593 1107 651 in
1120 604 1211 652 monte
1224 595 1316 671 Sinai,

123 670 188 744 quis
210 667 301 725 Filius
325 666 384 725 Dei
407 667 458 742 qui
481 665 615 743 Angelus
636 667 752 726 foederis
774 677 804 728 et
830 669 914 727 faciei
934 679 1063 746 vocetur,
1087 671 1142 730 fuit
1164 673 1318 748 primarius

123 747 222 806 author
242 755 271 804 et
288 745 490 822 promulgator
510 745 606 822 Legis,
632 747 715 824 cnjus
735 747 834 806 Moses
852 755 914 806 eret
932 757 1044 807 tentum
1063 751 1203 810 minister.
1256 752 1318 811 Nee

123 826 164 883 sic
177 825 325 883 discrimen
340 824 455 884 tollitur
469 824 543 882 inter
555 827 815 903 promulgationem
829 826 918 902 Legis
932 837 961 886 et
972 828 1134 906 Evangelii,
1146 830 1215 905 quie
1224 830 1318 889 Filius

125 904 180 962 Dei
193 905 306 962 mediate
319 913 443 978 tantum,
460 911 489 962 et
506 911 539 961 nt
552 909 669 984 ἄσκςιιις,
690 906 721 962 ἰιι
735 904 815 982 Lege
829 907 1008 982 operabatur,
1030 907 1082 966 sed
1096 909 1198 968 author
1212 908 1318 968 dicitur

121 984 229 1060 primus
242 981 396 1058 Evangelii
410 983 575 1057 immediate,
590 993 620 1042 et
633 992 666 1042 ut
677 981 735 1043 ires
751 1009 801 1058 sce,
817 985 894 1042 Heb.
908 985 938 1042 ii.
954 987 982 1044 3.

160 1061 253 1120 XIX.
275 1061 409 1120 Christus
429 1059 535 1120 dieitur
546 1063 616 1140 finis
629 1065 722 1140 Lepis,
767 1083 823 1121 om.
838 1083 868 1120 x.
882 1066 910 1138 4,
926 1071 988 1122 tum
1002 1065 1070 1140 quis
1091 1065 1146 1123 fuit
1164 1085 1264 1140 scopae
1281 1065 1318 1124 sd

117 1159 205 1216 qnam
220 1141 282 1198 Lex
295 1146 357 1197 tota
370 1139 515 1217 respexit3
537 1147 598 1199 tum
608 1142 677 1218 quia
688 1141 744 1202 fuit
757 1143 821 1200 e'us
834 1144 954 1207 undem
968 1150 998 1201 et
1010 1147 1244 1219 complementum,
1260 1164 1318 1202 non

113 1218 284 1294 abrogando
304 1237 420 1277 omnem
440 1219 505 1294 ejus
525 1237 619 1294 usum,
641 1220 693 1279 sed
712 1221 772 1298 imp
784 1220 859 1278 endo
880 1223 944 1299 ejus
965 1221 1095 1296 Orneule,
1118 1231 1147 1280 et
1167 1242 1230 1280 enm
1250 1243 1318 1281 exe·

110 1297 241 1372 quando,
256 1306 318 1355 tum
339 1297 370 1353 in
391 1315 431 1370 se,
447 1295 561 1372 egendo
581 1305 611 1356 et
631 1297 776 1376 potiendo,
790 1307 853 1357 tum
873 1299 904 1357 in
925 1301 993 1375 suis,
1008 1301 1191 1360 inscribendo
1211 1321 1274 1359 enm
1288 1302 1319 1359 in

108 1375 252 1434 sordibus
265 1374 413 1450 fidelium3
435 1376 514 1434 unde
528 1376 635 1436 Matth.
650 1398 679 1437 r.
697 1381 742 1453 17,
758 1377 865 1437 dieitur
877 1397 933 1437 nara
945 1380 1050 1439 vmt'sse
1062 1383 1105 1438 ad
1116 1380 1319 1439 dissolvendam

104 1455 230 1532 Lepas,
244 1457 296 1512 sed
307 1456 350 1512 ad
361 1473 424 1513 eam
437 1455 618 1530 inplendum.

149 1533 234 1592 XX.
257 1533 324 1592 Non
334 1541 403 1592 sunt
416 1533 552 1592 audiendi
563 1534 640 1593 servi
649 1541 791 1612 presente
803 1535 938 1610 Domino,
950 1536 975 1594 si
988 1543 1130 1596 testentur
1143 1545 1194 1596 aut
1207 1536 1320 1615 injussu

104 1615 188 1690 ejus,
211 1621 263 1671 sut
275 1619 377 1670 contra
391 1630 477 1686 eum,
501 1613 559 1671 Sed
573 1613 669 1673 audiri
681 1623 803 1692 possunt
816 1623 846 1673 et
860 1614 974 1690 debent,
996 1615 1021 1672 si
1042 1635 1079 1674 ex
1093 1615 1229 1673 mendeno
1256 1617 1320 1692 ejus

102 1701 258 1750 metantm
271 1689 309 1750 de
322 1691 395 1766 ipsa.
428 1690 514 1764 Quod
527 1711 585 1749 non
598 1693 695 1750 minus
708 1692 838 1751 fecerunt
852 1693 952 1752 Moses
966 1699 995 1752 et
1009 1693 1170 1771 Prophetae,
1186 1694 1207 1753 J
1209 1712 1274 1752 oen.
1288 1714 1319 1751 v.

103 1773 170 1846 463
195 1769 265 1829 Aet.
280 1790 311 1828 x.
327 1772 376 1842 43,
392 1789 480 1846 quam
494 1767 647 1846 Apostoli:
668 1779 698 1830 et
707 1771 847 1846 Christus,
865 1771 936 1830 Luc.
952 1771 1012 1830 xvi.
1028 1774 1075 1846 29,
1088 1772 1175 1848 jubet
1184 1791 1321 1849 expresse

104 1849 208 1908 audiri
222 1849 338 1907 Mosam
353 1857 384 1906 et
398 1847 568 1924 Prophetes.
603 1847 664 1908 Nee
678 1849 734 1907 hoo
747 1859 792 1909 est
806 1869 823 1907 e
837 1850 952 1908 Christo
967 1849 1004 1906 sd
1019 1851 1133 1908 Mosam
1147 1850 1319 1926 retrogredi,

104 1927 162 1986 sed
183 1947 204 1986 a
223 1927 308 1986 Mose
329 1926 370 1986 ad
384 1926 531 1986 Christum
543 1927 688 2004 progredi,
710 1929 761 2004 qui
774 1927 952 2007 pedagogus
966 1937 1011 1986 est
1029 1928 1066 1986 ad
1080 1928 1236 2002 Christum,
1253 1927 1320 1987 Cel.

106 2008 151 2065 iii.
168 2009 219 2064 24.

149 2085 248 2144 XXI.
271 2084 396 2143 Initium
417 2082 632 2160 predicationis
645 2084 668 2144 J
670 2083 792 2142 ohannis
812 2083 887 2142 bene
908 2083 1013 2142 dieitur
1031 2083 1147 2141 Inits'rsm
1160 2083 1321 2158 Evangelii,

108 2163 203 2224 Marc.
218 2164 238 2224 i.
255 2165 282 2229 l,
304 2161 409 2241 quoad
427 2164 663 2238 conplementum,
684 2169 714 2221 et
732 2169 865 2238 respectu
880 2162 988 2221 Christi
1009 2159 1214 2236 exhibitinon
1228 2160 1324 2236 quoad

102 2244 324 2318 memorien
345 2249 377 2302 et
398 2237 533 2316 respectu
554 2241 661 2299 Christi
682 2239 849 2314 exhibendi,
871 2240 949 2317 quod
965 2241 1028 2319 jem
1049 2241 1104 2301 suh
1119 2240 1157 2300 V.
1172 2239 1206 2300 T.
1227 2239 1325 2298 locum

106 2317 927 2398 mbuieltomi.n;Gsl.iii.8;1s.h1s,etlxi.1.

585 2633 779 2708 QUAESTIO
801 2634 860 2694 lx.

544 2809 584 2848 nn
598 2809 693 2850 amma
707 2809 901 2852 nrocmffls.

107 2958 153 3016 Aa
172 2955 289 3029 Tobiae,
313 2949 432 3021 Judillt,
457 2947 613 3023 Sapientia,
641 2948 863 3023 Ecclesiasticm,
889 2949 946 3006 duo
963 2948 1077 3022 priores
1098 2949 1326 3007 Maccahaeorum

151 3035 223 3110 libri,
240 3031 375 3103 Bas-scel,
388 3027 592 3086 Additamento
605 3029 647 3086 ad
658 3029 812 3086 Estheram
827 3035 857 3085 et
869 3026 1028 3100 Danielem,
1043 3027 1109 3084 bene
1122 3030 1284 3101 referamur
1298 3028 1327 3084 irs

153 3133 263 3172 missum
277 3113 422 3170 librom
437 3105 667 3166 Canooicmnml
708 3106 745 3165 N.
760 3113 860 3164 contre
874 3101 1053 3162 Pontificios.

425 3263 450 3321 1.
475 3261 559 3320 Libri
577 3261 744 3340 Apocrypbi
764 3260 807 3321 its
826 3267 975 3334 vocantur,
998 3276 1057 3316 non
1080 3257 1159 3334 qnod
1180 3257 1327 3318 Authorss

122 3330 361 3437 malt-wli
381 3340 522 3400 librorum
540 3341 725 3418 ignorentur,
748 3347 816 3399 sunt
829 3337 910 3398 enim
927 3346 956 3397 et
978 3337 1116 3396 Canonici
1129 3356 1250 3414 quorum
1264 3337 1327 3397 Au·

384 3420 451 3478 thor
462 3419 622 3497 ignoretur,
636 3427 666 3479 et
677 3418 848 3496 Apocryphi
861 3415 993 3476 nonnulli
1006 3435 1128 3492 qnorum
1142 3417 1248 3492 scitum
1269 3436 1328 3475 non

122 3499 199 3578 qnod
217 3499 355 3578 privatim
374 3505 496 3572 tentum,
511 3507 542 3557 et
560 3517 620 3556 non
640 3498 754 3574 publioe
774 3497 953 3574 legerentur;
975 3513 1042 3554 nam
1062 3495 1137 3553 venii
1156 3495 1329 3573 legebantur

123 3578 207 3638 etism
225 3578 362 3655 publiea:
386 3576 445 3636 Sed
457 3575 508 3634 rel
527 3576 596 3652 quia
609 3576 712 3634 remoti
725 3584 807 3635 arant
821 3581 872 3634 ἐπὶ
885 3581 928 3640 ric
941 3573 1052 3667 spirens
1066 3593 1084 3633 a
1097 3593 1179 3634 sacre
1197 3574 1249 3632 ille
1262 3594 1328 3651 osp-

123 3657 194 3732 aula,
208 3657 239 3714 in
250 3675 309 3733 qus
317 3655 400 3714 Libri
414 3655 488 3714 seori
501 3653 741 3729 recondebantur,
755 3662 789 3714 ut
798 3654 1089 3730 voluntlllptphasius
1103 3662 1132 3713 et
1141 3653 1329 3728 depretiem:

124 3735 181 3794 Vel
199 3735 280 3812 qnod
300 3734 414 3794 occulte
427 3733 515 3793 luerit
528 3740 557 3792 et
571 3740 705 3811 suspecte
716 3749 817 3792 eorum
830 3732 998 3807 authoritas,
1013 3741 1044 3791 et
1057 3737 1265 3807 consequenter
1279 3729 1328 3788 eb-

124 3813 271 3873 seonditus
284 3831 401 3890 quoque
414 3817 515 3871 eorum
528 3829 616 3887 usus,
638 3811 744 3887 quippe
757 3829 831 3888 quos
844 3829 904 3870 non
917 3809 1069 3870 consuevit
1083 3808 1215 3867 Ecclesia
1231 3807 1329 3880 legere

123 3891 160 3951 nd
168 3891 439 3951 Ecclesiastioorum
450 3889 620 3966 dogmatum
630 3889 833 3949 authoritatem
842 3887 1076 3962 confirmandam,
1087 3895 1121 3945 ut
1129 3885 1218 3943 hebet
1227 3885 1329 3940 Hiero.

119 3973 204 4048 pras.
218 3972 249 4030 in
258 3969 395 4030 Proaerb.
411 3968 524 4027 Sabm:
538 3967 597 4026 Vel
611 3967 689 4044 quod
702 3968 800 4027 verius
813 3977 865 4045 est,
881 3968 949 4044 quis
964 3975 1032 4026 sunt
1044 3966 1161 4023 incerte
1170 3971 1200 4020 et
1210 3961 1331 4020 occultae

124 4049 251 4126 originis,
267 4065 393 4126 quorum
401 4046 516 4106 occulta
526 4046 608 4123 origo
623 4065 681 4104 non
695 4045 798 4108 claruit
811 4047 870 4106 illis
884 4064 1006 4122 quorum
1017 4040 1217 4102 testificatione
1228 4039 1329 4096 eutho-

123 4137 193 4189 ntsa
207 4127 423 4206 Seripsururum
436 4123 475 4183 ad
488 4143 542 4183 nos
555 4125 696 4202 persenit,
710 4133 744 4184 ut
756 4126 798 4185 sit
810 4126 884 4202 slep.
899 4125 919 4180 l.
935 4125 963 4198 5,
979 4121 1015 4180 de
1030 4121 1063 4178 C.
1079 4121 1116 4176 D.
1132 4137 1157 4176 o.
1172 4120 1221 4175 24.

428 4201 471 4260 II.
494 4203 561 4261 Non
574 4204 712 4280 quaeritur
725 4203 761 4262 de
777 4203 873 4262 Libris
883 4202 922 4260 V.
937 4209 968 4260 et
982 4199 1018 4256 N.
1033 4197 1067 4256 T.
1083 4213 1156 4273 quos
1168 4213 1221 4274 pro
1238 4193 1330 4252 Ceno-

152 4271 235 4342 m!
264 4270 364 4342 ,ΟΜ
385 4281 460 4339 nicia
479 4281 627 4356 habemus,
642 4282 697 4340 hos
710 4283 787 4340 enim
802 4278 946 4339 Pontifieii
959 4285 993 4337 ut
1007 4275 1167 4335 Cenonieos
1180 4271 1331 4332 nobiseum

207 4332 292 4374 Μ’
387 4357 552 4418 admittrmt.
594 4360 656 4419 Nec
670 4361 706 4419 de
721 4359 854 4419 omnibns
868 4355 1063 4435 Apoeryphis,
1079 4363 1147 4413 sunt
1160 4353 1236 4412 enim
1250 4353 1299 4429 qui
1313 4371 1332 4410 a

127 4439 283 4500 Pontifioiis
303 4455 367 4498 non
386 4438 484 4497 minus
505 4459 539 4498 eo
561 4457 579 4497 s
600 4439 684 4498 nobis
706 4437 885 4516 rejiciuntur,
905 4445 939 4495 ut
957 4438 976 4494 3
997 4443 1027 4493 et
1046 4438 1066 4493 4
1085 4435 1201 4507 Endroe,
1224 4434 1241 4490 3
1263 4440 1292 4489 et
1311 4435 1330 4489 4

125 4519 363 4589 Maccahaeorum,
383 4516 485 4577 Oratio
497 4517 650 4592 Manassis,
665 4515 720 4577 dte.
758 4515 817 4576 Sed
830 4515 927 4592 agitur
940 4521 1051 4572 tentum
1062 4512 1098 4572 de
1112 4511 1207 4586 Tabia,
1219 4510 1329 4584 Judisll,

126 4599 244 4674 Βαπιιλ,
260 4595 428 4674 Sapierstia,
449 4595 651 4672 Ecclesiastico,
670 4599 683 4654 l
700 4595 987 4669 memoratorum,
1007 4591 1213 4654 Additameotis
1230 4590 1329 4646 Esthe-
