3174 5174
524 757 718 855 Locus
771 763 982 858 NONUS.

153 1010 227 1100 DE
277 1013 555 1132 Patella,
607 1016 670 1105 IN
719 1015 960 1110 GENERE
1010 1022 1076 1112 ul
1126 1015 1353 1114 SPECIE.

633 1286 859 1298 ————...

574 1469 768 1546 QUAESTIO
790 1471 936 1532 PRIMA.

204 1625 251 1686 An
265 1627 380 1686 Paccati
390 1626 465 1686 ratio
470 1627 607 1700 farneti
620 1638 694 1688 recte
707 1629 855 1688 consistere
868 1629 981 1688 debamr
995 1631 1024 1688 in
1038 1631 1151 1706 ἁκμιᾳῖ
1192 1627 1304 1686 Affirm.

196 1781 221 1841 1.
243 1782 272 1842 A
286 1792 363 1844 statu
377 1785 543 1862 accerime
556 1784 594 1842 ad
610 1785 723 1846 Statum
740 1787 854 1862 peccati
874 1787 1083 1866 progredimur,
1106 1783 1139 1844 in
1161 1805 1247 1864 quem
1269 1783 1356 1842 horno

154 1861 325 1936 voluntarie,
341 1883 393 1921 sua
407 1883 424 1920 a
438 1863 640 1922 summobono
654 1863 815 1924 defectione
839 1885 870 1924 se
894 1867 1070 1943 praecipitem
1094 1863 1183 1938 dedit,
1209 1873 1238 1923 et
1261 1863 1356 1921 malus

155 1939 242 2000 simul
255 1961 289 2000 ac
301 1943 388 2002 miser
400 1941 503 2001 evasit.
535 1941 585 2001 Ad
600 1944 683 2020 cujus
697 1943 854 2003 faciliorem
868 1945 1071 2022 cognitionem,
1086 1942 1123 2000 de
1137 1942 1251 2001 duobus
1266 1961 1353 2018 agen-

155 2019 224 2076 dum
239 2021 301 2080 erit.
344 2020 369 2080 1.
392 2021 437 2080 De
452 2021 575 2080 Peccata
589 2021 619 2079 in
639 2042 753 2100 genere.
796 2023 838 2081 ΙΙ.
862 2025 907 2082 De
932 2023 1043 2082 Eodem
1068 2023 1098 2078 in
1122 2021 1226 2100 specie,
1251 2019 1292 2077 id.
1316 2019 1353 2079 de

154 2097 238 2176 lapsu
252 2099 441 2178 Angelorum,
457 2108 487 2157 et
500 2099 617 2176 Adami,
634 2101 757 2159 Peccato
773 2101 915 2178 Originali
928 2111 957 2161 et
972 2099 1099 2160 Actuali.

456 2179 498 2236 II.
520 2179 669 2238 Peccatum
684 2180 817 2240 Hebraeis
831 2181 921 2258 vulgo
934 2197 1005 2237 naun
1020 2179 1133 2253 dicitur,
1149 2176 1227 2256 quod
1240 2175 1355 2254 proprie

415 2265 459 2316 est
474 2255 598 2316 deflexio
612 2279 630 2318 a
644 2278 749 2336 scopo;
775 2259 953 2319 attribuitur
970 2257 1164 2317 funditoribus
1185 2264 1214 2314 et
1235 2255 1355 2332 sagitta-

154 2333 213 2408 riis,
229 2333 279 2412 qui
293 2353 412 2412 scopum
425 2356 484 2395 non
504 2345 705 2414 assequuntur,
721 2337 799 2414 qnod
812 2339 923 2415 peccati
937 2346 1069 2395 naturam
1088 2335 1194 2414 optime
1209 2333 1354 2411 exprimit,

154 2413 232 2550 prpod
250 2433 351 2472 revera
365 2422 409 2474 est
423 2414 546 2474 deflexio
561 2424 590 2474 et
604 2416 746 2475 aberratio
760 2436 778 2473 a
791 2436 878 2494 scopo
902 2417 987 2475 nobis
1005 2424 1035 2474 et
1057 2415 1088 2472 in
1104 2413 1255 2473 &catione
1272 2420 1301 2470 et
1325 2413 1356 2470 in

199 2512 236 2571 ge
250 2491 306 2550 Dei
319 2493 475 2570 proposito.
517 2494 571 2552 Cui
585 2493 739 2571 respondet
753 2495 867 2575 ἅμιςτιί
881 2494 956 2572 apud
970 2495 1096 2568 Graecos,
1112 2492 1195 2569 quasi
1209 2493 1355 2571 ἇμςπιὶ,

155 2591 211 2629 nott
224 2574 367 2646 menotio,
382 2580 415 2634 ui
429 2573 576 2651 ἇμςταῖνιιι
600 2575 638 2632 slt
658 2581 703 2632 τοῦ
726 2583 821 2632 σκοποῦ
842 2575 1035 2649 ἇποτνγχιίηιι,
1058 2593 1079 2630 a
1101 2590 1184 2646 scopo
1208 2573 1354 2628 aberrare.

156 2649 243 2710 Unde
256 2651 353 2709 scito
367 2649 472 2712 dicitur
486 2654 498 2714 i
511 2659 555 2711 τοῦ
568 2657 664 2723 iactat
677 2657 816 2729 ἁπηυχιῢι,
834 2654 933 2712 Cicero
947 2653 984 2712 ad
998 2653 1053 2709 hoc
1067 2659 1186 2726 etymon
1199 2648 1356 2725 respiciens

155 2727 226 2788 dicit
234 2749 356 2804 peccare
369 2749 432 2790 esse
447 2740 581 2808 tanquam
595 2733 682 2790 tineos
696 2733 846 2807 tramitire,
861 2731 960 2809 parad.
971 2735 1003 2807 33
1027 2730 1077 2788 alii
1098 2749 1115 2786 a
1132 2743 1178 2780 aaa
1197 2727 1353 2801 deducunt,

155 2807 234 2883 quod
248 2816 293 2866 est
314 2809 458 2868 rebellare.
514 2809 626 2868 Latinis
644 2820 792 2886 peecatum
816 2811 899 2888 quasi
918 2817 1068 2887 peccatum
1090 2827 1108 2865 a
1130 2805 1299 2883 pecudibus,
1322 2812 1357 2864 nt

150 2905 272 2961 peccora
298 2886 336 2946 sit
349 2887 448 2960 satta
463 2888 553 2948 instar
566 2887 686 2966 pecudis
706 2908 801 2966 agere.
844 2887 931 2948 Unde
954 2887 1102 2963 Scriptura
1122 2885 1233 2943 confert
1252 2902 1354 2961 pecca-

155 2973 232 3023 tores
246 2965 374 3040 canibus,
389 2968 492 3043 porcis,
508 2966 624 3044 viperis,
646 2967 778 3025 leonibus
799 2975 829 3025 et
848 2967 972 3042 idgenus
992 2963 1174 3022 animalibus.
1215 2962 1354 3034 Isidem,

154 3041 205 3102 lib.
220 3063 250 3102 x.
265 3053 353 3122 etym.
368 3046 432 3104 vult
445 3054 624 3123 peccatorem
635 3065 699 3104 esse
713 3045 797 3122 quasi
809 3047 1011 3122 peteratoran,
1027 3050 1057 3100 et
1067 3060 1188 3118 peccare
1202 3057 1258 3098 esec
1272 3039 1356 3115 qnasi

149 3123 290 3199 pollicari,
305 3123 345 3182 id.
360 3125 488 3184 scortari.

197 3265 203 3277 ,
244 3265 250 3278 ,
460 3202 520 3262 ΙΙΙ.
546 3203 695 3263 Peccatum
717 3209 812 3260 autem
832 3199 964 3259 bifariam
986 3197 1109 3276 spectari
1128 3202 1232 3274 potest,
1254 3195 1303 3254 vel
1323 3196 1355 3254 in

156 3263 225 3368 Ἥ
231 3267 399 3370 ffifflsslffl
419 3291 545 3343 connato
559 3289 589 3340 et
602 3281 787 3340 materrirliter
800 3279 839 3338 id.
855 3300 920 3338 cum
936 3277 1066 3355 subjecto
1081 3275 1127 3334 cui
1141 3275 1281 3350 inhaeret;
1306 3275 1355 3333 vel

346 3357 353 3372 '
417 3361 448 3420 in
467 3363 607 3420 chebmto
621 3368 651 3420 et
655 3361 829 3434 formaliter,
843 3379 896 3436 pro
910 3359 973 3436 ipsa
986 3355 1153 3430 vitiositate,
1173 3353 1235 3412 sive
1249 3354 1356 3412 actrrali

156 3440 220 3500 sive
232 3439 390 3504 habituali:
412 3439 506 3500 Priori
520 3459 606 3498 sensu
620 3439 792 3518 Auentinus
804 3445 955 3515 peccatum
968 3435 1077 3510 definit,
1099 3433 1281 3508 corruptum,
1297 3433 1354 3492 dic-

157 3529 223 3595 tam,
230 3523 351 3596 factum,
367 3527 465 3578 conta
478 3520 582 3595 Legem
596 3519 661 3593 Dei,
677 3517 801 3577 sednon
815 3517 885 3575 satia
906 3523 1047 3590 accurate,
1059 3512 1127 3592 quia
1146 3512 1271 3591 pertinet
1292 3521 1352 3570 tan·

156 3606 219 3658 tum
233 3599 270 3656 ad
284 3606 434 3676 peceatum
447 3598 567 3673 actuale,
583 3605 612 3656 et
626 3597 743 3674 quidem
757 3595 975 3656 commissionis.
1018 3593 1138 3655 Rectius
1162 3611 1231 3670 ergo
1250 3591 1356 3652 dicitnr

156 3677 313 3753 inclinatio,
329 3679 413 3751 actio,
428 3676 476 3740 vel
490 3676 607 3735 omissio
621 3696 754 3753 pugnans
767 3695 833 3736 cum
853 3675 933 3752 Lege
956 3673 1020 3747 Dei,
1043 3671 1092 3729 vel
1116 3689 1216 3728 carens
1238 3670 1354 3730 rectitu-

157 3756 224 3816 dine
246 3755 334 3834 legali
358 3754 456 3816 debita
475 3755 579 3814 inesse.
635 3755 792 3814 Posterior-i
816 3753 889 3812 nihil
912 3750 992 3810 aliud
1014 3757 1058 3808 est
1077 3767 1163 3826 quarn
1183 3748 1280 3818 trama,
1304 3765 1356 3802 seu

158 3878 390 3930 mmmm
419 3835 608 3909 discrepantia
622 3853 641 3890 α
655 3835 739 3908 Lege,
761 3833 783 3894 J
785 3830 897 3890 ohanne
917 3828 1030 3886 finitore
1047 3829 1062 3886 l
1078 3825 1220 3886 Joan.1ii.
1243 3827 1271 3898 4,
1295 3823 1308 3884 i
1330 3820 1355 3881 t·

391 3912 398 3925 '
419 3914 533 3992 impiis
552 3911 614 3970 intr
632 3913 722 3985 ἀνομία
743 3910 811 3987 quia
824 3908 871 3966 ati
882 3928 938 3966 ron
952 3915 991 3964 cat
1002 3907 1072 3980 Lac,
1088 3904 1127 3964 tbi
1139 3923 1194 3961 aon
1208 3911 1249 3960 eet
1261 3910 1354 3960 trom-

154 3992 269 4068 9reseio,
286 3993 371 4050 Rom.
386 3992 426 4050 iv.
443 3995 489 4050 15.

198 4071 253 4129 IV.
276 4072 333 4130 Per
346 4073 450 4146 Legem
471 4071 519 4130 hic
542 4069 601 4128 κατ’
622 4069 704 4144 ἐξοχὴν
718 4065 780 4125 sela
793 4067 857 4123 Lex
870 4063 930 4122 Dei
947 4060 1127 4138 intelligitur,
1150 4059 1200 4136 qui
1220 4061 1294 4117 eolus
1315 4067 1356 4116 eat
1407 4083 1415 4090 ·

156 4151 324 4224 Leoislotor,
341 4152 489 4225 quipotest
502 4168 617 4208 savaro
638 4158 664 4207 ct
677 4147 811 4223 perdere,
827 4144 848 4203 J
850 4163 892 4202 ac.
907 4143 947 4200 iv.
964 4145 1010 4214 12,
1026 4139 1087 4197 sive
1102 4157 1136 4196 ea
1150 4137 1187 4195 sit
1204 4137 1352 4210 naturalis,

156 4236 186 4286 et
199 4225 315 4304 ἰ’μφυπς,
325 4228 509 4288 conscientiis
519 4228 667 4286 bominum
678 4227 825 4302 impressa,
837 4222 899 4281 sive
913 4220 1040 4278 revelata
1051 4227 1080 4276 et
1091 4215 1226 4296 ἰ’γγςιφος,
1239 4215 1354 4290 scriptis

155 4307 187 4364 in
210 4308 308 4366 Verbo
332 4307 388 4365 Dei
409 4306 588 4382 consignata.
638 4305 733 4381 Leges
756 4303 888 4361 humanae
913 4296 1117 4357 conscientiam
1141 4313 1200 4352 non
1223 4292 1355 4368 obligant

151 4387 306 4462 prinrario,
321 4386 433 4460 directe,
449 4386 613 4458 immediate,
629 4393 656 4441 et
663 4403 720 4458 per
732 4401 762 4439 ee
769 4405 782 4453 ,·
804 4378 856 4438 sed
868 4377 1035 4437 secundario
1048 4383 1169 4448 uncum,
1184 4373 1317 4431 indirecta
1328 4380 1355 4429 et

156 4465 276 4550 mediate
295 4485 347 4541 per
372 4465 483 4541 Legem
498 4463 562 4537 Dei,
582 4461 739 4521 secundum
760 4477 847 4535 quam
867 4465 999 4517 tenemur
1018 4453 1139 4531 obsequi
1155 4449 1356 4529 Superioribus

156 4543 272 4602 nostris.

168 2229 265 2275 Petenti
275 2233 381 2288 etymon.
