3158 5180
204 349 264 406 350
681 361 772 402 cocus
786 359 930 410 coenus.
1198 336 1329 418 [quesn.
1346 355 1409 397 xri.

204 515 252 565 est
272 503 406 583 gratuite,
429 503 513 562 Rom.
531 502 571 562 xi.
587 505 625 580 53
649 502 715 562 Non
736 501 837 561 eedem
857 511 902 561 est
922 500 996 560 ratio
1022 497 1254 577 Reprobationis,
1269 505 1413 576 qun

205 606 244 644 ex
260 585 347 663 Lege,
369 603 456 660 quem
475 603 513 642 err
534 583 698 660 Evangelio
718 582 874 660 colligitur.
917 581 978 640 Nec
999 581 1025 640 si
1046 580 1108 639 sola
1127 579 1201 640 fides
1214 587 1260 640 est
1282 577 1412 638 medium

205 666 316 740 salutis,
340 664 403 722 sole
424 663 611 722 incredulitas
633 682 698 722 esse
719 662 808 721 debet
829 681 917 722 cause
938 661 1085 719 meritoria
1107 659 1321 718 damnationis:
1343 658 1413 734 quis

204 745 284 806 salus
294 745 325 802 vi
338 743 455 802 foederis
466 743 567 820 gratier
578 751 690 802 tantum
704 750 800 820 potest
810 742 918 815 heberi,
930 739 1009 817 quod
1023 739 1133 798 nullam
1143 738 1341 798 conditionem
1354 736 1412 796 uisi

204 823 291 884 fidem
306 823 406 900 exigit,
429 823 560 899 opposite
581 823 619 880 sd
640 823 751 900 Legem
772 841 837 898 quse
862 839 949 899 opera
970 820 1157 897 postulabat:
1180 817 1239 878 Sed
1260 817 1411 878 murano

204 905 303 985 oritur,
325 923 384 962 non
405 901 492 978 modo
513 922 551 981 ex
566 901 722 961 violatione
743 901 860 960 foederis
881 901 990 978 gretie,
1015 899 1068 958 scd
1089 899 1177 958 etiam
1196 917 1237 957 ex
1251 897 1412 957 violatione

204 983 321 1042 foederis
335 1003 463 1060 operum,
486 991 515 1042 et
535 983 663 1060 peccetis
684 990 783 1042 contre
799 981 908 1058 Legem
929 980 1071 1053 admissis,
1088 989 1147 1038 tem
1161 978 1306 1055 originali,
1323 997 1412 1055 quem

203 1064 373 1124 actualibus.
417 1063 530 1137 Dicere,
555 1063 650 1121 Deum
674 1081 784 1120 novum
805 1060 900 1120 fedus
923 1061 955 1119 in
978 1059 1093 1120 Adamo
1118 1079 1184 1117 eum
1207 1068 1271 1118 toto
1297 1058 1412 1118 Genera

202 1145 330 1202 humano
353 1143 481 1218 inivisse,
504 1151 534 1201 et
554 1162 620 1200 cum
642 1141 762 1200 Noecho
782 1159 946 1214 renovasse,
961 1147 996 1199 ut
1014 1159 1099 1198 nemo
1119 1137 1274 1198 damnetur
1295 1145 1413 1216 propter

202 1231 322 1302 peccate
340 1231 440 1281 contre
454 1231 538 1280 vetus
559 1221 662 1295 foedns,
685 1230 729 1280 cst
748 1219 839 1298 gratis
860 1238 1029 1297 supponere,
1051 1218 1130 1296 qnod
1149 1217 1333 1296 probandum
1348 1217 1412 1292 init,

139 1303 143 1308 ’
203 1301 338 1382 quodque
353 1323 411 1361 non
426 1301 512 1360 inodo
527 1303 557 1359 in
573 1302 721 1378 Scriptura
741 1299 960 1382 fundamentum
981 1319 1040 1358 non
1061 1299 1157 1375 habet,
1173 1297 1225 1358 sed
1247 1298 1292 1356 illi
1312 1307 1413 1374 aperte

203 1383 383 1457 adversatum,
399 1381 469 1441 dum
489 1381 584 1440 foedus
605 1380 684 1440 istud
703 1380 885 1459 particulare,
907 1399 966 1440 non
983 1378 1147 1439 universale
1169 1397 1233 1438 esse
1251 1378 1364 1453 assent,
1380 1387 1414 1436 ut

202 1483 256 1524 suc
268 1463 335 1540 loco
350 1461 603 1522 demonstrabitur.

654 1695 847 1777 ounsrro
868 1701 960 1760 xvu

202 1864 250 1924 Au
263 1867 392 1924 uoluntas
404 1863 464 1923 Dei
475 1863 833 1938 setuuudt'perreuercuter
852 1863 1002 1936 credentee,
1018 1869 1044 1919 ct
1062 1860 1221 1920 &meandi
1241 1859 1409 1934 mereddus,

270 1945 308 2004 rit
321 1954 408 2004 totum
421 1946 575 2002 Decretum
587 1942 870 2002 Pemdestinctt'ocu's?
891 1941 918 2000 N
920 1961 966 2018 cg.
981 1951 1081 2000 contm
1096 1940 1347 2000 Remonstrautcs.

246 2105 272 2164 I.
295 2105 377 2165 Inter
390 2104 487 2163 varios
501 2105 631 2178 Errorcs,
654 2102 760 2180 quibus
775 2102 1013 2162 Remonstrantes
1026 2101 1187 2160 doctrinam
1202 2099 1239 2160 dc
1255 2099 1410 2160 Prredesti·

206 2185 325 2244 natione
345 2193 542 2261 corruperunt,
557 2183 719 2260 precipuus
743 2191 788 2241 est
812 2182 870 2258 ille,
884 2201 943 2259 quo
956 2180 1131 2258 pertendunt
1152 2180 1335 2240 voluntatem
1357 2179 1413 2238 Dei

205 2265 341 2324 servandi
356 2265 506 2322 credentes
520 2271 549 2321 ct
563 2271 790 2339 perseverantes,
805 2271 835 2322 et
849 2260 1005 2320 damnandi
1021 2261 1147 2320 finaliter
1166 2259 1335 2320 incredulos
1347 2279 1413 2319 esse

204 2352 297 2403 totum
313 2342 579 2402 Praedestiuutionis
595 2343 759 2416 Decretum,
780 2350 814 2402 ut
834 2342 878 2400 illi
898 2343 1057 2419 loquuntur
1076 2341 1107 2399 in
1120 2341 1199 2400 Actr'e
1212 2341 1321 2415 Sytrod.
1336 2340 1415 2399 circe

204 2422 224 2480 i.
240 2421 316 2481 Arti.
333 2442 361 2500 p.
377 2426 425 2498 48,
443 2425 461 2455 ‘⁶
473 2421 618 2480 Voluntas
633 2421 689 2480 Dei
704 2423 896 2498 peremptoria
910 2420 946 2481 de
961 2421 1053 2480 selute
1068 2430 1097 2479 et
1110 2420 1201 2480 exitio
1215 2420 1369 2480 hominum
1382 2420 1413 2480 in

205 2501 368 2580 Evangelio
389 2500 541 2580 patefacte,
564 2509 609 2560 est
631 2509 724 2560 totum
748 2510 778 2561 et
799 2501 945 2578 integrum
961 2500 1227 2560 Praedestinatiouis
1243 2499 1413 2560 Decretum.

206 2581 437 2655 Perseverantes,
453 2580 501 2639 vel
522 2581 678 2639 morientes
698 2581 727 2638 in
746 2580 803 2639 fide
818 2582 895 2640 velle
911 2581 1039 2654 salvare3
1062 2601 1148 2658 super
1168 2579 1329 2639 incredulis
1344 2601 1413 2640 vero

204 2669 234 2722 et
255 2661 504 2739 impoenitentibus
521 2661 598 2719 irem
613 2661 689 2720 velle
712 2661 883 2738 relinquere,
908 2670 953 2721 est
967 2661 1101 2720 voluntas
1125 2661 1181 2719 Dei
1204 2661 1240 2718 de
1264 2661 1360 2720 salute
1384 2669 1414 2720 et

206 2741 297 2801 exitio
317 2743 467 2801 hominum
489 2739 520 2798 iu
542 2741 704 2817 Evangelio
725 2739 899 2818 patefacte.”
943 2743 1032 2818 Ergo,
1055 2741 1130 2816 Quis
1145 2761 1215 2799 vero
1237 2740 1293 2800 sub
1314 2739 1414 2800 verbis

204 2821 349 2899 ambiguis
373 2821 448 2880 mele
476 2841 554 2880 senae
578 2821 717 2880 doctrines
742 2841 801 2880 suec
825 2842 971 2881 venenum
994 2823 1140 2880 occultare
1164 2821 1267 2894 solent,
1292 2821 1413 2898 expedit

204 2901 304 2981 peusis
318 2923 418 2962 eornm
431 2911 557 2962 mentem
571 2901 690 2978 aperire,
706 2911 738 2960 ut
753 2911 866 2961 constet
877 2910 1019 2979 quantum
1032 2921 1050 2959 a
1061 2901 1183 2970 veritate
1196 2902 1228 2959 in
1241 2901 1345 2960 Verbo
1357 2901 1413 2962 Dei

205 2981 320 3060 tradita,
335 2983 389 3043 bac
404 2983 492 3042 etiem
505 2982 536 3040 in
549 2990 630 3059 parte
645 2981 804 3042 discedent.
1106 3023 1110 3030 -

508 3063 551 3121 Il.
575 3063 641 3121 Hoc
656 3082 797 3122 veronen
813 3061 929 3121 difficile
951 3071 996 3122 est
1009 3061 1180 3138 intelligere,
1199 3061 1223 3120 si
1246 3071 1410 3138 spectemus

242 3127 417 3235 suffinssm·
468 3163 555 3222 quem
579 3143 609 3200 in
632 3143 719 3202 finem
746 3142 901 3202 Decretum
925 3141 1005 3201 istud
1026 3142 1161 3219 generale
1183 3151 1213 3202 et
1226 3141 1409 3202 indefinitum

361 3219 368 3232 '
469 3232 616 3300 statuent;
639 3223 781 3282 Nimirum
795 3232 828 3282 ut
842 3222 973 3296 doceant,
987 3240 1047 3280 non
1061 3221 1131 3298 quid
1145 3221 1181 3280 dc
1201 3221 1334 3300 personis
1352 3221 1410 3282 siu·

205 3303 356 3380 galeribus
371 3303 532 3364 deereverit
547 3304 635 3378 Deus,
652 3303 704 3363 sed
716 3303 788 3381 quid
802 3303 878 3361 circa
891 3303 1039 3379 qualitates
1052 3305 1264 3378 salvandorum,
1287 3312 1317 3361 et
1330 3305 1410 3362 duru-

204 3385 365 3442 nardorum
379 3383 568 3458 constituerit,
583 3383 671 3442 fidem
685 3403 722 3442 ex
737 3383 870 3442 omnibus
878 3381 1092 3442 conditionibus
1102 3382 1291 3459 possibilibus
1300 3383 1408 3458 eligen-

206 3461 244 3520 do
258 3459 288 3518 in
303 3460 498 3521 conditionem
512 3461 623 3520 salutis.
666 3463 749 3522 Licet
762 3483 831 3522 vero
845 3483 904 3521 non
924 3481 1064 3540 negemus
1077 3463 1155 3521 huno
1169 3462 1300 3523 ordinem
1313 3482 1330 3520 e
1345 3461 1409 3520 Deo

206 3541 394 3602 coustitutum
409 3561 481 3616 esse,
497 3550 531 3600 ut
543 3541 617 3601 fides
631 3543 670 3602 sit
683 3543 810 3602 medium
824 3542 943 3618 sulutis3
966 3542 1115 3620 Negemus
1129 3551 1227 3602 tumen
1239 3543 1272 3602 iu
1286 3562 1320 3601 eo
1333 3541 1410 3620 posi-

205 3630 265 3680 tam
280 3639 343 3680 esse
358 3620 654 3698 Praedestinationem,
670 3624 762 3682 multo
775 3623 872 3683 minus
885 3632 918 3682 ut
931 3631 1024 3682 totum
1035 3631 1064 3682 et
1078 3622 1224 3700 integrum
1233 3624 1299 3701 ejus
1312 3621 1412 3682 decre·

205 3709 267 3763 tum
281 3701 336 3760 hec
350 3702 554 3762 constitutione
569 3702 742 3763 includetur.
1283 3761 1288 3772 ,

210 3855 212 3862 Α
248 3781 309 3841 ΙΙΙ.
333 3781 472 3842 Rationes
487 3790 563 3858 sunt,
588 3787 615 3841 1.
639 3783 714 3858 Quia
738 3781 958 3843 Praedestinetio
981 3802 1019 3842 cx
1039 3803 1095 3842 usu
1118 3782 1275 3861 Scriptum
1298 3803 1413 3862 semper

205 3861 323 3940 respicit
335 3883 474 3941 personas
498 3863 669 3940 singulares,
696 3883 832 3942 separans
846 3863 912 3922 illas
926 3863 957 3920 in
971 3864 1117 3922 communi
1130 3881 1227 3923 massa
1239 3863 1361 3942 peccati,
1384 3871 1414 3926 el

171 3999 174 4004 .
205 3942 272 4002 illes
285 3943 436 4020 advitam,
458 3944 530 4004 istas
551 3943 589 4002 ad
601 3953 724 4004 mortem
738 3944 894 4018 destinans,
910 3944 998 4002 Multi
1009 3944 1108 4019 uoeati,
1118 3945 1210 4020 pauci
1220 3945 1308 4020 elenu,
1325 3944 1412 4004 Mett.

207 4041 259 4080 xx.
277 4025 324 4082 16.
368 4027 446 4092 Quos
454 4025 655 4102 praecurrerit,
678 4045 725 4084 eos
734 4024 954 4100 predestinaret,
977 4021 1041 4098 due,
1068 4024 1153 4084 Rom.
1168 4024 1230 4082 viii.
1245 4027 1294 4099 29,
1310 4027 1361 4099 30,
1383 4031 1414 4084 et

207 4101 383 4180 ix.16,1e;
415 4105 483 4166 Act.
498 4105 560 4165 xiii.
576 4106 624 4179 48,
649 4105 838 4164 Credideruut
857 4111 993 4180 quotquot
1014 4104 1142 4164 ordinati
1160 4113 1244 4164 emt
1266 4105 1309 4164 cd
1326 4105 1415 4164 uitam

207 4191 350 4259 oetmuaun
366 4204 420 4244 nec
433 4185 546 4262 uspiam
560 4184 682 4244 refertur
695 4192 818 4244 tantum-
828 4183 867 4242 ed
879 4184 1043 4261 qualitates.
1086 4183 1129 4245 At
1142 4185 1279 4246 voluntas
1294 4185 1352 4244 iste
1365 4203 1414 4244 oc·

207 4270 329 4339 cupetur
343 4263 419 4324 circe
431 4265 595 4342 qualitates,
619 4265 695 4324 circe
707 4282 846 4358 personas
860 4264 976 4324 nonnisi
998 4265 1200 4342 contingenter
1223 4273 1254 4328 et
1273 4273 1414 4326 eventus·

207 4339 282 4416 liter,
297 4339 385 4420 idque
398 4354 516 4424 propter
529 4345 684 4422 quelitstcs
698 4353 770 4404 cntra
782 4343 999 4404 distinctionem
1011 4353 1063 4405 aut
1083 4345 1296 4422 separationem
1311 4345 1413 4423 singu·

208 4417 312 4478 larium
323 4443 331 4497 3
355 4421 444 4484 Notat
457 4422 575 4502 quidem
590 4427 686 4502 quate
709 4424 790 4484 Deus
804 4443 921 4484 seruere
935 4425 1080 4500 statuerit,
1088 4423 1141 4484 sed
1153 4443 1212 4484 non
1222 4425 1337 4502 quosin
1345 4425 1414 4484 sin·

207 4495 302 4587 galeri
316 4501 429 4563 salvere
443 4505 491 4563 vel
504 4503 640 4566 damnare
655 4504 824 4566 decreverit.
866 4504 979 4582 Quippe
1000 4502 1147 4566 decretum
1160 4505 1216 4564 boc
1229 4503 1415 4566 indefinitum

208 4591 351 4635 nemmem
376 4581 405 4639 in
433 4583 599 4660 particulari
622 4584 809 4662 predestinet
838 4593 868 4644 ct
895 4594 1040 4663 segreget,
1067 4585 1212 4646 neminem
1237 4584 1317 4646 libro
1343 4585 1416 4644 rite

207 4649 356 4732 inscribit3
381 4668 410 4718 et
437 4662 488 4720 illo
515 4672 609 4758 utente
637 4664 700 4722 fieri
724 4665 876 4741 potuisset,
905 4673 938 4726 ut
953 4666 1001 4724 vel
1022 4665 1120 4736 nullus
1143 4665 1338 4740 damnaretur,
1363 4665 1414 4736 ¹vel
