3250 5176
260 315 318 374 562
751 331 840 371 cocus
856 329 959 369 nonus.
1279 307 1420 388 [cumam
1441 325 1486 363 rx.

259 473 392 551 exempla
406 473 565 552 notantur),
581 491 598 530 a
612 479 740 530 materna
754 471 801 530 vel
815 471 901 546 avita,
917 470 1044 528 omnium
1060 469 1146 528 etiam
1160 469 1358 546 proximorum
1378 467 1487 524 haere-

259 553 349 612 ditate
364 573 397 611 ac
413 553 592 612 successione
607 553 766 609 habeantur
779 550 883 608 alieni:
905 550 1086 608 testamentis
1104 557 1307 608 extraneorum
1330 545 1415 605 nihil
1435 565 1489 605 ca·

260 633 348 710 piant,
366 633 424 692 sint
436 641 575 711 perpetuo
589 639 715 707 egentes,
736 637 765 689 et
778 647 927 707 pauperes,
950 629 1068 688 infamia
1082 647 1194 706 semper
1214 637 1335 706 paterna
1353 647 1415 686 eos
1433 645 1488 684 co·

260 713 385 788 mitetur,
407 711 445 770 ad
458 713 554 772 nullos
567 729 684 788 prorsus
698 710 829 784 honores,
853 708 890 766 ad
904 709 984 767 nulla
1005 717 1184 768 sacramenta
1204 707 1388 787 perveniant,
1419 706 1487 764 sint

259 800 404 869 postremo
417 792 498 866 tales,
522 799 555 850 ut
568 791 604 849 iis
617 795 756 868 perpetua
774 796 902 866 egestate
923 789 1114 864 sordentibus,
1136 789 1173 848 sit
1187 797 1216 846 et
1235 807 1314 846 mors
1329 787 1486 846 solatium

259 881 289 930 et
302 872 363 930 vita
374 870 575 947 supplicium.'’
618 869 704 929 Unde
718 877 799 947 patet
812 887 865 927 nec
879 867 957 945 apud
972 869 1074 942 Deum,
1090 889 1143 927 nee
1158 867 1235 945 apud
1248 867 1385 926 homines
1403 867 1485 923 sirm

258 951 372 1027 pliciter
384 950 524 1027 injustum
539 968 612 1023 essa,
627 957 660 1007 ut
674 949 739 1026 quis
753 949 889 1025 puniatur
902 957 1019 1025 propter
1036 949 1162 1007 alienum
1177 955 1336 1024 peccatura.
1381 945 1485 1020 Quod

260 1030 500 1166 CLbAmyraldua
524 1029 574 1087 lib.
595 1028 631 1088 de
654 1029 749 1105 Relig.
776 1049 804 1104 p.
825 1031 853 1086 3.
879 1049 903 1086 c.
928 1032 954 1102 7,
981 1027 1069 1086 variis
1090 1027 1249 1086 rationibus
1269 1035 1298 1085 et
1322 1025 1485 1103 exemplis

279 1127 311 1167 ro
333 1117 370 1167 at.

259 1129 278 1185 p
300 1187 377 1246 XX.
401 1188 521 1247 Frustra
535 1188 582 1246 hic
597 1187 771 1261 obtenditur,
796 1190 822 1244 1.
838 1186 928 1244 Varia
942 1205 1005 1244 esse
1021 1186 1187 1244 discrimina
1201 1187 1276 1262 inter
1296 1185 1481 1262 imputatio·

259 1285 325 1326 nem
339 1267 450 1346 peccati
468 1268 612 1342 Adamici,
628 1275 657 1326 et
671 1265 887 1343 imputationem
902 1266 1023 1323 aliorum
1038 1275 1230 1343 peccatorum.
1254 1266 1290 1324 R.
1306 1265 1381 1339 Quia
1398 1265 1480 1324 licet

260 1367 317 1405 non
331 1368 383 1424 per
397 1348 493 1406 omnia
507 1347 688 1422 conveniant,
703 1347 770 1404 inde
789 1353 884 1404 tamen
898 1345 1009 1422 liquido
1030 1354 1143 1404 constat
1164 1345 1383 1422 imputationem
1399 1365 1478 1421 pee-

261 1427 318 1486 cuti
332 1427 427 1503 alieni,
442 1447 496 1486 uec
511 1427 655 1486 insolitam
670 1445 742 1501 esse,
762 1444 815 1483 nec
826 1424 947 1503 justitias
962 1423 1068 1483 divium
1083 1425 1263 1500 contrariam,
1279 1423 1359 1500 quod
1373 1445 1475 1483 unum

261 1507 325 1566 istis
339 1507 480 1585 exemplis
494 1507 640 1584 quaritur.
666 1509 694 1564 2.
711 1505 801 1563 Filios
816 1505 865 1582 qui
879 1504 1037 1581 puniuntur
1050 1512 1166 1581 propter
1179 1511 1297 1581 peccata
1310 1511 1476 1580 parentum

261 1605 319 1645 non
330 1588 463 1646 meliores
477 1607 540 1646 esse
557 1587 699 1662 Patribus,
716 1585 781 1644 ideo
796 1584 899 1643 mirum
914 1583 1005 1642 videri
1020 1603 1077 1643 nou
1092 1583 1205 1659 debore,
1222 1584 1246 1642 si
1258 1603 1294 1642 ex
1310 1584 1473 1642 occasione

260 1674 443 1742 pcccatorum
464 1675 586 1743 patrum,
601 1666 757 1743 puniantur
771 1674 887 1740 propter
900 1665 1015 1741 propria
1028 1671 1154 1741 peccata.
1177 1664 1213 1722 B.
1229 1663 1303 1738 Quia
1324 1664 1406 1721 aliud
1422 1671 1474 1722 ast

260 1745 355 1821 puniri
370 1764 407 1802 ex
421 1745 571 1804 occasione
585 1745 696 1821 peccati
710 1744 805 1817 alieni,
821 1743 900 1801 aliud
914 1763 984 1802 vero
997 1761 1111 1820 posnam
1126 1743 1189 1821 ejus
1203 1743 1286 1803 ferre.
1309 1744 1349 1803 Et
1363 1763 1472 1822 quam-

261 1823 306 1880 vis
320 1843 405 1882 nemo
419 1825 476 1884 nisi
488 1843 596 1882 nocens
617 1833 646 1882 et
666 1831 817 1900 corruptus
838 1823 868 1879 in
889 1843 919 1881 so
933 1823 1076 1900 plectatur
1089 1831 1204 1901 propter
1221 1823 1347 1882 alianum
1361 1843 1470 1900 pecca·

261 1911 340 1978 tum;
369 1904 548 1964 tumendum
563 1903 649 1962 aliani
663 1903 774 1980 peccati
794 1901 985 1980 poenamluit,
1001 1921 1058 1960 nou
1074 1912 1289 1980 spectaturque
1303 1921 1413 1961 nocens
1436 1905 1467 1960 in

262 2001 302 2057 se,
319 1983 370 2042 sed
384 1984 414 2042 in
428 1985 522 2044 aliana
535 2001 676 2062 persona3
698 2003 752 2041 nec
765 1981 876 2059 peccati
891 1981 935 2040 aui
957 1981 1008 2040 sed
1022 1983 1109 2042 alieni
1129 2001 1243 2059 paenam
1258 1983 1331 2041 serre
1346 1983 1465 2041 dicitur.

263 2065 291 2122 3.
304 2063 369 2120 Non
390 2063 466 2124 filios
486 2065 608 2142 proprie,
632 2063 683 2121 sed
696 2071 830 2140 parentes
850 2061 880 2118 in
901 2061 977 2137 filiis,
993 2063 1044 2138 qui
1065 2071 1131 2120 sunt
1145 2081 1212 2139 pars
1232 2081 1340 2138 eorum,
1356 2063 1465 2138 puniri.

263 2141 299 2200 R.
316 2143 391 2201 Nam
404 2144 472 2204 lieet
486 2153 583 2221 patros
597 2143 626 2200 in
639 2143 739 2200 liberis
760 2141 922 2219 puniantur,
944 2141 999 2200 hoc
1019 2161 1077 2200 non
1090 2142 1186 2200 obstat
1205 2150 1309 2217 tamen,
1325 2142 1398 2218 quin
1412 2142 1468 2200 filii

262 2221 318 2299 ipsi
332 2224 419 2282 etiarn
439 2224 534 2302 puniri
549 2223 688 2295 dicantur,
704 2221 773 2280 dnm
793 2239 886 2298 poenae
907 2241 944 2278 ex
966 2221 1065 2279 ordine
1084 2221 1204 2299 justitiae
1219 2221 1325 2279 divinae
1346 2231 1468 2298 propter

261 2309 380 2378 peecata
394 2312 543 2380 parentum
559 2301 617 2360 illis
631 2302 830 2378 imponuntur;
853 2301 902 2376 qui
913 2319 1027 2376 poenam
1039 2309 1135 2361 autem
1146 2301 1201 2360 fert
1209 2301 1327 2360 alterius
1341 2301 1466 2378 pcccati,

262 2380 304 2437 illi
318 2383 481 2440 necessario
495 2383 552 2440 tale
571 2389 720 2458 peccatum
735 2379 821 2438 debet
835 2379 978 2454 imputari.

449 2526 454 2538 Ι
536 2513 539 2520 ,
564 2459 658 2516 ΧΧΙ.
689 2459 806 2532 Quarto,
836 2457 911 2531 Quia
937 2465 1043 2534 negata
1077 2459 1266 2537 imputatione
1294 2459 1465 2519 immediata

261 2522 503 2596 ⁴·E¹P'⁰P'll⁸i¹⁰¹¹⁰
523 2538 608 2615 primi
622 2538 740 2614 peccati,
757 2537 932 2613 precipuum
947 2536 1165 2596 fundamentum
1184 2539 1306 2616 justitiae
1341 2559 1465 2617 repaga-

333 2587 433 2639 paccata.
522 2617 608 2676 tionis
629 2617 740 2694 peccati
761 2616 880 2676 tollitur.
923 2615 984 2674 Nec
1001 2615 1145 2690 sufficiens
1160 2619 1233 2677 ratio
1255 2619 1307 2677 red
1328 2619 1337 2676 i
1356 2627 1463 2696 potest,

262 2716 313 2754 eur
335 2697 415 2754 Deus
428 2695 523 2754 labem
538 2695 617 2753 illam
638 2695 847 2753 haeredituriam
867 2702 896 2753 et
917 2695 1103 2754 inhaerentem
1117 2698 1243 2757 voluerit
1264 2699 1465 2776 aparentibus

262 2773 423 2834 transmitti
431 2775 468 2833 ad
481 2783 612 2853 posteros
624 2798 631 2834 :
647 2777 719 2834 Cum
734 2775 809 2832 enim
820 2775 960 2834 rationem
969 2775 1075 2835 habeat
1088 2795 1147 2835 non
1161 2785 1273 2837 tantum
1284 2780 1355 2837 mab
1364 2779 1464 2854 carpe,

262 2875 314 2914 scu
328 2855 456 2930 maculae,
472 2855 524 2914 sed
537 2855 625 2914 etiam
638 2856 709 2914 mali
721 2855 806 2914 traam
820 2873 871 2913 seu
885 2873 997 2932 poenae;
1026 2857 1188 2915 necessario
1202 2877 1363 2936 supponere
1377 2857 1467 2916 debet

263 2943 412 3013 peccatum
431 2935 550 3014 aliquod
570 2935 743 2994 antecedens
764 2935 802 2994 ob
827 2937 909 3013 cujus
934 2943 1045 2994 reatum
1066 2936 1239 3013 irrogatura
1254 2938 1309 2996 Dei
1327 2937 1464 3015 justitia;

263 3035 349 3094 panna
362 3016 439 3074 euim
452 3015 533 3075 nulla
546 3015 602 3074 nisi
616 3037 634 3073 a
646 3022 773 3093 peccato,
789 3033 856 3073 nam
870 3023 899 3074 et
914 3015 1006 3074 solum
1021 3023 1169 3093 peceatum
1182 3016 1309 3092 punitur,
1326 3025 1355 3076 et
1371 3017 1403 3075 id
1418 3035 1464 3076 so·

263 3095 324 3153 lam
338 3096 417 3173 quod
426 3095 545 3172 punitur
557 3103 705 3173 peecatum
720 3103 783 3171 est;
799 3095 865 3153 Non
874 3101 1079 3172 potestantem
1093 3115 1156 3154 esse
1169 3103 1319 3173 peccatum
1332 3103 1465 3156 nostrum

264 3177 411 3252 proprium
431 3183 461 3234 et
482 3175 641 3253 personale,
665 3175 734 3252 quia
752 3174 880 3234 nondum
904 3174 1011 3233 fuimus
1031 3181 1118 3234 actu:
1140 3176 1219 3253 Ergo
1243 3185 1393 3254 peecatum
1418 3187 1464 3236 est

265 3253 373 3312 Adami
387 3253 466 3330 quod
480 3255 564 3313 nobis
578 3255 744 3332 imputatur.
767 3253 853 3314 Unde
868 3261 948 3332 patet
962 3273 1020 3312 non
1034 3254 1164 3313 sufficere
1178 3255 1215 3313 ad
1229 3257 1396 3315 salvandam
1411 3275 1461 3316 ve·

262 3333 376 3390 ritatem
391 3341 420 3390 et
430 3333 574 3408 justitiam
588 3332 803 3410 propagationis
817 3334 908 3391 solam
922 3342 1033 3392 namra
1047 3337 1141 3410 tepent,
1157 3335 1315 3394 secundum
1329 3355 1414 3412 quam
1430 3343 1463 3394 ut

262 3409 350 3480 homo
363 3409 508 3468 hominem
523 3419 649 3486 generat,
670 3419 699 3469 et
721 3411 851 3487 leprosus
871 3412 1025 3488 leprosum,
1043 3411 1084 3472 ita
1105 3422 1256 3491 corruptus
1276 3423 1460 3492 corruptum:

263 3487 332 3564 quia
345 3487 391 3544 hie
405 3506 464 3544 non
481 3487 551 3545 ordo
565 3495 677 3548 tantum
691 3497 809 3563 naturae,
826 3489 877 3548 sed
891 3492 1054 3550 marcidam
1060 3493 1179 3568 justitiae
1188 3494 1393 3554 attendendum
1407 3503 1459 3568 est,

263 3575 293 3625 at
306 3565 424 3644 aliquod
438 3567 658 3641 sanctissimum,
668 3567 737 3626 licet
750 3586 886 3626 areanum
900 3577 930 3628 et
944 3571 1121 3648 admirabile,
1134 3573 1190 3632 Dei
1200 3573 1351 3651 judicium.
1367 3573 1459 3648 Quare

264 3645 341 3705 anim
363 3647 451 3721 Deus,
473 3647 523 3723 qui
563 3654 656 3705 oterat
676 3647 911 3724 propagationem
932 3648 1017 3706 istam
1038 3651 1178 3728 impedire
1199 3652 1224 3711 si
1243 3653 1391 3728 voluisset,
1413 3651 1462 3711 uel

263 3725 394 3786 homines
408 3667 634 3803 independlrntes
655 3745 672 3784 a
693 3743 723 3786 se
737 3726 871 3802 invicem,
886 3745 945 3786 non
962 3747 1045 3788 secus
1066 3749 1101 3789 ac
1115 3731 1248 3810 Angelos
1266 3733 1398 3807 creando,
1413 3732 1461 3790 vel

263 3807 321 3864 alia
334 3806 437 3883 quavis
461 3807 517 3882 via,
533 3806 626 3866 voluit
647 3815 743 3865 tamen
762 3826 862 3866 omues
883 3828 921 3866 ex
941 3828 999 3866 uno
1020 3809 1136 3869 homine
1158 3820 1291 3888 corrupto
1312 3821 1461 3889 corruptos

220 3893 224 3909 ‘
263 3887 344 3944 nasci
367 3893 397 3944 et
410 3885 451 3944 sic
466 3893 557 3946 toturn
572 3905 664 3964 genus
677 3886 834 3946 humanum
848 3905 900 3964 par
912 3887 1062 3966 peecatum
1076 3909 1093 3947 a
1107 3892 1203 3969 seipso
1217 3891 1350 3968 separari,
1362 3899 1392 3950 et
1402 3911 1461 3950 ma·

262 3963 446 4024 ledietiouam
461 3973 596 4025 aternam
610 3967 763 4042 incurrere,
775 3965 805 4024 id
815 3967 1001 4026 estmaxlmae
1009 3987 1102 4045 poenae
1117 3971 1236 4048 subjiei;
1258 3971 1314 4028 nisi
1324 3972 1388 4048 jam
1399 3973 1462 4048 jus·

263 4043 334 4103 titiae
346 4053 441 4104 actum
455 4044 486 4102 in
499 4046 615 4105 homine
628 4054 745 4124 propter
754 4055 904 4124 peccatum
918 4047 1035 4125 aliquod
1052 4057 1137 4108 antea
1146 4049 1327 4106 commissum
1343 4069 1463 4110 exerere

263 4125 425 4184 voluisset?
457 4125 578 4201 Rursus,
594 4126 620 4184 si
640 4126 702 4184 sola
717 4125 779 4184 Lex
793 4133 903 4186 nature
917 4127 964 4186 hic
978 4127 1074 4188 locum
1088 4128 1191 4200 habet3
1215 4125 1299 4184 Unde
1317 4123 1358 4200 tit,
1380 4131 1462 4204 quod

262 4201 314 4260 illa
326 4203 408 4262 labes
428 4203 577 4282 originalis
595 4223 634 4264 ex
654 4205 746 4282 primo
766 4215 885 4283 peccato
906 4208 936 4265 in
957 4217 1088 4285 posteros
1107 4206 1201 4286 potius
1222 4211 1355 4278 trauseat,
1370 4226 1460 4283 qnam

262 4283 319 4340 alia
332 4291 451 4360 peecata
464 4283 621 4362 singularia
630 4292 780 4362 parentum
791 4286 821 4343 in
831 4285 927 4345 filios?
947 4287 1032 4347 Unde
1043 4289 1083 4362 fit,
1094 4285 1171 4364 quod
1186 4286 1286 4344 anima
1300 4285 1458 4363 bominum,
1491 4339 1498 4356 ,

262 4381 327 4438 quae
336 4381 394 4420 non
404 4363 593 4423 traducuntur
603 4383 657 4441 per
667 4366 889 4442 generationem,
902 4367 953 4425 sed
967 4367 1130 4426 immediata
1144 4385 1162 4426 a
1174 4365 1237 4426 Deo
1247 4373 1386 4442 creantur,
1400 4385 1460 4426 non

262 4449 395 4500 creemur
409 4461 475 4502 cum
486 4443 601 4521 justitia
618 4445 760 4522 originali,
783 4453 816 4504 ut
835 4446 937 4504 animae
956 4445 1112 4523 primorum
1126 4455 1286 4525 parentum,
1307 4446 1359 4506 sed
1371 4445 1459 4506 desti-

261 4526 332 4575 tutae
346 4520 403 4578 hoc
414 4527 610 4582 ornamento?
631 4525 718 4583 Nulla
735 4523 909 4584 discriminis
926 4525 1010 4586 istius
1024 4528 1097 4586 ratio
1110 4535 1208 4604 potest
1221 4521 1324 4605 ailbrri,
1339 4527 1394 4588 nisi
1415 4545 1460 4586 as-

261 4595 418 4657 cendamus
432 4600 470 4659 ad
483 4602 627 4662 occultum
643 4603 698 4662 Dei
708 4603 859 4682 judicium,
875 4625 933 4680 quo
946 4605 1022 4666 tilios
1037 4606 1146 4666 Adurni
1158 4609 1285 4686 plectere
1298 4609 1364 4670 vult
1376 4627 1460 4688 prop-
