3152 5178
116 360 229 413 ctnsr.
243 347 324 431 ιιι]
617 373 657 414 nn
671 374 730 416 nno
744 375 813 432 uuo,
828 373 867 415 nr
880 375 980 417 unruo.
1292 361 1353 420 173

127 507 399 588 compositionem
426 512 607 591 Comparate,
622 514 701 593 quod
725 524 837 578 tanturn
851 523 984 595 respectu
1004 515 1173 596 cujusdnm3
1195 524 1228 578 ut
1242 517 1355 578 Ocelum

131 597 163 649 ct
174 589 333 650 Elementa
342 603 496 653 vocantur
509 615 627 673 corpora
640 596 783 675 simplicia
795 607 928 675 respectu
941 597 1107 672 mixtorum,
1118 597 1170 656 sed
1183 617 1241 656 non
1255 599 1354 658 exclu-

138 669 209 730 dunt
221 670 472 749 compositionem
486 693 524 733 ex
536 676 656 738 materia
670 686 700 736 et
712 677 805 737 forma
818 687 848 737 et
861 677 992 756 partibus
1001 677 1221 755 quantitativis3
1244 677 1356 756 Angeli

141 759 172 812 et
183 751 283 810 animae
298 761 370 812 sunt
384 753 534 831 simplices
556 765 688 834 respectu
702 758 869 836 Corporum,
896 758 948 817 sed
969 777 1023 818 nec
1044 757 1175 830 absolute
1188 759 1262 818 tales
1276 767 1354 836 sunt,

140 832 208 909 quia
220 831 467 910 compositionem
480 835 669 914 multiplicem
680 857 794 917 semper
805 838 969 898 involvunt.
1001 838 1060 898 Hic
1074 839 1171 916 egitur
1184 836 1221 898 de
1237 839 1353 918 Simpli-

137 913 226 971 citate
240 911 387 988 absolute,
403 923 435 973 et
448 933 507 974 non
520 926 694 995 comparata.
1146 933 1150 938 '

181 991 242 1051 ΙΙΙ.
262 993 440 1070 Sinrplicitac
456 995 520 1072 Dei,
545 1005 688 1074 quatenus
701 1017 759 1056 non
773 999 926 1075 moralitn,
952 997 1005 1057 sed
1020 998 1136 1076 physice
1157 998 1287 1075 sumitur,
1310 1006 1355 1060 est

137 1071 327 1133 Attrrbutum
337 1074 404 1152 ejus
417 1074 696 1154 incommunicabile,
711 1097 764 1157 per
779 1077 858 1156 quod
882 1079 994 1138 Nature
1006 1079 1116 1138 Divina
1129 1099 1148 1136 a
1159 1079 1244 1138 nobis
1258 1079 1353 1139 conci·
1376 1121 1391 1141 -

135 1152 226 1232 pitin,
241 1173 302 1212 non
316 1153 413 1214 solum
426 1163 461 1214 ut
482 1175 586 1234 expers
608 1159 702 1218 omnis
723 1159 939 1237 compositionis
961 1167 990 1218 et
1011 1158 1171 1236 divisionis,
1195 1159 1248 1219 sed
1268 1160 1354 1220 etiem

135 1233 267 1313 incapax
281 1234 540 1313 componibilitatis
553 1245 583 1297 et
596 1237 815 1298 divisibilitatis.
936 1285 937 1292 ι

137 1351 397 1470 enm
430 1316 1355 1478 ιιιῗιιιιιιιιιιιιιιιιιιι
1429 1395 1432 1404 -

168 1471 220 1516 tur.
432 1485 463 1536 et
476 1475 674 1556 dependentis,
700 1478 842 1557 siquidem
863 1479 937 1538 nihil
960 1481 1086 1560 aseipso
1101 1481 1234 1558 componi
1248 1489 1353 1560 potest,

137 1556 195 1615 sed
207 1556 351 1635 quicquid
364 1557 545 1635 componitur
566 1559 603 1617 ab
625 1559 683 1619 elio
705 1568 893 1638 componatur
916 1579 1033 1620 necesse
1058 1569 1121 1638 est,
1143 1560 1187 1620 At
1209 1561 1289 1621 Deus
1310 1569 1356 1621 est

138 1637 205 1696 Ens
224 1637 356 1715 primunr
367 1646 398 1698 et
410 1637 615 1716 independens,
631 1639 710 1718 qnod
723 1640 835 1700 nullum
849 1641 973 1720 seprius
987 1641 1128 1719 agnoscit.
1170 1645 1198 1700 2.
1220 1640 1271 1699 Ab
1291 1643 1356 1720 ejus

138 1717 257 1792 wdtate,
281 1717 353 1794 quia
370 1719 422 1796 qui
445 1726 490 1778 est
511 1718 643 1780 absolute
665 1739 749 1796 nnus,
775 1728 819 1780 est
833 1720 920 1780 etiam
934 1720 1067 1781 absolute
1091 1721 1223 1799 simplex,
1247 1722 1356 1801 quique

139 1797 209 1856 idac
223 1796 319 1856 dividi
332 1798 442 1876 nequit,
458 1797 506 1857 vel
519 1799 661 1878 componi.
704 1803 731 1860 3.
753 1800 805 1859 Ab
819 1801 883 1878 ejus
892 1801 1074 1877 perfectione,
1096 1802 1165 1879 quia
1185 1803 1356 1880 compositio

139 1877 392 1956 imperfectionem
405 1875 499 1954 insert,
514 1888 657 1956 quatenus
679 1881 816 1958 supponit
833 1881 992 1959 potentiam
1015 1880 1170 1958 passivam,
1192 1880 1355 1958 dependen-

139 1957 213 2016 tiam
226 1967 258 2018 et
271 1958 505 2018 mutabilitatem.
546 1963 574 2018 t.
596 1960 647 2019 Ab
660 1961 832 2036 achiontnte,
854 1959 924 2038 quia
937 1960 1019 2019 Deus
1032 1968 1077 2020 est
1090 1969 1172 2020 actus
1185 1961 1357 2038 purissimus

138 2039 194 2115 qui
207 2039 320 2098 nnllam
334 2038 423 2098 hebet
436 2038 593 2116 potentiam
606 2039 775 2116 admixtam,
790 2040 898 2118 quique
912 2039 978 2098 ideo
992 2059 1106 2099 omnem
1120 2040 1357 2118 compositionem

137 2119 254 2196 respuit
266 2139 274 2195 ;
297 2119 366 2196 quia
379 2118 411 2177 in
424 2119 489 2177 Deo
503 2119 575 2178 nihil
589 2129 634 2180 est
647 2119 726 2200 quod
739 2119 839 2198 perfici
852 2129 945 2197 egeat,
966 2127 1017 2179 aut
1030 2119 1068 2179 ab
1081 2119 1138 2178 alio
1152 2120 1357 2197 perfectionem

140 2207 247 2275 sumat,
264 2197 317 2258 sed
332 2207 377 2259 est
397 2198 536 2277 quicquid
549 2220 612 2260 esse
625 2208 730 2280 potest,
745 2220 799 2260 nec
812 2208 909 2277 potest
932 2219 996 2260 esse
1017 2198 1097 2260 aliud
1110 2219 1197 2277 quam
1211 2201 1290 2278 quod
1303 2211 1356 2260 est.

142 2279 232 2339 Unde
246 2299 307 2338 non
321 2287 434 2338 tanturn
448 2279 613 2341 nominibus
627 2281 777 2358 concretis,
800 2278 852 2355 sed
866 2279 953 2340 etiam
967 2279 1120 2340 abstractis
1133 2281 1208 2340 solet
1221 2280 1355 2359 describi,

142 2359 232 2436 Vitae,
248 2359 348 2434 Lucis,
363 2359 513 2436 Veritatis,
529 2358 584 2421 dec.

185 2440 223 2500 V.
245 2439 277 2498 A
292 2441 444 2499 repectione
457 2441 579 2500 ennium
591 2441 745 2518 specierum
755 2440 977 2518 compositiores.
999 2441 1093 2520 qualis
1115 2451 1160 2501 est
1173 2442 1296 2518 Physica
1318 2462 1356 2502 ex

142 2521 266 2580 mma-ia
280 2528 310 2579 et
316 2522 427 2595 sema,
443 2540 509 2579 cum
523 2521 561 2581 sit
574 2522 778 2600 incorporeus;
800 2531 851 2582 aut
871 2542 909 2580 ex
923 2523 1057 2599 pcrtrbuc
1071 2523 1269 2600 qrccntitctioie,
1291 2543 1357 2600 quae

142 2600 176 2658 in
190 2602 287 2660 Deum
300 2620 361 2660 non
374 2599 501 2676 cadunt;
523 2609 573 2662 aut
586 2623 624 2662 ex
634 2605 752 2680 suffecto
766 2611 796 2662 et
808 2603 958 2678 occidente,
973 2603 1042 2680 quia
1061 2603 1270 2680 perfectissimo
1284 2603 1358 2662 nihil

142 2681 274 2740 accidere
297 2689 394 2758 potest
417 2699 476 2758 quo
499 2681 621 2742 ulterius
644 2682 825 2760 perficiatur:
846 2683 955 2760 chica
976 2702 1014 2742 ex
1030 2703 1133 2760 genere
1146 2692 1174 2742 et
1186 2683 1354 2760 dfferentic,

143 2761 212 2839 qnia
227 2761 310 2820 Deus
324 2769 371 2820 est
384 2779 472 2837 supra
485 2781 570 2820 omne
584 2781 685 2840 genus,
700 2783 754 2822 nec
774 2763 805 2822 in
826 2783 860 2822 eo
881 2762 966 2822 daun
986 2771 1090 2822 natura
1109 2763 1271 2823 communis
1291 2783 1357 2842 quae

142 2859 196 2919 per
218 2839 413 2900 differentiam
435 2841 644 2920 restringatur:
665 2843 862 2920 Menptysica
883 2862 921 2901 ex
941 2851 1007 2901 cetu
1031 2852 1058 2902 et
1071 2844 1208 2919 potentie,
1231 2863 1297 2903 cum
1318 2843 1357 2902 sit

143 2929 225 2982 schrs
238 2941 332 3000 purus
346 2929 376 2980 et
390 2921 557 2980 mutationis
570 2923 684 3000 proprie
699 2922 783 2982 dictce
797 2921 920 2999 nescius,
937 2921 984 2981 cui
997 2922 1070 2980 nihil
1084 2923 1121 2980 de
1134 2943 1212 2981 novo
1226 2922 1357 2982 accidere

142 3010 305 3080 potestant
326 3001 364 3060 ab
387 3020 422 3060 eo
444 3001 551 3078 recipi:
573 3003 620 3060 Ex
643 3004 761 3061 essentie
784 3011 811 3061 ct
823 3001 979 3076 mentia,
1000 3001 1077 3060 utin
1097 3002 1184 3061 rebus
1198 3001 1310 3077 creatis,
1325 3002 1356 3060 in

141 3083 250 3159 quibus
260 3081 320 3140 alis
333 3087 380 3140 eet
393 3082 525 3141 essentiae
540 3082 621 3160 ratio,
634 3082 691 3141 alia
705 3081 882 3156 existentiae;
898 3081 1023 3139 essentia
1031 3080 1137 3158 quippe
1148 3101 1246 3140 earum
1259 3088 1357 3159 potest

143 3162 257 3240 concipi
272 3161 336 3220 sine
350 3161 514 3238 existentia,
529 3181 583 3222 nec
596 3161 753 3222 existentia
766 3160 927 3239 ingreditur
941 3180 1039 3220 earum
1060 3159 1265 3237 definitionem,
1287 3161 1356 3238 quia

141 3251 266 3322 possunt
280 3261 345 3301 esse
358 3248 389 3300 et
401 3261 461 3299 non
475 3261 546 3318 esse,
570 3251 600 3302 et
623 3241 778 3303 existentia
798 3260 896 3300 earum
916 3249 1049 3318 respectu
1063 3247 1107 3300 est
1121 3239 1231 3318 aliquid
1244 3241 1355 3300 contin·

143 3343 215 3401 gens
228 3342 291 3383 non
303 3321 517 3399 necessarinm3
539 3323 615 3382 Nam
638 3323 669 3382 in
694 3323 758 3383 Deo
781 3321 908 3382 essentia
930 3339 989 3379 non
1010 3327 1106 3399 potest
1120 3321 1232 3398 concipi
1245 3322 1355 3400 absque

143 3403 301 3463 existentia
314 3410 345 3462 et
358 3399 502 3480 repugnet
515 3403 665 3482 concipere
681 3402 774 3462 Deum
798 3402 849 3480 qui
862 3421 920 3460 non
935 3400 1059 3462 existat:
1082 3401 1169 3461 Unde
1184 3401 1354 3481 Philosophi

141 3493 249 3544 vocant
263 3503 331 3542 eum
346 3482 408 3540 Ens
421 3501 475 3559 per
488 3483 650 3559 essentiam,
665 3481 705 3542 id.
714 3482 793 3560 quod
806 3483 838 3541 vi
851 3501 911 3542 suae
925 3482 1057 3541 essentiae
1068 3481 1168 3542 existit
1181 3491 1211 3542 et
1223 3482 1260 3542 de
1269 3484 1354 3561 cujus

144 3564 278 3624 scentia
291 3561 404 3622 ratione
418 3571 464 3622 est
476 3571 509 3622 ut
523 3583 636 3640 semper
649 3563 773 3623 existat:
795 3563 835 3622 Et
848 3562 903 3622 hac
917 3562 953 3621 de
967 3583 1054 3622 causa
1069 3562 1149 3622 Deus
1171 3583 1201 3622 se
1215 3565 1354 3624 Jehcocm

144 3652 236 3719 vocat,
248 3644 332 3704 men
343 3643 407 3702 scil.
422 3643 473 3718 qni
484 3653 531 3718 eet,
553 3663 617 3704 m
631 3665 681 3704 ιιιιι
694 3665 767 3717 mnne,
781 3645 848 3720 Ege
867 3664 929 3702 cnm
948 3644 998 3720 qai
1009 3663 1078 3719 nint,
1094 3652 1128 3702 ut
1145 3651 1226 3703 notet
1239 3663 1297 3702 ecee
1310 3643 1355 3702 illi

145 3723 298 3783 conamine
311 3723 401 3800 longe
415 3722 472 3782 alis
485 3723 604 3800 ratione,
619 3743 706 3800 quam
720 3723 807 3783 rebus
820 3723 954 3783 omnibns
962 3725 1074 3799 creatis,
1086 3743 1145 3782 non
1152 3722 1353 3800 participative

146 3813 174 3863 at
192 3805 405 3882 contingenter,
420 3802 473 3861 sed
485 3803 656 3880 necessario,
680 3804 803 3881 proprie,
826 3823 860 3863 ac
882 3803 1118 3882 independenter.
1160 3798 1294 3879 Denique
1315 3821 1354 3860 ex

147 3893 248 3944 naara
262 3894 290 3944 et
301 3883 493 3956 ndnstmtim
516 3903 584 3942 nam
598 3903 727 3961 persona
741 3891 771 3943 et
790 3884 915 3944 essentia
928 3903 987 3942 non
1001 3903 1032 3944 se
1045 3883 1161 3955 habeut,
1177 3890 1210 3940 ut
1224 3890 1355 3940 extrema

151 3964 347 4042 componentia
370 3963 460 4022 realia
483 3983 522 4023 ex
544 3963 649 4040 quibus
670 3963 787 4024 tertium
809 3963 880 4040 quid
902 3971 1033 4040 exurgat,
1059 3961 1136 4020 utin
1150 3960 1292 4035 humanis,
1315 3979 1353 4019 ex

150 4053 246 4104 natura
258 4045 388 4104 hominis
412 4051 442 4102 et
464 4043 651 4104 subsistentia
665 4043 744 4104 Petri
766 4043 805 4102 sit
818 4042 999 4121 suppositum
1020 4041 1094 4100 illud
1116 4039 1195 4118 quod
1214 4059 1353 4099 vocamus

148 4123 280 4202 Petrum
302 4124 377 4183 alias
390 4143 451 4183 non
463 4123 598 4200 Trinitas,
622 4123 675 4182 sed
695 4123 873 4201 quaternitas
896 4121 1029 4199 quaednm
1043 4121 1074 4178 in
1089 4119 1152 4178 Deo
1166 4119 1354 4196 concipienda

149 4215 238 4280 easet;
260 4225 317 4265 nec
330 4203 491 4281 modorum,
507 4203 608 4281 quales
622 4212 689 4264 sunt
703 4202 906 4278 subsistentia,
922 4210 966 4261 est
980 4218 1159 4278 componere,
1175 4198 1227 4258 sed
1239 4207 1353 4260 tuntum

148 4285 319 4346 modificare.

186 4365 241 4425 Vl.
263 4365 308 4426 Ut
320 4372 420 4424 autem
435 4363 516 4424 Deus
529 4383 643 4424 omnem
656 4361 894 4442 compositionem
908 4361 938 4419 in
952 4381 984 4420 se
998 4359 1126 4438 respuit;
1148 4360 1196 4420 lta
1208 4359 1351 4438 Simplici·

150 4451 192 4505 trs
204 4446 268 4524 ejus
280 4446 382 4506 obstat
396 4443 483 4503 etiam
497 4463 533 4503 ne
554 4443 586 4503 in
598 4444 835 4538 compositionem
859 4441 958 4500 veniet
972 4461 1037 4500 cum
1057 4439 1125 4500 ullis
1137 4441 1225 4500 rebus
1239 4443 1351 4519 creatis,

152 4533 182 4584 nt
193 4526 332 4585 rationem
345 4523 455 4583 habeat
475 4523 565 4600 partis
589 4524 712 4601 alicujus
736 4524 784 4582 vel
806 4521 933 4582 materiae
956 4529 1006 4580 aut
1029 4520 1136 4596 forme,
1152 4530 1353 4598 contraquam

154 4604 215 4664 clim
230 4604 377 4666 Platonici
392 4603 488 4662 Deum
502 4623 565 4664 esse
578 4604 703 4662 animam
717 4602 819 4663 muudi
832 4602 978 4677 volebant,
994 4610 1024 4662 et
1038 4601 1193 4662 Manichaei
1207 4611 1353 4662 creaturas

152 4703 244 4747 onnes
256 4707 295 4748 ex
311 4683 372 4745 Dei
385 4683 512 4744 essemia
524 4704 577 4745 ceu
591 4683 709 4744 traduce
722 4683 847 4762 quodam
861 4693 1035 4763 propagatas
1048 4703 1112 4744 esse
1125 4681 1353 4762 pertendebant;
