3044 5180
96 399 214 454 onear.
229 385 300 466 rm]
587 405 626 445 ns
641 403 936 447 rsmnnsrmrrrone.
1251 391 1308 448 329

98 549 150 605 15.
175 545 254 640 ,Nec
268 545 294 605 si
308 544 498 623 impossibilis
516 553 561 605 est
582 545 712 608 seductio
734 553 851 624 propter
866 545 1016 606 electionis
1031 541 1309 640 immutabilitatem,

96 791 292 862 praemoneret
306 785 425 844 Petrum
440 783 582 864 delapsu,
597 785 666 863 quie
679 785 835 863 erigendus
849 793 920 852 erat,
935 794 965 845 et
982 785 1092 846 Paulus
1107 785 1310 845 centurionem

96 865 136 923 da
152 863 314 941 naufragio,
331 863 399 922 Act.
414 865 507 923 xxvii.
523 867 571 940 31,
586 884 653 924 cum
667 884 766 923 omnes
781 863 916 924 servandi
929 876 1035 925 essent.

142 943 185 1002 X.
207 943 316 1019 Tertio,
333 943 408 1019 Quia
421 944 508 1003 detur
519 963 614 1004 naxus
627 945 827 1022 inseparabilia
840 945 916 1004 inter
932 943 1112 1004 Electiouem
1126 950 1156 1002 at
1176 943 1308 1022 gloriam,

96 1023 396 1180 Ih‘tfflliillii
405 1023 605 1181 illibi
615 1022 1311 1164 ttttsssttttitttetth-'trttt

96 1182 137 1242 ab
153 1191 264 1242 aeterna
279 1147 335 1241 Diei
349 1183 497 1259 electione,
512 1183 708 1261 persingulas
729 1185 838 1261 gratiae
858 1183 926 1243 inda
946 1148 1105 1260 nianairtcs,
1127 1181 1311 1261 progreditur

96 1263 137 1320 ad
152 1263 290 1321 ultimum
305 1262 406 1321 salutis
419 1263 669 1341 complementum,
685 1263 722 1321 ab
737 1273 844 1323 aeterno
857 1264 887 1322 in
906 1271 1054 1340 aeternum,
1075 1263 1112 1322 ab
1137 1271 1244 1322 aetemo
1266 1281 1310 1321 rc-

96 1351 205 1420 spectu
218 1341 488 1420 praedestinationis,
504 1343 531 1400 in
548 1351 686 1402 aetemum
701 1354 832 1420 respectu
847 1343 1072 1421 glorificationis.
1103 1345 1121 1376 ‘⁴
1136 1343 1216 1420 Quos
1231 1341 1311 1400 Deus

94 1421 256 1500 praenovit,
271 1441 322 1480 eos
335 1421 552 1499 praedestinavit
572 1422 793 1482 conformandos
812 1423 933 1500 imagini
955 1423 1024 1482 Filii
1046 1423 1099 1482 sui.
1141 1421 1221 1496 Quos
1241 1439 1311 1480 vero

96 1501 332 1579 pradestinavit,
348 1521 397 1560 eos
411 1503 537 1579 vocavit,
553 1522 626 1580 quos
639 1503 765 1578 vocavit,
781 1522 831 1562 eos
845 1503 931 1562 etiam
941 1503 1123 1580 justificavit,
1138 1521 1213 1578 quos
1223 1501 1310 1578 justi·

96 1581 211 1656 fioavit,
227 1599 278 1639 eos
292 1581 379 1640 etiam
393 1582 597 1660 glorificavit.''
640 1581 700 1642 Ubi
715 1582 823 1642 Paulus
841 1582 970 1661 loquitur
990 1582 1026 1642 da
1047 1581 1257 1660 glorificatione
1280 1581 1312 1639 in

95 1661 259 1740 praeterito,
275 1669 338 1721 tum
350 1669 483 1739 respectu
497 1661 689 1722 inchoationis
702 1662 732 1720 iu
746 1663 840 1740 gratie
853 1671 883 1722 ct
897 1663 1057 1739 sanctitate,
1073 1683 1138 1740 qne
1160 1661 1313 1740 gloriaest

96 1741 248 1816 inchoata,
264 1744 283 1799 2
299 1741 364 1800 Cor.
378 1741 419 1800 iii
436 1744 482 1818 18,
497 1749 559 1801 tum
574 1749 705 1819 respectu
720 1742 909 1816 certitudinis,
924 1743 993 1820 quie
1011 1761 1092 1820 reque
1117 1750 1196 1800 certa
1217 1749 1262 1800 est
1283 1749 1314 1799 et

97 1820 275 1896 infallibilis,
291 1840 325 1880 ac
340 1821 365 1879 si
378 1821 473 1899 reipsa
493 1823 524 1879 in
548 1821 638 1880 coelos
658 1821 720 1899 jam
741 1822 897 1881 introducti
919 1830 1024 1881 essent.
1068 1821 1099 1881 si
1120 1840 1190 1898 ergo
1210 1820 1312 1898 gratia

98 1901 167 1960 iste
181 1900 343 1960 arctissime
356 1901 432 1961 iuter
445 1920 476 1960 ee
486 1901 596 1980 junctae
611 1919 673 1960 sese
688 1901 729 1959 ite
743 1901 923 1976 comitantur,
940 1909 972 1959 ut
992 1920 1077 1960 nemo
1091 1900 1313 1979 predestinatus

99 1981 150 2054 sit,
165 1980 217 2059 qui
230 1999 291 2038 nou
303 1989 432 2057 vocetur,
447 2001 533 2040 nemo
546 1989 674 2057 vocatur,
690 1980 741 2058 qui
754 2000 813 2039 non
824 1980 1008 2057 justificetur,
1022 1999 1108 2040 nemo
1128 1979 1312 2056 justificetur,

99 2059 154 2138 qui
176 2078 237 2119 nou
257 2059 443 2138 glorificetur,
465 2080 503 2119 ex
523 2081 558 2120 eo
578 2061 687 2119 invicte
707 2067 787 2138 patet
809 2057 989 2119 Electionem
1008 2059 1216 2119 immutabilem
1239 2077 1312 2133 esse,

99 2159 169 2217 quae
183 2139 376 2199 infallibiliter
389 2148 526 2200 eventum
541 2159 625 2201 suum
638 2139 726 2200 debet
740 2139 887 2217 consequi.

145 2219 207 2278 Xl.
229 2218 354 2295 Quidam
368 2215 407 2278 ex'
420 2219 589 2297 Pontitioiis,
605 2227 639 2280 ut
648 2221 780 2278 Baccara
793 2228 823 2279 et
835 2220 956 2294 Tirinus,
970 2225 1004 2277 ut
1018 2237 1049 2277 se
1063 2238 1100 2276 ex
1115 2219 1170 2276 hoc
1183 2216 1248 2275 loco
1259 2235 1310 2274 ex·

99 2299 231 2376 padiaut,
254 2298 425 2377 confugiunt
438 2300 476 2358 ad
493 2300 684 2378 hyperbaton,
708 2299 791 2377 quasi
815 2299 856 2358 ita
876 2298 1032 2377 legendum
1055 2297 1137 2374 foret,
1165 2299 1244 2356 Deua
1267 2317 1313 2356 eor

94 2379 323 2456 pradestinavit,
339 2399 408 2456 qnos
430 2381 509 2439 scivit
523 2383 594 2455 sore
613 2381 768 2455 conformes
790 2379 910 2440 Otrrhto.
954 2377 1013 2438 Sed
1034 2377 1228 2437 Bellarminue
1250 2377 1312 2454 ipse

100 2459 239 2534 agnoseit
260 2458 335 2518 hanc
356 2479 419 2519 esse
440 2459 674 2537 depravationem
695 2459 815 2535 Textus,
837 2459 888 2537 qui
910 2458 1085 2518 contrarium
1110 2458 1207 2516 hehet.
1250 2455 1313 2516 Alii

100 2538 210 2597 volunt
223 2539 272 2615 egi
285 2537 323 2597 de
336 2539 517 2616 prescientia
530 2559 637 2615 eorum,
653 2559 726 2617 quos
742 2539 822 2598 Deus
842 2539 984 2617 praenovit
995 2539 1128 2619 finaliter
1147 2537 1312 2597 creditam.

103 2618 165 2678 Sed
180 2617 280 2694 glossa
298 2617 349 2676 ille
369 2629 482 2678 textum
503 2621 513 2678 i
535 2639 598 2679 snm
619 2619 783 2696 corrumpit,
805 2639 873 2678 nam
895 2619 1004 2678 Paulus
1025 2619 1096 2678 dicit
1117 2618 1212 2676 Deum
1233 2617 1313 2694 prius

99 2699 282 2778 praenovisse
297 2717 347 2757 ecs
361 2718 434 2775 quoe
448 2640 673 2777 praedestinavit,
688 2706 721 2758 ut
741 2697 901 2758 conformes
922 2706 1019 2758 essent
1041 2697 1117 2756 Filio
1139 2717 1210 2773 euo;
1233 2695 1313 2774 Ergo

100 2797 162 2837 uon
178 2787 312 2854 poteraut
324 2779 460 2857 praecisi,
473 2779 578 2857 etjam
592 2777 761 2854 conformes,
776 2779 869 2838 multo
882 2779 979 2838 minua
992 2785 1026 2837 ut
1045 2778 1204 2852 credentes,
1227 2785 1256 2835 et
1277 2775 1313 2835 ad

101 2857 192 2916 finam
205 2877 296 2934 usque
304 2867 530 2935 perseverantes.
560 2857 753 2936 Praeccgnitio
762 2878 833 2935 ergo
847 2858 910 2936 ipss
923 2867 968 2917 est
981 2857 1108 2935 practica
1117 2875 1313 2934 personarum,

101 2957 163 2996 non
179 2938 337 2997 theoretice
351 2939 531 3016 qualitatum,
547 2937 623 2997 uude
639 2957 697 2997 non
711 2937 783 2996 dicit
797 2957 917 3014 quornm
926 2940 1015 3016 fidem
1030 2936 1237 3014 praecognovit,
1263 2935 1314 2995 sed

103 3037 175 3095 qnos
188 3017 341 3094 praenovit.
384 3019 450 3076 Nou
463 3017 568 3076 melius
582 3016 744 3092 elabuntur,
760 3017 810 3094 qui
834 3017 891 3074 ista
912 3016 1009 3074 omnia
1033 3014 1229 3074 conditionata
1251 3035 1314 3073 esse

102 3096 290 3175 pertendunt,
311 3096 467 3158 dnmmodo
489 3098 583 3156 Deum
605 3115 700 3156 amare
720 3113 779 3154 non
800 3094 982 3171 desinamus3
1006 3094 1180 3171 Apostolum
1205 3093 1315 3154 scilicet

104 3176 268 3252 ostendere,
284 3176 355 3253 quid
369 3197 406 3236 ex
419 3186 501 3256 parte
515 3195 568 3237 sua
581 3176 709 3235 facturus
723 3175 761 3234 sit
776 3175 865 3251 Deus,
881 3174 1015 3233 nimirum
1030 3173 1108 3252 quod
1122 3171 1272 3232 credentes
1286 3181 1315 3231 et

103 3265 327 3336 perseverantes
341 3257 379 3316 sit
397 3256 626 3335 glorificaturus;
649 3255 772 3314 sednon
787 3253 890 3330 dicere,
906 3273 943 3312 an
964 3254 1014 3332 qui
1035 3253 1124 3312 semel
1145 3251 1265 3311 credunt
1286 3261 1316 3312 et

105 3337 203 3396 Deum
217 3345 324 3412 emant,
339 3345 478 3415 perpetuo
492 3337 522 3394 in
537 3335 631 3395 officio
646 3353 698 3394 sno
713 3335 772 3394 sint
792 3330 989 3412 permansuri3
1012 3334 1084 3393 elias
1105 3332 1212 3412 frustm
1234 3333 1312 3391 erci-

104 3425 219 3476 teturus
234 3415 336 3476 inisset
349 3416 450 3476 fideles
464 3415 501 3476 ed
515 3415 682 3496 patientiam
697 3415 727 3472 in
741 3434 835 3474 cruce.
864 3414 938 3473 Nem
953 3415 1044 3492 gratis
1059 3422 1224 3492 supponunt
1245 3433 1313 3472 con-

103 3495 247 3556 ditionate
261 3495 318 3555 iste
332 3497 471 3556 sumenda
484 3515 555 3572 esse,
568 3515 634 3554 oum
648 3495 775 3554 conditio
790 3495 861 3573 ipsa,
875 3494 1011 3554 nimirum
1024 3494 1106 3570 fides,
1123 3493 1177 3553 sub
1190 3493 1312 3572 promis·

104 3577 216 3635 sionem
237 3575 330 3651 cadat,
355 3585 455 3654 utpote
479 3575 640 3635 vocationis
663 3575 793 3652 fructus;
826 3575 954 3652 alioquin
978 3595 1054 3634 vana
1078 3582 1155 3634 esset
1179 3573 1313 3651 gloriatio

105 3655 253 3734 Apostoli,
276 3665 305 3715 et
331 3656 494 3734 triumphus
517 3655 593 3730 fidei,
623 3655 693 3732 quid
718 3654 794 3714 enim
815 3656 934 3734 juvaret
954 3663 1049 3716 tntum
1073 3673 1138 3713 csse
1161 3653 1198 3712 ab
1222 3653 1312 3712 hosti-

104 3735 161 3795 bus
182 3736 321 3812 exteruis,
343 3737 368 3795 si
388 3736 548 3815 periculum
568 3734 652 3794 nobis
673 3755 691 3794 a
713 3735 829 3814 propria
856 3743 954 3795 nostre
980 3733 1174 3795 inconstantia
1201 3750 1314 3808 semper

104 3814 291 3874 immineret?

148 3893 227 3953 XII.
249 3894 285 3954 Id
300 3895 394 3972 ipsum
407 3914 479 3954 vero
493 3895 601 3954 Paulus
615 3893 684 3954 alibi
699 3895 848 3954 continuat
862 3893 1029 3969 clarissime,
1045 3911 1134 3970 quum
1149 3891 1224 3949 inter
1247 3889 1312 3948 dos·

108 3973 276 4034 linationem
291 3975 400 4052 glorie,
415 3983 445 4035 ct
459 3974 560 4034 salutm
575 3975 815 4050 consecutionem,
831 3993 938 4032 nexum
952 3972 1095 4050 proponit,
1107 3971 1190 4029 Rom.
1200 3969 1240 4028 xi.
1257 3972 1273 4025 7
1277 4013 1284 4041 ,
1300 3971 1313 4032 ὁ

106 4055 198 4126 baasi
212 4055 325 4132 bivano
339 4055 448 4114 Electio
462 4063 588 4114 mercata
602 4063 649 4130 est,
665 4055 759 4112 coetert'
771 4056 961 4113 occalluerant
969 4075 981 4124 ,·
1001 4051 1051 4110 ubi
1070 4069 1128 4109 non
1153 4048 1223 4107 dicit
1245 4047 1312 4106 sim-

106 4135 221 4212 pliciter
247 4137 361 4194 Elector
387 4143 535 4194 assecutos
563 4153 636 4210 asse,
664 4133 798 4192 niurirum
823 4131 967 4210 justitiam
989 4130 1038 4189 vel
1066 4129 1196 4203 salntem,
1225 4147 1312 4205 quam

107 4213 208 4275 Judaei
221 4215 318 4274 caeteri
331 4234 481 4292 perperam
499 4214 529 4272 in
545 4214 624 4292 Lege
644 4211 820 4290 querebant,
843 4210 895 4270 sed
915 4211 1079 4286 electivum,
1101 4217 1134 4268 ut
1154 4215 1235 4267 notet
1255 4227 1314 4266 non

107 4293 195 4354 modo
207 4297 365 4372 wlnodum,
381 4294 420 4354 id.
435 4294 502 4352 illos
512 4293 563 4373 qui
577 4294 734 4366 salventur,
751 4291 802 4350 sed
816 4309 939 4366 causant,
954 4309 1006 4349 cnr
1019 4289 1141 4348 salutern
1154 4288 1251 4366 potins
1265 4287 1314 4346 isti

108 4395 195 4452 quam
210 4375 260 4434 alii
274 4374 432 4451 obtineant,
447 4373 583 4434 nimirum
597 4381 733 4433 aternam
748 4371 804 4430 Dei
818 4371 997 4430 electionem.
1039 4369 1111 4428 ldao
1124 4388 1154 4427 v.
1177 4373 1205 4444 h,
1231 4366 1312 4426 dixe-

109 4463 153 4514 rat
168 4455 272 4594 Apffi'
288 4457 383 4514 Deum
396 4475 451 4513 non
470 4454 589 4531 abjicm
606 4455 744 4530 poputum
758 4471 838 4529 quem
855 4451 1004 4528 proeaocit,
1026 4457 1144 4528 propter
1165 4447 1314 4508 electionis

109 4535 211 4595 certitu
233 4535 240 4548 '
263 4554 319 4595 em.

150 4615 246 4674 XIII.
268 4615 387 4691 Quarto,
403 4613 479 4689 Quia
492 4613 658 4673 Electorum
675 4611 792 4672 uomina
813 4611 919 4690 scripta
940 4617 1008 4670 sunt
1027 4608 1058 4668 in
1079 4609 1167 4684 cells
1190 4608 1220 4667 iu
1240 4606 1314 4668 libro

111 4696 186 4770 vita,
203 4694 280 4754 Phil.
296 4695 335 4754 iv.
351 4697 380 4770 3,
396 4693 488 4772 Apoc.
504 4693 565 4752 xiii.
581 4695 609 4769 8,
631 4692 708 4753 Heb.
722 4691 775 4754 xii.
790 4695 839 4768 23,
854 4691 905 4771 qui
918 4691 1034 4752 lituram
1056 4689 1165 4755 nullam
1189 4687 1314 4766 patitur:
