3174 5174
146 355 260 408 censu.
275 335 322 420 a]
597 357 637 396 na
650 357 787 402 nonnam
802 357 938 404 samum.
1296 347 1357 409 523

146 508 176 560 et
190 499 220 556 iu
233 497 369 576 paradiso
382 503 464 558 tanto
477 497 570 574 major
582 496 777 559 inobedientia
788 499 854 577 fnit,
863 511 971 578 quanto
985 500 1016 562 id
1030 503 1108 580 qnod
1121 513 1296 582 praeceptum
1310 513 1355 564 est

146 577 257 638 nullius
271 577 449 637 difficultatis
462 576 546 636 fuit.”

187 658 263 718 VII.
286 659 368 716 Dens
382 665 478 716 autem
492 658 547 716 boc
561 653 736 734 praeceptum
759 660 870 718 homini
893 660 974 720 dedit
986 661 1025 720 ad
1038 663 1103 739 ejus
1117 663 1354 740 explorationem,

145 757 206 797 non
220 737 300 816 qnod
314 738 378 815 ejus
391 737 623 813 mutabilitatem,
629 737 678 796 vel
687 747 824 798 eventum
836 740 997 817 ignorarat;
1013 742 1065 801 sed
1075 743 1188 820 partim,
1199 751 1232 802 ut
1244 743 1356 802 homini

146 819 203 895 ipsi
226 837 309 877 suam
331 816 506 895 patefaceret
527 817 731 894 infirmitatem,
756 827 789 878 ut
803 828 910 879 eventu
923 821 987 898 ipso
1002 830 1198 898 cognosceret,
1214 831 1356 899 quantum

146 898 222 956 inter
236 899 404 957 Creaturam
419 906 449 955 et
462 897 626 956 Creatorem
640 896 791 957 interesset
800 899 992 976 discriminis3
1007 901 1111 979 partim
1125 901 1220 976 etiem,
1231 910 1264 960 ut
1275 903 1357 960 Dens

146 977 270 1055 gloriam
295 997 377 1036 suam
398 977 541 1037 illustrius
565 975 730 1035 declarandi
753 979 831 1037 circa
852 980 999 1039 hominem
1023 982 1204 1041 occasionem
1227 981 1354 1057 haberet,

145 1077 210 1134 quse
225 1057 336 1134 absque
350 1059 405 1116 hoe
425 1058 572 1135 precipua
591 1076 644 1116 sua
664 1065 745 1134 purte
758 1057 899 1134 latuisset,
921 1061 1057 1120 nimirum
1077 1060 1174 1138 quoad
1187 1060 1356 1120 exercitium

146 1137 353 1196 misericordia
366 1145 396 1196 et
405 1137 537 1215 justitias,
553 1135 599 1195 cari
613 1157 666 1215 per
678 1146 829 1215 peceatum
843 1139 968 1200 bominis
982 1141 1031 1200 via
1044 1149 1143 1218 aperta
1156 1148 1209 1200 est.

625 1373 820 1448 ouAEsrro
840 1375 879 1435 v.

610 1551 647 1590 DE
661 1550 780 1592 ARBORE
794 1553 886 1593 ww.

531 1689 611 1748 Unde
624 1689 700 1748 dicta
712 1691 749 1749 sit
760 1691 857 1751 Arbor·
876 1691 968 1750 Vitoe!

187 1847 212 1906 Ι.
235 1846 340 1906 Altera
365 1845 470 1920 Arbor,
494 1865 552 1923 qua
575 1846 656 1905 Deus
678 1847 770 1906 veluti
796 1848 982 1908 Sacramento
1011 1848 1235 1910 Ptomissionem
1259 1849 1356 1908 datam

146 1925 263 1986 Adnmo
277 1925 430 2002 obsignare
444 1924 547 2000 voluit,
561 1924 617 1985 fuit
629 1927 725 1985 Arbor
737 1927 808 2004 vitre,
824 1927 900 1987 circa
914 1929 998 2005 cujus
1018 1929 1277 1988 nomenclationem
1298 1948 1356 1988 non

145 2026 204 2066 una
218 2015 264 2066 eat
278 2005 406 2064 omnium
421 2004 572 2064 sententia.

145 2121 213 2170 Unde
223 2124 332 2169 dm„
342 2123 389 2167 Aa
451 2084 493 2144 11.
509 2083 633 2160 Quidam
646 2085 819 2161 pertendunt
833 2086 874 2146 ita
887 2093 1019 2146 roceum
1033 2085 1121 2145 finisse
1135 2087 1262 2163 effective,
1278 2085 1356 2164 qnod

174 2184 221 2229 bor
236 2184 312 2228 vicar
332 2181 389 2226 Non
409 2163 470 2222 vim
484 2164 611 2224 innatam
625 2165 745 2224 baberet
758 2166 904 2224 hominem
917 2165 1093 2240 mulcandi,
1109 2165 1148 2225 id.
1170 2186 1228 2225 non
1242 2175 1355 2225 tantum

175 2241 298 2288 sentire.
408 2244 525 2304 morbos
539 2252 568 2303 et
581 2244 746 2321 languores,
762 2245 814 2304 sed
828 2255 857 2304 et
870 2245 964 2324 ipsam
974 2253 1096 2304 mortem
1110 2245 1234 2322 arcendi,
1251 2254 1280 2304 et
1294 2266 1355 2303 orn-

143 2325 292 2385 nimodam
314 2323 559 2383 immortalitatem
583 2324 640 2400 ipsi
661 2325 836 2400 conferendi,
861 2326 941 2402 quod
954 2326 1138 2400 Ballenaion,
1164 2335 1193 2385 et
1208 2324 1296 2384 variis
1317 2345 1355 2384 ex

144 2405 307 2466 Pontificiis
327 2404 441 2482 placet,
466 2403 525 2462 Sed
537 2403 640 2463 merito
654 2424 672 2462 a
685 2405 776 2480 Scato,
794 2407 909 2482 Thomu,
933 2415 963 2465 et
976 2405 1041 2464 aliis
1054 2406 1117 2464 haec
1131 2405 1273 2466 sententia
1286 2406 1354 2483 reji-

143 2487 238 2546 citur:
260 2485 336 2560 Quia
348 2482 477 2561 potentia
495 2482 577 2541 finita
597 2502 656 2544 non
676 2485 770 2561 potuit
793 2484 900 2544 babere
921 2483 1076 2544 efficaciam
1097 2484 1248 2560 infinitam,
1263 2485 1355 2544 vitam

142 2565 173 2625 in
187 2565 333 2624 infinitum
341 2571 456 2641 tempus
464 2562 654 2622 extendendi:
676 2563 763 2623 Adde
777 2563 936 2642 quodcum
950 2565 1061 2624 fructus
1075 2565 1139 2642 ejus
1147 2585 1206 2624 non
1216 2565 1354 2624 minusne

143 2665 248 2705 succus
262 2643 439 2721 corruptioni
453 2643 597 2702 obnoxius
610 2652 696 2719 esset,
719 2645 852 2704 absolute
875 2665 934 2704 non
957 2645 1099 2722 potuisset
1119 2644 1157 2702 ab
1170 2645 1288 2704 interitu
1301 2644 1353 2704 bo·

142 2725 251 2784 minem
264 2724 421 2797 vindicare,
431 2721 488 2780 nisi
501 2723 558 2782 alia
572 2743 660 2782 musa
673 2724 891 2784 intercessisset.
934 2724 1127 2786 Probabiliter
1139 2725 1257 2800 quidem
1266 2723 1355 2783 statui

143 2813 249 2882 potest,
272 2805 396 2864 fmctum
418 2801 481 2879 ejus
501 2802 590 2862 fuisse
610 2803 750 2879 optimum
764 2813 793 2864 et
807 2804 1036 2864 efficacissimum
1055 2804 1124 2862 vitas
1148 2803 1354 2863 conservandae

142 2884 320 2960 alimentum,
344 2884 391 2943 cui
415 2881 502 2942 insita
525 2882 612 2942 fuerit
633 2884 679 2942 vis
702 2883 869 2943 facultatem
893 2884 1062 2943 nutritivam
1086 2883 1298 2958 corroborandi,
1323 2891 1354 2942 et

142 2963 296 3024 humidum
309 2961 435 3024 radicale
449 2962 608 3040 reparandi,
624 2970 654 3022 et
668 2963 838 3040 aquabilem
854 2963 986 3022 sanitatis
999 2970 1029 3021 et
1037 2962 1150 3038 vigoris
1164 2969 1271 3021 statum
1285 2982 1352 3020 oon-

143 3043 289 3120 servnndi,
315 3043 407 3102 donec
420 3041 451 3100 in
465 3042 613 3104 coelestem
627 3041 717 3102 vitam
742 3043 921 3102 eveheretur.
946 3108 948 3113 .
964 3041 1023 3102 Sed
1042 3061 1102 3099 non
1122 3049 1274 3118 propterea
1296 3042 1352 3100 boc

142 3124 260 3184 nomine
274 3121 413 3201 peculiari
426 3121 560 3198 insigniri
574 3121 730 3198 debuisset,
742 3122 811 3200 quis
824 3123 888 3182 aliae
899 3121 986 3182 etiam
995 3121 1112 3180 arbores
1120 3119 1223 3180 eadem
1232 3119 1350 3196 virtute,

142 3203 167 3266 si
180 3223 240 3263 non
248 3203 322 3264 forte
333 3201 489 3281 aqualiter,
501 3201 657 3279 pollebant.

447 3281 508 3340 Ill.
530 3281 721 3358 Longe'ergo
744 3280 848 3340 melius
873 3279 910 3339 ab
932 3280 998 3339 aliis
1021 3280 1157 3343 statuitur
1170 3298 1276 3339 nomen
1295 3279 1351 3340 boc

168 3348 215 3396 Μ
221 3363 360 3454 fflgffffl'
402 3361 547 3440 praecipue
574 3360 705 3422 sortitam
728 3380 792 3420 esse
816 3359 901 3420 istam
924 3361 1056 3420 arborem
1078 3359 1189 3420 ratione
1211 3360 1350 3438 signfica-

309 3439 315 3452 '
405 3441 496 3516 sons,
510 3441 579 3518 quia
593 3449 803 3502 sacramentum
826 3449 855 3500 et
869 3440 1033 3519 symbolum
1047 3439 1103 3500 fnit
1116 3441 1349 3517 immortalitatis,

142 3539 207 3598 qun
221 3519 338 3579 Adnmo
353 3519 598 3596 conferendsfnit,
609 3521 675 3580 siin
689 3522 781 3599 primo
795 3529 872 3582 statu
885 3530 1108 3599 perseverasset.
1130 3521 1217 3582 Unde
1230 3522 1349 3599 August,

142 3599 192 3660 lib.
208 3599 269 3658 viii.
285 3599 321 3659 de
335 3620 419 3678 gene.
434 3599 472 3663 ed
484 3601 528 3662 lit.
544 3619 568 3660 c.
584 3605 614 3662 4.
654 3603 740 3678 Erat,
756 3602 859 3679 inquit,
881 3602 908 3662 ei
919 3603 949 3661 in
962 3603 1069 3662 enters
1083 3602 1164 3678 lignis
1177 3605 1347 3678 alimentum,

141 3679 171 3738 io
184 3680 237 3740 isto
250 3689 345 3740 accen
357 3690 573 3742 sacramentnm.
617 3680 795 3760 significatio
809 3689 906 3743 autem
919 3683 982 3742 hac
995 3689 1092 3759 potest
1105 3682 1242 3758 triplicem
1265 3682 1349 3756 σχίηι

141 3759 257 3820 habere.
300 3763 327 3818 1.
349 3760 497 3838 Respeetu
509 3761 573 3820 oitoe
600 3763 765 3837 metatus,
794 3763 862 3839 qnia
889 3770 951 3821 erat
977 3761 1142 3838 symbolum
1167 3767 1349 3836 μιψηυτιιὶι

141 3840 209 3898 vitae
224 3859 242 3898 a
256 3839 320 3900 Deo
334 3849 476 3918 acceptse;
497 3841 611 3918 quoties
625 3841 747 3900 enimde
758 3841 809 3900 illo
822 3841 916 3899 fructu
931 3841 1075 3916 gustabat,
1090 3841 1236 3898 recordari
1249 3840 1349 3900 debuit

141 3937 172 3978 se
182 3937 242 3980 non
255 3939 273 3977 a
287 3920 391 3997 seipso,
407 3921 459 3980 sed
472 3941 490 3980 a
505 3921 568 3980 Deo
590 3921 680 3980 vitam
702 3921 818 3979 babere.
860 3923 898 3978 2.·
911 3919 1057 3998 Respectu
1070 3920 1133 3978 vite
1146 3922 1264 3995 future,
1280 3919 1350 3997 quia

140 3998 195 4060 fuit
209 4000 326 4076 signum
339 4005 487 4076 querenda
500 4009 530 4060 et
543 4005 724 4081 σφργιπαὶι
748 4000 816 4058 vitae
840 3999 934 4058 beate
954 3998 985 4056 in
998 3998 1132 4076 paradiso
1144 3999 1347 4076 transigendae,

139 4087 169 4138 et
181 4079 212 4138 in
226 4080 374 4142 coelestem
387 4089 489 4158 postea
501 4080 735 4156 transmutanda,
751 4080 776 4140 ai
797 4079 830 4138 in
846 4078 1011 4157 integritate
1024 4079 1205 4156 perstitisset.
1247 4083 1275 4140 3.
1292 4079 1349 4138 Ra·

138 4159 217 4218 tione
230 4169 319 4220 statu
329 4163 441 4237 qratia
464 4160 532 4238 quia
544 4160 600 4222 fuit
613 4161 734 4221 illustris
747 4169 835 4239 typus
848 4159 994 4218 felicitatis
1008 4169 1130 4233 aterna,
1146 4180 1210 4237 quse
1223 4159 1254 4218 in
1269 4159 1350 4220 caelis

139 4239 224 4298 nobis
236 4247 337 4317 parata
350 4250 405 4317 eat,
419 4249 450 4299 et
460 4241 569 4302 Christi
589 4241 688 4318 ipsius,
710 4241 761 4319 qni
774 4260 838 4300 eam
851 4239 937 4301 uobis
950 4238 1104 4317 acquisivit
1122 4247 1152 4298 et
1165 4239 1284 4315 confert,
1299 4239 1350 4316 qui

139 4317 206 4378 ideo
220 4328 350 4395 vocatur,
374 4323 394 4355 “
409 4320 508 4380 Arbor
520 4321 590 4380 vitae
604 4321 634 4380 in
647 4321 744 4380 medio
757 4319 884 4399 paradisi
899 4319 983 4395 Dei,”
1006 4317 1129 4397 Apocal.
1144 4319 1174 4380 ii.
1190 4324 1217 4394 7,
1232 4327 1262 4378 et
1275 4319 1348 4379 xxii.

139 4401 169 4459 2.
191 4401 210 4432 “
224 4399 324 4463 Arbor
336 4401 406 4460 vite
420 4400 531 4460 fructus
544 4400 697 4462 duodecim
711 4421 762 4479 per
786 4401 917 4478 singulos
937 4419 1051 4460 menses
1065 4399 1167 4476 ferens,
1183 4399 1268 4477 cujus
1281 4398 1351 4458 folia

139 4479 260 4538 suntad
274 4481 427 4540 sanitatem
442 4481 601 4558 gentium.''

179 4559 237 4618 IV.
258 4559 331 4620 Vita
344 4579 415 4638 ergo
429 4579 516 4637 quam
530 4561 616 4620 arbor
628 4558 685 4620 ista
706 4559 890 4637 sigrdficabat
909 4568 939 4620 et
952 4559 1132 4638 obsignabat,
1147 4577 1206 4618 non
1220 4557 1275 4618 fuit
1287 4579 1350 4618 cor·

138 4640 217 4714 poris
232 4637 322 4700 sonus
335 4641 451 4718 proprie
465 4639 514 4698 vel
526 4640 707 4718 longaevitas,
723 4641 772 4698 vel
785 4640 1000 4717 immortalitss;
1016 4641 1068 4701 sed
1082 4649 1188 4700 aeterna
1200 4639 1350 4700 beatitudo
