3044 5180
70 401 174 450 ounsr.
189 379 250 462 rv.]
509 399 549 439 nn
563 397 706 440 numeris
721 397 781 458 cnr,
796 397 861 441 nro.
1220 386 1278 446 287

374 539 417 598 Il.
439 539 490 598 Ad
503 539 678 616 Questionis
693 539 807 600 8111111]
821 540 952 616 observa,
970 543 997 600 1.
1012 542 1210 601 Necessarium
1220 543 1279 603 dici

93 608 266 714 ffiffi*
331 619 364 678 id
377 619 456 698 quod
469 621 553 715 aliter
565 639 597 680 se
617 620 725 714 babere
738 640 797 680 non
816 630 921 699 potest,
934 626 964 679 vt
983 624 1018 698 pt
1032 619 1177 698 blandum
1189 621 1278 690 tissa

190 781 197 796 .
244 781 253 796 ⁶
330 697 403 778 ipss,
419 709 455 796 ut
473 700 598 759 nommis
619 709 693 794 retro
714 721 732 760 a
750 719 810 759 non
827 701 968 796 cessando
981 701 1169 797 demonstrat.
1212 703 1279 764 Hoc

66 791 157 964 ζζξῗ
231 916 247 964 ,
331 779 852 939 attestatus
870 781 1279 941 tetttttjttss

125 975 224 1034 miss.
330 941 419 1001 situm
430 941 599 1018 simpliciter
612 947 656 1000 est
665 941 730 1035 ileo
743 941 930 1019 impossibile,
940 949 1072 1036 utquam
1082 941 1188 1002 dicitur
1197 943 1279 1005 Deus

119 1101 126 1112 ·
294 1019 611 1114 'incorruptubilia'et
624 1039 675 1098 qur
689 1039 816 1116 serpsum
826 1021 971 1118 abnegare
981 1031 1099 1107 neqmt;
1121 1021 1278 1120 mrtypa

66 1101 164 1175 thebea
196 1119 244 1159 uss
257 1109 357 1160 oritur
371 1121 409 1160 ex
422 1100 579 1180 hypothesi
592 1099 701 1160 decreti
713 1101 815 1178 divim,
830 1111 997 1180 quoposrto
1005 1121 1124 1162 necesse
1137 1111 1182 1162 est
1195 1123 1279 1182 soqnt

65 1179 149 1256 ipsum
160 1119 304 1240 edoctum
313 1179 448 1240 volitum.
470 1180 554 1240 Prior
561 1180 699 1240 fundatur
711 1181 741 1239 in
755 1181 929 1242 immutabili
938 1183 1123 1258 Deinatara3
1136 1185 1280 1260 posterior

65 1258 90 1316 in
99 1259 275 1319 immutabili
286 1259 356 1339 ejus
366 1259 524 1334 voluntate
533 1279 598 1338 quae
611 1260 715 1320 iterum
724 1261 834 1338 duplex
847 1271 906 1338 e'st;
921 1263 978 1321 alia
991 1263 1230 1331 immutabilitatis,
1239 1282 1278 1324 ex
1359 1305 1364 1311 -

65 1337 169 1398 decreto
175 1340 370 1416 immutabili,
377 1339 435 1400 alia
443 1341 656 1418 infallibilitate,
664 1361 700 1400 ex
709 1341 891 1419 praescientia
900 1343 1053 1402 infallibili.
1069 1343 1106 1401 In
1114 1343 1201 1406 rebus
1207 1344 1279 1422 ipsis

64 1420 142 1478 sarire
156 1420 247 1480 etiam
271 1429 433 1480 occurrunt
446 1421 628 1481 necessitatis
649 1421 769 1499 species.
813 1423 839 1481 1'.
853 1424 976 1499 Physica
989 1431 1019 1482 et
1039 1424 1153 1482 interna
1165 1443 1183 1482 a
1196 1433 1279 1502 parta

67 1519 207 1559 causarum
222 1500 433 1577 secundarum,
449 1520 514 1578 quse
527 1500 569 1561 ita
583 1509 651 1560 sunt
665 1501 703 1560 ad
715 1510 811 1562 unnm'
819 1501 1025 1579 determinata,
1039 1511 1145 1564 utnon
1165 1505 1278 1582 possint

66 1579 139 1636 aliter
152 1600 249 1657 agere,
267 1589 304 1641 ut
319 1581 352 1638 in
365 1580 434 1658 igne
447 1581 604 1641 necessitas
617 1581 730 1641 urendi.
771 1581 800 1642 22
817 1583 983 1661 Coacticm'c,
995 1603 1060 1662 quae
1073 1583 1277 1662 orituraprin·

67 1657 132 1734 cipio
145 1667 270 1719 externo
294 1679 351 1739 per
364 1660 532 1720 violentiam
554 1669 669 1738 agente.
719 1665 747 1722 3.
763 1647 961 1740 llypotbctica
980 1673 1091 1723 coenare
1109 1684 1161 1724 seu
1174 1667 1277 1742 depen-

68 1739 164 1816 dcrtioe,
179 1759 233 1818 per
246 1759 343 1819 quam
357 1759 412 1816 res,
427 1739 496 1800 licet
509 1741 548 1800 sit
561 1749 664 1800 natura
678 1742 891 1802 eua‘tnutabilis
904 1752 935 1802 et
950 1745 1130 1821 contingens,
1146 1763 1205 1802 nen
1225 1763 1277 1822 po·

67 1825 117 1876 test
128 1837 183 1878 non
197 1839 265 1879 ease
279 1827 404 1900 propter
424 1817 644 1958 deffidentiani
662 1825 683 1880 t'
694 1823 751 1900 Dei
770 1822 961 1898 ordinatione,
977 1824 1061 1901 cujus
1074 1843 1128 1884 nec
1141 1825 1278 1886 veluntas

70 1899 170 1975 mutari,
183 1919 239 1961 nec
253 1899 444 1980 praescientia
509 1899 635 1979 'potest
669 1909 673 1940 ¹
699 1907 702 1914 '

105 1977 159 2038 ΠΙ.
179 1979 248 2039 Non
263 1980 414 2059 quaeritur.
423 1979 459 2040 de
473 1981 644 2040 Necessitate
657 1983 785 2040 absoluta
797 1988 827 2039 et
836 1980 963 2059 physica,
978 1990 1112 2059 respectu
1126 2001 1277 2044 causarum

71 2058 249 2120 secundarum
263 2061 298 2120 in
314 2080 355 2138 so,
372 2060 440 2137 quia
453 2059 576 2121 fatemur
589 2061 739 2120 aliasesse
759 2061 945 2136 necessarias,
960 2061 1033 2120 alias
1055 2061 1276 2140 contingentem

71 2135 121 2194 Sed
132 2149 265 2218 respectu
281 2140 343 2200 Dei
357 2147 387 2200 ct
400 2140 430 2198 in
445 2140 545 2200 ordine
559 2141 597 2200 ad
610 2142 715 2218 ipsum.
748 2139 815 2198 Non
823 2140 860 2199 de
870 2142 1029 2200 maerere
1038 2142 1197 2214 ceacdmae,
1208 2141 1278 2218 quia

70 2214 203 2278 decretum
217 2221 337 2280 nnllam
350 2219 412 2279 vim
425 2219 511 2280 infert
525 2221 620 2280 cauus
635 2219 778 2294 secundis,
791 2219 843 2279 sed
856 2219 1054 2280 fartus-itionem
1067 2239 1162 2280 rsmm
1176 2220 1275 2280 decre·

71 2295 107 2355 vit
118 2297 176 2358 fieri
190 2300 405 2360 convenienter
417 2308 528 2360 naturae
541 2301 686 2377 ipserum3
711 2300 770 2360 Sed
780 2299 963 2378 quaeriturde
973 2302 1133 2360 monetote
1145 2301 1276 2380 hypatio

69 2373 116 2433 t'ca
128 2387 154 2436 et
165 2381 383 2458 cmueqamtioe,
393 2387 526 2458 respectu
540 2380 720 2440 certitudinis
728 2389 851 2440 eventus
864 2388 894 2441 et
902 2380 1080 2441 futuritionis
1089 2399 1128 2440 ex
1141 2381 1257 2441 decreto
1267 2404 1275 2459 ;

87 2473 145 2515 uam
158 2461 331 2522 asserimus.
498 2483 500 2486 ·
518 2492 522 2498 ·
561 2483 564 2494 ¹

71 2567 308 2680 exue
328 2539 1088 2697 ..totusue-..tuututur*
1102 2541 1275 2683 utut

129 2695 235 2738 Μ*
328 2701 444 2759 evenire
458 2707 587 2776 tempore
600 2701 770 2778 praestituto,
786 2701 858 2761 alias
871 2710 1031 2762 mutaretur
1042 2643 1273 2779 Dcldoconsilium,

71 2773 139 2850 quod
150 2777 212 2838 fieri
231 2797 326 2857 posse
345 2789 435 2857 negat
459 2779 615 2858 Scriptura,
632 2779 689 2841 Isa.
704 2781 777 2840 xlvi.
794 2783 840 2859 10,
857 2781 999 2859 Ephesi.
1014 2785 1042 2842 9.
1085 2787 1113 2840 2.
1136 2783 1211 2857 Quia
1223 2801 1274 2841 ne-

73 2855 223 2917 cessitatem
247 2861 340 2918 istam
366 2859 514 2940 Scriptura
535 2859 681 2938 predicet,
704 2861 810 2920 Matth.
830 2861 913 2921 xviii.
937 2865 966 2921 ’1.
989 2861 1151 2922 “Necesse
1173 2871 1219 2920 est
1241 2871 1275 2922 ut

74 2935 197 2996 madan
218 2939 390 3014 eveniant,”
416 2949 446 3000 et
466 2939 589 2999 cxxvi.
612 2942 660 3000 54.
684 2943 702 2976 ‘⁴
724 2940 875 3016 Quomodo
898 2941 1087 3018 implerentur
1109 2939 1273 3018 Scriptura,

75 3029 131 3088 qua
142 3015 241 3090 dicunt
268 3019 310 3077 ita
331 3017 436 3078 debere
458 3019 550 3094 fieri,''
566 3021 676 3080 scilicet
696 3041 734 3079 ex
754 3020 880 3080 decreto.
896 3021 968 3080 Lac.
990 3021 1064 3078 xxii.
1079 3025 1128 3078 22.
1151 3019 1275 3080 “Filius

75 3089 186 3156 hominis
199 3099 295 3176 vadii,
316 3101 386 3157 md
407 3103 434 3158 ri
456 3100 587 3181 &perpetua
630 3101 678 3160 Ita
699 3099 766 3158 Aet.
781 3100 812 3158 ἱὶ.
827 3103 875 3176 23,
888 3107 917 3158 (tt
937 3100 977 3158 iv.
992 3103 1041 3159 28.
1064 3099 1226 3158 “Herodes
1246 3109 1277 3160 et

77 3168 183 3235 Pontius
198 3177 315 3238 Pilatus
330 3181 498 3258 congregati
513 3188 580 3240 sunt
603 3180 641 3239 ad
663 3178 826 3238 iaciendum
848 3198 883 3238 aa
896 3179 993 3237 omnia
1015 3197 1081 3256 quas
1100 3197 1204 3238 manus
1224 3187 1277 3240 tua

77 3257 292 3334 etmnsilium,''
306 3258 337 3317 id
352 3268 397 3320 est
409 3259 562 3319 consilium
575 3259 805 3320 efficacissimum
820 3261 934 3318 “antea
948 3259 1136 3319 decreverant
1147 3257 1240 3318 fieri.”
1258 3263 1273 3317 1

78 3327 132 3391 Cor.
145 3337 184 3396 xi.
201 3341 251 3399 19.
295 3339 449 3400 “Necesse
464 3346 508 3400 est
527 3339 653 3400 haereses
673 3341 767 3416 eese,'’
782 3337 837 3398 dre.
879 3343 908 3399 s.
929 3339 1005 3415 Quia
1017 3339 1144 3399 mamma
1157 3338 1277 3400 tonuita

77 3417 103 3467 tt
122 3417 244 3478 miralia
267 3421 430 3479 necessario
455 3420 591 3480 dieunmr
614 3419 751 3494 evenire3
779 3426 860 3496 patet
879 3420 1014 3496 exemplo
1039 3418 1274 3498 cndiseasualis,

79 3486 303 3574 Exed.xxi.12‚
329 3501 375 3575 13,
401 3499 530 3576 sortium,
555 3500 675 3560 Provcr.
699 3500 762 3559 xvi.
777 3503 825 3573 33,
840 3500 1019 3559 avicrdarom
1041 3507 1071 3559 et
1094 3500 1274 3579 capillorum,

80 3566 158 3712 Matr}1³
174 3581 269 3715 1229,
286 3580 334 3656 30,
349 3600 387 3638 ex
409 3581 518 3640 ossium
533 3579 640 3639 Christi
664 3579 891 3657 conservatione,
906 3580 994 3640 Joan.
1012 3579 1074 3640 xix.
1090 3583 1137 3658 36,
1161 3590 1192 3640 et
1210 3582 1276 3660 ejus

82 3662 120 3706 ¹¹10
160 3699 168 3730 ,
211 3667 252 3718 ct.
267 3659 308 3718 iv.
322 3661 371 3718 28.

113 3729 147 3790 V.
167 3737 194 3796 t.
208 3738 286 3813 Quia
308 3747 342 3798 ut
361 3737 510 3798 infallibili
532 3737 713 3818 praescientis
735 3740 832 3800 omnia
854 3739 1059 3817 providentur,
1075 3737 1145 3798 Act.
1159 3757 1210 3797 xv.
1227 3741 1274 3816 18,

83 3803 149 3870 lleb.
161 3814 198 3875 iv.
208 3821 258 3896 13,
273 3819 315 3880 ita
328 3817 519 3878 infallibiliter
532 3819 648 3878 evenire
658 3839 777 3880 necesse
791 3827 844 3880 est.
867 3821 895 3878 b.
905 3819 980 3894 Quia
990 3827 1069 3878 certo
1079 3817 1276 3895 praedicuntur

83 3897 111 3944 11²
121 3889 214 3974 futura,
231 3899 274 3958 ita
286 3907 319 3958 ut
334 3917 426 3958 senno
442 3899 498 3957 Dei
511 3919 571 3959 non
583 3899 676 3977 possit
689 3899 832 3974 excidere,
846 3919 900 3958 nec
916 3899 978 3958 Scri
998 3907 1065 3958 tura
1078 3897 1171 3972 solvi3
1196 3895 1277 3974 Ergo

85 3963 174 4036 debent
185 3979 349 4038 necessario
363 3979 541 4057 contingere,
562 3979 588 4038 si
600 3999 661 4039 non
674 3980 770 4057 quoad
783 3979 900 4038 modam
986 3977 1119 4052 ussonia
1135 3975 1186 4054 qui
1199 3994 1277 4054 sape

86 4051 246 4135 confingens,
261 4067 293 4118 at
302 4058 399 4138 quoad
413 4059 614 4118 certitudinem
628 4067 758 4135 eventus,
769 4057 820 4136 qui
833 4059 917 4118 aliter
931 4077 962 4118 se
973 4057 1147 4116 baberencn
1160 4063 1265 4133 potest.

367 4137 425 4198 VI.
447 4137 533 4214 Quod
547 4139 648 4198 statuit
661 4137 929 4198 determinationem
943 4137 981 4195 ad
1001 4155 1092 4196 unum
1111 4155 1164 4214 per
1176 4153 1275 4195 neces

116 4192 135 4237 ἲ
154 4257 159 4268 ·
250 4219 277 4250 ¹²·
328 4218 443 4279 citatem
478 4219 639 4298 physicam,
664 4219 713 4278 vel
741 4217 907 4293 coactionis,
945 4215 1023 4276 tollit
1049 4215 1212 4274 libertatem
1246 4223 1277 4276 ct

139 4365 146 4380 ι
329 4299 575 4376 contingentiam
597 4299 649 4357 sed
668 4317 727 4356 non
741 4295 821 4374 quod
833 4315 898 4355 eam
919 4296 1021 4356 statuit
1033 4303 1146 4354 tantum
1160 4315 1212 4372 per
1225 4315 1275 4356 ns·

86 4373 232 4432 urucam
244 4375 482 4456 hypotheticam
503 4379 572 4456 quia
593 4377 735 4437 certitudo
757 4395 817 4435 non
838 4376 929 4435 oritur
950 4395 988 4435 ex
1009 4393 1160 4435 eausamm
1174 4393 1275 4435 seeum

88 4437 173 4530 {hrum
185 4461 294 4532 natura
310 4476 375 4535 quas
387 4459 488 4519 liberae
502 4466 569 4518 sunt
589 4467 619 4518 et
638 4458 848 4536 contingentes,
870 4455 922 4516 sed
940 4457 1102 4516 extrinsece
1116 4475 1154 4514 ex
1167 4455 1277 4516 demeti

87 4533 399 4616 ¹s1muabiliute,quod
412 4538 454 4600 ita
464 4537 636 4598 determinat
645 4538 843 4599 iirbrritienem
853 4544 984 4613 eventus,
993 4545 1027 4597 ut
1039 4555 1133 4596 rerum
1144 4545 1276 4597 naturam

89 4615 136 4662 ron
147 4621 243 4692 mutet,
258 4617 310 4675 sed
323 4637 370 4678 res
383 4619 561 4680 necessarias
574 4620 745 4695 necessario,
759 4618 867 4678 liberas
878 4617 970 4677 libere
984 4637 1071 4696 agere
1086 4617 1170 4678 sinat.
1212 4618 1275 4679 Un-

89 4677 200 4763 deputet
211 4697 413 4760 necessitatem
427 4707 457 4760 et
470 4699 733 4760 immutabilitatem
747 4699 855 4760 decreti
870 4699 970 4760 tollere
984 4697 1102 4778 quidem
1117 4697 1274 4777 emuiapen-
