3044 5180
111 386 218 437 Qum.
234 365 295 448 nn]
546 383 585 424 nn
599 383 743 430 arcanus
757 355 818 439 bar,
833 382 899 424 arc.
1255 369 1318 432 285

110 535 139 588 ta
150 525 359 600 conditionata,
375 523 448 602 quia
461 543 520 584 non
532 524 678 604 pertinent
691 523 730 583 a'd
743 523 923 584 solensem
936 521 1149 600 decernentem,
1167 524 1222 586 sed
1246 545 1318 604 pra·

110 609 270 686 cipientem,
285 613 316 666 et
339 613 411 666 aunt
431 605 604 683 appendices
624 604 825 670 mandatorum
845 605 1019 680 divinorum,
1041 624 1106 682 qna
1126 624 1178 682 par
1201 607 1320 668 modum

111 687 220 748 stimuli
231 687 291 746 illis
305 685 457 746 adduntur
470 685 509 746 ad
522 685 654 746 homiues
667 684 847 744 excitandos.
889 684 938 744 Ita
950 685 1001 762 qui
1014 685 1158 762 promittit
1178 693 1207 746 et
1226 687 1319 746 mina·

50 811 55 818 ·
112 779 161 828 tur
172 768 224 828 aab
237 765 408 826 conditione
421 766 540 841 incerta,
554 785 614 825 non
627 764 759 843 prndicit
772 773 823 824 aut
836 763 965 825 decernit
978 764 1050 842 quid
1065 766 1104 826 sit
1122 765 1219 844 reipsa
1232 786 1320 826 even.-

113 857 214 924 turam,
229 843 283 907 sed
297 854 413 906 tantum
426 845 536 910 indicat
549 846 621 922 quid
634 845 750 905 evenne
764 853 852 923 queat
870 845 1033 905 conditione
1057 846 1187 924 prestita
1199 847 1248 906 vel
1270 867 1320 908 ne-

109 929 214 1006 glecta.
258 925 347 988 Unda
360 926 436 986 tales
450 925 655 1003 promissiones
670 932 700 985 et
714 924 950 984 comminationes
963 925 1121 986 ostendunt
1134 933 1247 990 tantum
1270 947 1320 988 ne·

109 1008 268 1068 cantium
282 1027 392 1068 nexum
407 1005 581 1066 conditionis
594 1025 660 1066 cum
685 1005 890 1080 conditionate,
915 1005 968 1072 sed
989 1005 1100 1067 nullam
1123 1006 1321 1070 futuriticnem

109 1089 152 1148 rei
164 1087 334 1227 ippolvunt
357 1085 420 1146 'At
434 1085 551 1148 decreta
563 1086 672 1146 babent
684 1084 837 1146 veritatem
852 1084 1045 1164 categoricam
1054 1085 1091 1146 de
1104 1105 1135 1148 re
1149 1085 1255 1165 lutens,
1270 1096 1322 1148 aut

109 1188 167 1227 non
214 1175 291 1228 tura.
646 1223 650 1232 .

149 1247 211 1308 XI.
235 1247 379 1322 Quamvis
393 1246 488 1306 omnis
501 1244 654 1324 promissio
667 1246 717 1305 vel
730 1245 915 1306 comminatio
928 1247 1119 1324 hypothetica
1131 1246 1246 1310 refundi
1270 1247 1320 1307 de·

108 1327 176 1388 beat
188 1327 319 1388 mediate
332 1327 364 1386 in
377 1325 497 1405 aliquod
510 1325 657 1386 decretum
676 1345 695 1384 a
707 1345 766 1403 quo
778 1326 903 1403 pendeat
915 1349 923 1403 ;
944 1347 1003 1386 non
1025 1326 1112 1387 debet
1136 1347 1199 1388 esse
1221 1327 1320 1389 decre·

111 1417 171 1468 tum
181 1407 425 1480 conditionatum,
441 1406 492 1466 scd
506 1406 690 1483 absolutum
712 1425 770 1464 non
792 1407 911 1483 quidem
924 1406 961 1466 de
976 1407 1146 1468 executione
1168 1407 1211 1466 rei
1231 1408 1319 1486 illius,

109 1507 161 1548 aaa
175 1488 214 1548 da
228 1488 295 1565 ejus
309 1495 388 1546 certa
400 1486 578 1562 futuritione,
593 1485 646 1546 sed
659 1493 772 1547 tautum
786 1485 822 1546 de
836 1487 901 1564 ejus
915 1506 980 1548 eum
1003 1487 1061 1546 alia
1081 1487 1229 1546 infallibili
1252 1509 1320 1548 con·

110 1569 258 1643 nexione;
280 1587 310 1627 v.
325 1587 355 1644 g.
376 1566 535 1645 propositio
555 1567 736 1643 Evangelica
755 1566 891 1627 servandi
911 1576 1077 1644 peccatores
1098 1568 1123 1628 si
1147 1567 1322 1628 crediderint

110 1649 214 1708 nititur
224 1648 325 1725 aliquo
334 1646 459 1721 decreto,
474 1666 534 1706 non
544 1645 661 1724 quidem
670 1647 712 1706 rei
721 1645 907 1722 fiitnritionis,
920 1647 1005 1724 quasi
1013 1647 1147 1708 omnibus
1161 1647 1322 1710 decreverit

112 1728 180 1788 dare
194 1727 321 1787 salutem
336 1727 391 1786 aab
405 1726 570 1788 conditione
583 1726 660 1803 fidei,
676 1726 728 1786 sed
741 1727 928 1804 commotast,
950 1747 1009 1806 qua
1029 1726 1116 1788 fidem
1138 1748 1204 1788 cum
1228 1726 1321 1788 salute

112 1807 310 1869 indissolubili
323 1827 405 1866 nexu
419 1807 528 1868 sociare
546 1806 661 1867 voluit:
684 1807 732 1866 Sic
752 1825 843 1884 quum
864 1807 974 1867 Paulus
994 1807 1186 1868 comminatur
1204 1817 1322 1868 mortem

114 1889 169 1952 illia
181 1889 231 1964 pai
249 1890 402 1948 medelas
415 1907 529 1946 emnem
541 1887 672 1962 maeret,
689 1887 774 1946 Rom.
790 1886 852 1947 viii.
876 1889 923 1961 13,
937 1905 1086 1964 perperam
1100 1887 1166 1964 quis
1180 1887 1248 1946 inde
1262 1888 1321 1948 cole

111 1967 216 2045 ligaret
231 1968 330 2026 Deum
343 1967 491 2026 decretura
505 1967 735 2028 conditionatum
749 1965 852 2026 secisse
866 1965 903 2030 de
917 1967 1045 2026 omnium
1064 1974 1165 2042 morte,
1181 1967 1207 2027 si
1219 1967 1322 2028 vivant

111 2047 274 2108 meandum
288 2067 423 2122 camem3
446 2046 498 2106 sed
511 2055 624 2108 tantum
639 2046 736 2106 Deum
749 2055 900 2123 peccatum
914 2053 944 2104 et
957 2053 1079 2106 mortem
1089 2045 1207 2106 vinculo
1220 2047 1322 2108 arctis·

111 2127 184 2187 nmo
199 2129 278 2188 inter
292 2145 323 2188 ae
338 2127 534 2204 conjunxisse.
579 2127 627 2187 Sic
641 2145 743 2186 verum
765 2135 810 2185 eat
831 2125 917 2186 bruta
939 2124 1000 2184 sore
1021 2125 1151 2200 risibilia,
1176 2125 1202 2186 si
1226 2135 1323 2188 essent

110 2207 280 2283 rationalia3
295 2226 380 2267 nemo
394 2215 492 2266 tamen
505 2205 613 2267 dixerit
626 2214 779 2284 propterea
793 2206 889 2266 Deum
902 2204 1067 2264 decrevisse
1081 2204 1276 2266 conditionate
1290 2213 1323 2268 ut

110 2287 198 2348 bruta
211 2288 272 2348 siut
285 2287 416 2361 risibilia,
432 2287 457 2346 si
471 2287 530 2346 siut
548 2287 717 2362 rationalia;
740 2285 846 2352 sufficit
866 2293 899 2346 ut
919 2285 986 2346 telis
1006 2285 1165 2363 propositio
1186 2284 1323 2346 lundettu

111 2367 140 2426 in
154 2368 277 2427 decreto
291 2367 427 2445 generali,
443 2387 501 2445 quo
515 2367 610 2427 voluit
629 2366 824 2428 risibilitatem
845 2385 908 2426 esse
929 2365 1133 2443 proprietatem
1146 2365 1277 2442 rationis,
1293 2374 1322 2427 et

111 2447 219 2506 nullibi
231 2466 297 2507 ease
311 2448 460 2523 rationem,
475 2447 546 2525 quin
561 2466 624 2506 eam
639 2447 792 2506 comitetur
805 2445 964 2505 risibilitas.
1006 2445 1118 2506 Eodem
1140 2465 1228 2506 sensu
1248 2447 1322 2507 bene

111 2527 206 2587 infero
219 2535 386 2606 peccatores
400 2545 500 2586 omnes
515 2533 661 2588 servatum
675 2526 711 2584 iri
725 2527 750 2586 si
772 2525 955 2601 crediderint,
977 2545 1037 2585 nen
1060 2545 1099 2586 ex
1122 2526 1183 2586 ullo
1205 2526 1322 2586 decreto

109 2607 320 2684 conditionate,
337 2606 389 2668 ssd
402 2626 441 2666 ex
453 2608 509 2667 bac
522 2607 645 2666 scribta
659 2606 788 2684 generali
801 2606 972 2681 certissima,
987 2625 1074 2684 quam
1100 2604 1181 2668 Deus
1205 2605 1322 2667 decreto

111 2707 165 2748 sno
180 2687 317 2748 absoluto
331 2687 463 2762 sancivit,
479 2686 567 2747 fldem
581 2687 693 2746 scilieet
705 2705 770 2746 esee
789 2686 917 2746 medium
937 2685 1089 2746 iuiallibile
1110 2686 1231 2763 salutis;
1253 2687 1322 2764 quia

109 2767 191 2828 enim
204 2768 321 2830 unicam
341 2768 416 2826 banc
429 2768 507 2826 viam
521 2767 652 2826 homines
667 2765 828 2826 deducendi
842 2766 880 2825 ad
892 2767 1017 2828 salutem
1031 2767 1165 2840 instituit,
1190 2767 1258 2827 bine
1271 2786 1321 2826 ve·

110 2848 184 2907 ritas
198 2847 404 2926 propositionis
418 2847 503 2908 istius
516 2846 712 2926 hypothetica
725 2846 851 2924 exurgit,
867 2848 1044 2923 Sipcccntor
1053 2846 1143 2906 credit
1154 2847 1321 2922 condier,

109 2947 178 3070 pua
192 2927 408 3068 wnin'ithenfi„
422 2934 535 2988 tantum
553 2926 732 2987 certudInem
745 2933 836 3002 notat,
857 2946 917 2986 non
930 2945 1000 2986 vero
1020 2925 1224 3003 consequentis
1244 2927 1321 3004 post·

135 3027 222 3068 onem
282 3027 299 3067 e

161 3087 243 3147 XII.
274 3087 428 3148 comma
451 3086 531 3166 quod
553 3087 694 3151 Pharisaei
717 3085 854 3146 dicuntur
876 3085 1013 3164 rejecisse
1034 3084 1176 3144 adversus
1200 3083 1319 3162 seipsos,

110 3168 187 3228 Lac.
201 3168 253 3227 vii.
268 3170 317 3244 30,
333 3188 392 3228 non
406 3178 488 3230 notat
501 3168 649 3229 decretum
662 3166 756 3228 ullum
770 3165 999 3226 conditionatum
1012 3165 1049 3224 de
1069 3163 1219 3224 servandis
1242 3165 1319 3224 Pha·

109 3248 206 3308 risaeis
220 3247 275 3308 sub
289 3249 454 3310 conditione
467 3248 535 3308 fidei
545 3257 575 3309 et
588 3247 775 3326 poenitcntiae,
787 3245 840 3306 aad
849 3245 1029 3306 voluntatem
1042 3243 1179 3318 mandati,
1190 3244 1320 3305 testimo-

111 3329 195 3390 nium
209 3327 322 3388 sedicet
334 3328 480 3389 Jobennis
493 3326 531 3389 de
545 3328 669 3403 Christo,
683 3347 736 3406 per
748 3324 829 3404 qnod
842 3325 923 3386 Deus
945 3325 1098 3386 consilium
1120 3324 1156 3384 iis
1178 3324 1266 3385 dabat
1280 3325 1317 3386 de

110 3408 202 3468 modo
215 3407 395 3486 adipiscendi
409 3409 533 3469 alutam
546 3416 766 3484 aeternamque
785 3425 872 3468 sensu
896 3405 1020 3468 sumitur
1040 3425 1101 3466 vox
1122 3404 1244 3483 consilii,
1269 3405 1319 3465 Pa.

107 3489 182 3548 cvii.
199 3492 258 3565 113
281 3487 368 3549 Prov.
382 3489 402 3548 i.
418 3491 466 3564 25,
482 3491 522 3550 30
540 3510 548 3565 ;
570 3486 648 3566 Apo.
662 3489 704 3547 iii.
721 3489 767 3564 18,
782 3494 813 3547 et
826 3486 905 3548 alibi.

152 3568 254 3628 XIII.
276 3567 360 3643 Quod
373 3568 505 3646 habetur,
527 3571 543 3627 1
561 3568 639 3630 Sam.
660 3567 691 3630 ii.
715 3569 763 3642 30,
786 3569 805 3602 “
819 3567 958 3628 Dixeram
981 3567 1068 3646 plene
1089 3566 1207 3626 domum
1229 3573 1318 3642 mam,

110 3656 142 3708 et
154 3648 277 3708 domum
293 3647 388 3711 Patris
401 3649 578 3708 iueessuram
591 3667 688 3708 coram
701 3667 747 3708 me
760 3647 792 3706 In
805 3657 992 3727 perpetuum
1014 3648 1100 3709 Nunc
1113 3665 1184 3706 vero
1198 3645 1274 3706 absit
1287 3653 1320 3706 ut

111 3729 169 3790 boc
183 3727 319 3804 faciam‚’'
334 3736 365 3792 et
377 3747 440 3806 cap.
454 3728 517 3788 xiii.
534 3731 581 3804 13,
597 3730 616 3762 “
632 3728 665 3790 si
685 3747 831 3788 servasse
854 3728 1023 3789 mandatum
1046 3726 1164 3788 Domini
1189 3725 1246 3784 Dei
1265 3725 1318 3802 tui,

111 3808 438 3886 stabilivissetregnum
451 3808 573 3868 tuamin
582 3817 753 3887 perpetuum
763 3809 790 3869 :²¹
800 3869 802 3872 ,
814 3808 971 3868 Pronriasio
984 3816 1029 3868 est
1042 3807 1120 3866 sacta
1131 3804 1212 3865 Sauli
1225 3804 1321 3880 posita

114 3889 180 3966 ejus
193 3888 368 3964 obedientie,
383 3908 449 3967 qna
462 3907 521 3948 non
534 3885 636 3949 nititur
649 3887 765 3948 decreto
778 3889 840 3947 ullo
854 3888 1059 3960 conditionate,
1075 3885 1111 3947 de
1125 3904 1156 3945 re
1178 3902 1244 3961 qaae
1266 3903 1320 3944 nec

115 3967 171 4026 fuit
182 3988 320 4046 unquam,
335 3987 389 4028 nec
403 3968 499 4030 latura
512 3975 583 4043 erat,
593 3967 645 4028 sed
658 3975 771 4030 tautum
781 3968 960 4028 connexione
974 3987 993 4026 a
1001 3967 1065 4026 Deo
1076 3963 1233 4024 constituta
1245 3961 1321 4022 iuter

137 4047 251 4108 'etatem
264 4056 296 4108 et
309 4048 409 4109 vitam.

115 4067 145 4126 1²¹
154 4127 248 4188 XIV.
271 4127 351 4187 Loca
364 4127 446 4188 varia
461 4127 625 4205 Scriptura,
640 4147 705 4206 quat
718 4128 878 4206 loquuntur
890 4125 927 4184 da
940 4125 1027 4184 rebus
1041 4121 1145 4183 futuris
1158 4120 1254 4200 posita
1265 4121 1321 4182 hac

114 4207 162 4268 vel
181 4208 235 4268 illa
255 4207 440 4284 conditione3
461 4207 559 4286 qualia
579 4215 656 4285 aaut,
672 4208 747 4268 Gen.
762 4227 814 4264 xx.
830 4207 868 4280 73
890 4208 909 4264 2
926 4205 1003 4265 Sam.
1018 4203 1090 4262 xvii.
1107 4205 1133 4278 l,
1149 4206 1178 4276 a,
1204 4203 1232 4276 3,
1254 4221 1320 4260 cum

113 4307 143 4347 v.
161 4291 214 4364 14;
236 4296 268 4350 at
280 4287 365 4348 xxiv.
382 4290 437 4364 133
459 4287 522 4348 Jer.
536 4287 599 4348 xvi.
614 4290 642 4364 3,
657 4291 686 4363 4,
702 4293 732 4347 et
745 4285 817 4344 xvii.
832 4287 945 4360 2225,
960 4286 1008 4358 36,
1024 4292 1054 4344 et
1067 4282 1192 4342 xxxviii,
1209 4283 1255 4357 1⁷,
1274 4284 1320 4358 18,

114 4367 177 4428 xlii
192 4370 222 4445 3,
240 4369 288 4444 10,
303 4387 363 4427 non
375 4366 503 4428 inserunt
515 4367 577 4426 ulla
589 4367 706 4428 decreta
719 4364 924 4438 conditionata,
939 4363 992 4423 aed
1004 4370 1106 4422 notant
1119 4369 1231 4421 tantum
1255 4381 1321 4439 pro·

115 4447 278 4523 medones
293 4448 344 4507 vel
357 4446 596 4507 comminationes
609 4447 714 4522 varias,
729 4464 795 4522 qnae
811 4442 969 4504 ostendunt
988 4442 1106 4521 quidem
1120 4439 1322 4502 certitudinem

113 4527 308 4588 connexionis
321 4527 407 4588 unius
420 4547 487 4588 cum
501 4527 567 4603 alio,
582 4545 611 4587 v.
627 4547 656 4605 g.
671 4525 843 4587 obedientiae
857 4533 887 4584 et
907 4522 1134 4584 conservationis
1154 4541 1189 4582 ac
1209 4521 1321 4599 salutis,

110 4607 284 4668 rebellionis
298 4614 329 4668 et
342 4607 441 4684 exitii;
464 4607 588 4667 sednon
602 4606 799 4668 fiutnritionern
812 4613 935 4666 eventus
948 4604 997 4663 vel
1015 4603 1141 4664 absoluti
1154 4601 1203 4662 vel
1223 4602 1321 4662 condi·

114 4688 228 4763 tiouati,
243 4686 355 4765 quidve
369 4687 406 4747 de
419 4687 466 4747 bia
479 4687 528 4746 vel
542 4686 601 4746 illia
616 4686 697 4747 Deus
710 4685 880 4746 nominatim
894 4684 1063 4745 decreverit.
1100 4683 1139 4744 Et
1152 4683 1207 4744 hoc
1222 4702 1256 4748 eo
1271 4701 1321 4740 ve·
