3152 5178
230 393 287 452 172
718 404 810 447 rocus
824 404 959 446 rasurus.
1238 384 1363 468 [suasu.
1379 409 1444 452 m.

226 550 350 625 diversa,
366 548 441 609 sicut
461 544 600 621 inmotis
620 546 786 626 equivocis,
808 566 873 625 quse
893 544 1009 605 nomine
1030 552 1143 606 tantum
1164 549 1357 628 conveniunt3
1382 551 1443 611 sed

225 631 378 708 amlopice,
394 649 446 708 per
459 628 622 707 analogiam
636 636 696 688 turn
707 628 902 704 nmatimdinm
913 635 976 686 tum
986 627 1172 686 maumas
1180 652 1193 702 ,·
1210 628 1267 688 Illa
1277 639 1330 706 eet,
1342 651 1443 709 quum

224 731 270 770 res
293 709 394 769 eodem
416 708 531 768 nomine
554 708 736 786 appellantur
756 715 873 786 propter
893 706 1046 785 quandam,
1069 727 1157 785 quam
1176 707 1252 768 inter
1272 729 1304 770 sa
1324 711 1443 772 habant

224 789 459 866 similitudinem
482 789 551 864 Ista,
568 808 657 867 quum
677 807 783 848 nomen
801 807 890 847 unum
911 787 952 846 ita
971 787 1103 866 pluribus
1116 788 1261 866 tribuitur,
1276 798 1309 850 nt
1323 790 1358 850 de
1373 812 1441 852 uno

223 871 359 949 primario
374 878 403 930 et
416 868 613 948 principaliter
627 868 689 928 sive
702 888 754 946 per
774 867 854 947 prius
868 867 988 945 dicatur,
1004 868 1041 927 ds
1054 869 1120 928 aliis
1133 887 1203 928 vero
1218 869 1390 930 secundario
1406 880 1441 932 at

223 970 275 1029 par
298 951 442 1028 posterius
465 958 583 1028 propter
607 947 827 1026 dependentium
849 947 887 1007 ab
908 947 960 1006 illo
981 948 1083 1026 primo.
1126 948 1176 1008 Sia
1199 949 1352 1034 Attrilputa
1374 951 1441 1012 ista

223 1029 466 1108 praedicantur'de
485 1030 549 1090 Dco
562 1030 751 1104 essentialiter,
774 1037 810 1088 et¹
823 1027 913 1088 modo
930 1027 1016 1106 plane
1037 1029 1185 1107 singulari,
1207 1029 1247 1088 id.
1269 1030 1382 1091 infinite
1405 1041 1440 1092 at

222 1111 439 1189 perfectissime,
455 1117 542 1188 atque
556 1109 629 1170 adeo
643 1109 729 1169 etiam
748 1109 779 1167 in
798 1108 952 1184 abstracto,
967 1127 1026 1186 qao
1040 1128 1126 1168 sensu
1140 1110 1221 1168 Deus
1236 1110 1316 1170 solus
1336 1111 1439 1172 bonus

223 1189 337 1266 dicitur,
354 1191 439 1250 Matt.
454 1190 517 1250 xix.
534 1193 580 1265 17,
596 1189 636 1249 id.
651 1190 835 1267 oripinnliter,
856 1189 1080 1265 independenter,
1095 1191 1277 1250 memdalitcr
1284 1214 1297 1266 ,·
1320 1190 1379 1252 Sed
1396 1192 1439 1252 dc

222 1271 362 1331 creaturis
375 1279 488 1330 uatum
501 1270 676 1346 secundm-io,
692 1269 908 1344 accidentaliter,
924 1278 951 1328 ct
957 1270 1168 1346 participatior.

228 1389 232 1400 ·
263 1351 301 1411 V.
323 1351 481 1444 Participis
501 1350 636 1410 dicuntur
648 1353 750 1430 fideles
769 1359 881 1444 namra
893 1350 1009 1442 ,dfm'nffls
1025 1353 1044 1408 2
1060 1349 1122 1410 Pet.
1142 1349 1161 1409 i.
1176 1352 1204 1426 4,
1226 1368 1285 1408 non
1304 1349 1437 1446 umvooe

220 1428 1440 1590 ,1323,affirssrgggagzafpgrmmzfflmassgarpg

222 1592 348 1651 maxima
367 1591 481 1669 proprie
495 1591 560 1650 Deo
580 1591 718 1668 competit
736 1590 809 1668 ipsis
829 1589 976 1668 imprimit,
997 1609 1085 1668 quum
1103 1599 1279 1650 renovantur
1298 1590 1336 1650 ad
1356 1591 1434 1653 ima-

221 1671 319 1748 ginem
344 1671 488 1731 Crantoris
518 1670 571 1747 sui,
597 1670 659 1730 Col
683 1669 725 1730 iii.
750 1673 797 1730 10.
844 1670 894 1730 Sic
914 1669 1135 1747 intelligendum
1154 1679 1199 1730 est
1220 1671 1298 1748 quod
1322 1673 1436 1750 saepius

221 1750 299 1828 apud
321 1751 422 1811 Patres
445 1749 560 1829 legitur,
586 1769 676 1828 quum
702 1751 849 1809 hominem
872 1750 1034 1827 regenitum
1054 1749 1155 1810 dicunt
1174 1753 1299 1826 trema,
1315 1759 1345 1812 st
1365 1751 1434 1812 fieri

220 1829 315 1896 &aad
328 1833 392 1892 Deo
406 1834 575 1908 cotuormem
583 1854 596 1906 ;
615 1850 675 1890 non
695 1830 894 1907 essentialiter,
917 1828 995 1908 quod
1009 1830 1045 1890 de
1064 1830 1126 1890 solo
1142 1830 1219 1890 Filio
1232 1831 1353 1910 dicitar;
1375 1833 1436 1893 sed

222 1913 307 1970 analo
330 1912 382 1971 ‘ca

262 1933 426 2068 VLg¹Quod
440 1989 573 2070 quadarn
584 1990 723 2052 attributa
732 1988 982 2052 communicabilis
992 1996 1022 2050 et
1035 1988 1317 2051 incommunicabilia
1326 1991 1434 2052 dicun-

220 2080 276 2149 tur,
291 2072 402 2132 nullam
415 2073 622 2151 proprietatum
636 2071 799 2132 divinarum
819 2070 1044 2148 inaqnalitatem
1062 2071 1167 2148 arguit,
1182 2071 1265 2150 quasi
1284 2072 1349 2132 alise
1363 2073 1435 2134 aliis

221 2152 316 2230 magis
330 2153 388 2212 sint
403 2153 467 2212 Deo
480 2152 622 2231 propriam
643 2151 712 2230 quia
726 2171 826 2211 omnes
839 2172 877 2211 ex
887 2171 971 2228 aequo
981 2151 1173 2211 essentialiter
1185 2151 1229 2209 illi
1242 2161 1433 2232 competunt;

221 2231 274 2291 sed
295 2233 350 2291 hoc
362 2232 522 2291 bonitatem
536 2239 566 2291 et
583 2231 707 2308 gloriam
721 2232 778 2291 Dei
796 2230 986 2306 commendat,
1002 2230 1071 2307 quia
1090 2231 1120 2289 in
1134 2240 1279 2292 creaturas
1293 2252 1361 2293 suas
1375 2233 1433 2292 ali·

220 2330 308 2388 quam
316 2311 456 2370 rutrum
471 2330 587 2370 suarum
601 2310 818 2371 similitudinem
832 2319 862 2370 et
874 2311 1094 2375 transeuntem
1103 2311 1263 2390 exprimere
1276 2313 1380 2373 voluit.

262 2389 335 2448 VII.
358 2390 514 2449 Distinctio
534 2390 586 2448 illa
605 2409 664 2449 non
685 2397 782 2468 potest
804 2389 901 2450 favere
922 2393 1012 2450 errori
1034 2410 1141 2468 sorum,
1166 2391 1217 2470 qui
1238 2394 1434 2471 proprietates

220 2468 335 2528 divinas
356 2469 474 2528 Naturae
494 2471 627 2528 humanae
642 2469 749 2529 Christi
769 2470 995 2530 communientes
1015 2489 1078 2531 esse
1099 2470 1282 2550 pertendunt,
1305 2475 1375 2552 qnia
1395 2482 1435 2535 ut

221 2567 274 2608 suo
294 2549 359 2608 loco
372 2548 527 2626 videbitur,
543 2549 600 2608 alia
614 2557 659 2608 est
672 2550 882 2609 conmunicatio
896 2551 926 2610 in
939 2561 1074 2626 mamete,
1089 2570 1164 2630 resp.
1185 2560 1325 2630 persona,
1341 2573 1433 2632 qnam

219 2628 251 2688 in
266 2629 380 2688 Christo
395 2629 596 2706 agnoscimus;
618 2629 675 2688 alis
686 2631 896 2690 communicatio
910 2631 940 2690 in
952 2633 1101 2708 contactu
1116 2651 1191 2710 resp.
1205 2642 1325 2710 natura,
1341 2654 1432 2713 quarn

220 2727 370 2786 negamus.
412 2709 483 2767 Alia
506 2718 551 2768 est
574 2710 785 2770 communicatio
804 2711 941 2786 formala
964 2720 991 2770 et
1013 2711 1198 2788 intransitio,
1226 2733 1279 2791 per
1302 2714 1431 2774 umefa-

220 2788 331 2848 sio'nem
352 2788 508 2848 earundem
527 2789 735 2868 proprietatum
755 2810 821 2869 qna
843 2799 911 2851 sunt
928 2790 959 2850 in
974 2792 1047 2866 Deo,
1069 2791 1100 2851 in
1119 2798 1251 2852 aata'ram
1271 2794 1432 2854 humanam

221 2868 345 2945 Christi3
367 2888 454 2947 quam
469 2869 631 2948 rejicimus;
654 2869 724 2930 Alia
737 2871 885 2930 numitius
899 2881 926 2932 ct
938 2873 1063 2948 effectius
1082 2892 1135 2950 per
1152 2873 1325 2952 analogiam,
1341 2894 1430 2953 quam

220 2947 251 3007 in
267 2949 412 3010 Ornaturis
426 2950 615 3011 rationalibus
628 2969 704 3030 resp.
718 2951 921 3012 attributorum
935 2951 1170 3013 affirmativarum
1185 2953 1248 3012 dari
1264 2957 1430 3018 statuimus.

680 3191 875 3270 suasuro
894 3191 969 3254 vrr.

652 3371 692 3411 DE
706 3371 914 3415 summamus
928 3372 990 3415 DEI.

218 3509 266 3568 An
279 3510 360 3569 Deua
372 3509 409 3568 sit
420 3509 652 3589 Simpliciseimue,
663 3521 704 3653 sct
722 3514 811 3653 pmnip
819 3513 1039 3655 gompomtiom's
1062 3517 1187 3594 anparai
1228 3513 1311 3576 Affir.
1324 3522 1428 3576 contra

686 3613 791 3654 earne
849 3615 979 3656 orarum.

261 3749 286 3809 Ι.
311 3748 551 3809 Sociaianilitem
564 3750 639 3810 lianc
653 3750 877 3831 nobismoveut,
903 3753 972 3814 dum
994 3754 1213 3834 Simplicitatem
1238 3755 1302 3815 Deo
1325 3775 1429 3816 sacam

219 3829 290 3890 darn
305 3829 482 3908 Scripturam
495 3830 585 3890 tribui
597 3851 683 3909 posse
696 3843 814 3912 negant,
829 3845 859 3894 et
871 3855 910 3894 ex
923 3835 1126 3895 attributorum
1134 3836 1298 3896 divinmum
1306 3855 1432 3898 numero

219 3909 443 3990 expungendam
457 3920 584 3988 censent,
602 3912 714 3973 cusu.
737 3917 845 3975 Rauen.
859 3935 884 3975 c.
902 3919 928 3990 1,
950 3935 1009 3975 non
1022 3916 1112 3976 alium
1124 3915 1156 3975 in
1168 3916 1264 3992 finam,
1286 3936 1376 3995 quam
1395 3927 1433 3978 at

220 3991 408 4070 compositam
430 3991 584 4052 statuendo
599 3992 655 4052 Dei
669 3995 831 4072 essentiam,
846 3994 1016 4074 mysterium
1039 3996 1190 4056 Trinitatis
1210 3996 1325 4056 facilins
1347 3997 1430 4058 labe-

220 4071 336 4132 factent.
384 4072 510 4132 Veratius
522 4073 600 4132 hunc
614 4075 701 4133 etiam
715 4095 840 4135 errorem
854 4095 920 4135 cum
933 4077 1023 4136 variis
1036 4076 1101 4136 aliis
1115 4076 1241 4153 retinuit,
1257 4084 1287 4136 et
1300 4077 1429 4155 interpo-

218 4151 301 4230 lavit,
313 4152 440 4212 'l'ractm
455 4152 492 4212 de
507 4153 578 4229 Deo,
594 4163 624 4214 et
637 4155 714 4215 notis
728 4155 765 4214 ad
780 4156 862 4234 Disp.
878 4158 906 4232 3,
922 4155 958 4216 da
972 4165 1075 4216 astina
1088 4156 1155 4216 Dei.
1187 4155 1238 4215 Ad
1251 4176 1326 4235 qnos
1339 4159 1429 4218 atiani

219 4233 610 4310 acceduntRemonstruntss,
634 4235 685 4313 qui
708 4236 739 4294 in
761 4234 908 4314 Apologia
929 4255 983 4296 sna
1004 4245 1114 4314 negant
1136 4237 1350 4316 simplicitatem
1371 4239 1430 4298 Dei

218 4331 283 4372 csse
296 4313 407 4374 creditu
427 4315 627 4391 necessariam,
650 4315 699 4374 val
720 4315 875 4395 quicquam
896 4317 933 4376 dc
958 4335 993 4376 ea
1015 4316 1116 4376 haberi
1136 4317 1168 4376 in
1194 4317 1352 4395 Scriptura,
1376 4317 1429 4378 sed

218 4397 309 4452 totam
324 4392 483 4453 doctrinam
496 4413 560 4454 csse
574 4395 811 4475 metaphysicam,
827 4396 888 4456 sive
902 4416 1005 4457 rocem
1019 4397 1081 4457 sive
1095 4417 1156 4458 rem
1170 4405 1292 4476 spectes.
1321 4397 1427 4458 Ortho-

218 4469 289 4528 doni
303 4491 373 4530 vero
386 4481 551 4534 constanter
564 4475 704 4536 hactenus
718 4476 877 4536 docueruut
902 4477 958 4537 Dei
979 4477 1133 4537 assentiam
1147 4497 1211 4538 esse
1225 4496 1336 4538 summe
1357 4477 1426 4537 sim·

217 4547 322 4626 plicem
336 4558 366 4608 et
379 4552 702 4633 omnis‘compositionis
715 4565 872 4634 expertem.
987 4565 991 4572 '

258 4627 301 4688 II.
323 4629 451 4706 Simplex
463 4631 595 4694 bifariam
609 4634 723 4712 dicitur,
741 4637 795 4698 ¹vel
816 4639 939 4697 wolute
957 4645 987 4698 et
1009 4636 1179 4715 simpliciter,
1202 4637 1250 4698 vel
1274 4639 1427 4698 secundum

217 4709 328 4786 quidet
341 4721 512 4786 cmnparate.
553 4715 684 4775 Absolute
697 4716 754 4776 tale
770 4725 822 4794 est,
838 4718 916 4795 quod
931 4718 961 4777 in
975 4718 1054 4778 omni
1074 4718 1161 4778 Eritis
1174 4736 1280 4795 genere
1294 4717 1427 4778 excludit
