3158 5180
255 403 313 464 ³62
730 417 821 460 tosus
835 419 980 468 orsurus.
1250 399 1375 482 [ou-ser.
1390 421 1457 462 nvn.

254 579 323 622 sene
337 560 437 620 mundi
452 560 647 638 reproborum,
662 559 713 638 qui
727 570 845 621 manent
862 580 976 640 semper
989 559 1019 618 iu
1033 567 1134 637 morte,
1149 561 1201 620 sed
1223 561 1390 638 electorum,
1413 562 1459 640 qui

253 661 305 720 per
319 640 465 700 Christum
479 639 670 716 vivificantur,
686 649 715 700 et
729 645 747 700 2
763 641 828 700 Cor.
850 661 878 700 v.
902 645 949 716 19,
971 643 1052 700 Deus
1071 651 1136 701 erat
1152 643 1180 701 in
1195 641 1311 702 metro
1334 645 1460 700 murmur

254 721 438 780 reconcilrbns
447 721 506 798 eti,
522 729 548 780 et
561 741 617 780 non
631 721 772 797 imputans
782 721 849 798 spois
857 731 979 798 peccata
989 723 1115 798 speonen
1125 745 1138 796 ,·
1156 720 1193 780 de
1208 722 1282 781 solis
1301 723 1378 780 euim
1391 722 1459 782 elee-

255 802 293 862 tis
307 821 409 895 verum
423 809 476 875 est,
491 800 570 878 quod
585 801 648 894 Deo
658 810 729 894 ’actu
743 802 972 878 reconcilientur,
988 811 1018 861 et
1031 801 1111 894 quqd
1124 809 1246 895 peeeetc
1259 801 1388 879 ipsorum
1408 803 1461 862 illis

255 901 315 1022 tt
322 889 535 1039 &illidit
550 880 1321 1039 {litttt‘tltrtttttttttttltttt,
1334 881 1461 1022 {dih-'l

255 1041 375 1101 erimine
389 1043 494 1120 gentis,
509 1042 626 1120 linguas,
642 1050 671 1101 et
685 1041 866 1118 conditionis,
885 1051 918 1102 ut
941 1042 1054 1101 dicatur
1076 1041 1214 1101 dilexisse
1241 1043 1346 1103 Genus
1367 1043 1461 1100 hume-

259 1141 339 1198 num,
354 1131 497 1200 quatenus
510 1123 604 1182 noluit
617 1121 691 1182 illud
704 1130 798 1181 totum
811 1122 909 1198 deleri,
925 1122 977 1181 sed
990 1121 1131 1199 quosdam
1146 1143 1184 1182 er
1200 1123 1255 1181 illo
1279 1141 1395 1181 servare
1418 1122 1462 1180 de-

256 1201 357 1278 crevit,
373 1222 431 1261 non
444 1209 558 1264 tuntum
571 1223 610 1261 ex
623 1222 681 1262 uno
694 1203 802 1280 populo
816 1211 848 1262 ut
862 1211 955 1277 antee
975 1202 1027 1261 sed
1041 1222 1079 1262 ex
1098 1203 1235 1262 omnibus
1256 1201 1461 1261 indiam-imina

256 1283 317 1358 tim,
333 1281 402 1342 lieet
415 1282 578 1342 dilectionis
598 1282 677 1341 illius
694 1281 795 1342 effecte
816 1302 874 1342 nou
895 1282 1090 1342 extendantur
1109 1281 1147 1341 ad
1167 1283 1289 1362 singule
1310 1282 1461 1354 individua,

255 1362 309 1422 sed
322 1361 360 1420 ed
373 1362 505 1440 quaedam
519 1371 640 1438 tantum,
656 1363 764 1422 electos
778 1363 840 1423 scil.
855 1383 894 1423 ex
907 1363 1038 1422 mundo?
1058 1363 1098 1423 Et
1111 1362 1184 1422 nihil
1208 1363 1348 1423 usitatius
1372 1371 1415 1422 est
1436 1363 1462 1419 in

256 1443 401 1501 communi
420 1462 559 1537 sermone,
574 1463 661 1520 quam
675 1452 708 1503 ut
721 1443 1049 1538 aliquidUCommunitati
1063 1443 1151 1503 alicui
1164 1442 1314 1503 tribuatur
1338 1453 1462 1521 respectu

171 1669 175 1678 ¹
257 1522 439 1696 qullssllnllllll
447 1521 1021 1699 lnddbddddemdeqdddtdddrffimw
1034 1604 1131 1680 credit,
1147 1601 1229 1698 &equ
1240 1623 1302 1663 non
1326 1612 1394 1696 suut
1415 1621 1461 1661 es·

255 1682 612 1824 idhirdhiilild
621 1683 725 1842 ‘did
734 1705 878 1842 simil,
890 1685 946 1824 :lt
955 1684 1461 1842 ihdsseliiadleiweffi

255 1843 340 1902 medii
352 1852 382 1902 et
391 1845 563 1920 conditionis,
579 1845 663 1923 cujus
678 1845 842 1906 interventu
857 1845 935 1905 selus
949 1845 1127 1923 promittitur
1140 1853 1169 1904 ct
1183 1845 1313 1905 conferri
1328 1845 1419 1918 debet,
1433 1853 1460 1902 ut

255 1923 392 1983 innuatur
405 1925 549 1984 neminem
568 1926 625 1984 nisi
648 1945 700 2003 per
723 1925 810 1986 fidem
831 1927 905 1986 tenti
928 1925 1060 1986 beneficii
1084 1925 1260 2004 participem
1282 1945 1347 1985 esse
1369 1943 1458 2002 posse;

255 2013 343 2082 etque
357 2003 423 2064 ideo
437 2004 475 2065 ad
489 2025 589 2066 omnes
603 2016 632 2065 et
646 2007 724 2066 solos
738 2007 887 2067 credentes
901 2007 1043 2084 pertinere
1056 2024 1116 2064 non
1130 2007 1326 2081 summaliter,
1349 2005 1399 2064 sed
1417 2007 1458 2062 de-

246 2087 338 2164 finite,
354 2094 497 2164 quotquot
511 2085 622 2146 scilicet
635 2106 674 2145 ex
688 2087 744 2147 Dei
759 2087 874 2147 decreto
893 2085 1029 2147 credituri
1044 2095 1134 2145 eraut.
1178 2085 1232 2146 Sic
1258 2086 1389 2146 Christus
1410 2101 1458 2144 uno

256 2186 343 2226 versu
357 2174 448 2225 totam
462 2167 563 2226 salutis
578 2187 746 2246 compugem
761 2167 978 2246 complectitur;
993 2187 1109 2226 caueam
1124 2167 1308 2248 emeretur
1323 2166 1377 2225 Dei
1390 2183 1458 2223 amo-

255 2265 325 2322 rem,
340 2248 474 2323 objectum
488 2247 641 2323 Mundum,
663 2250 784 2308 medium
806 2248 956 2326 acquirens
982 2247 1132 2322 Christum,
1148 2249 1305 2326 applicans
1318 2247 1414 2324 fidem,
1434 2251 1459 2302 et

254 2325 341 2384 finem
355 2329 473 2385 salutem
487 2335 517 2386 et
530 2327 620 2386 vitam
635 2335 780 2387 eternam.
824 2329 885 2387 Nec
899 2335 994 2407 potest
1007 2326 1065 2386 dici
1079 2327 1215 2387 distribui
1235 2327 1361 2387 mundus
1380 2341 1457 2402 quem

257 2404 395 2464 dilexisse
409 2405 516 2465 dicitur
529 2406 619 2482 Deus,
635 2417 665 2467 et
679 2408 717 2467 ad
730 2427 816 2486 quem
831 2407 1005 2468 servendum
1028 2407 1160 2467 Christus
1182 2409 1277 2484 veuit,
1298 2407 1329 2465 in
1351 2403 1457 2464 creden·

256 2493 309 2559 tes,
325 2493 355 2544 et
368 2505 426 2544 non
440 2485 600 2562 credentes,
615 2507 645 2548 v.
663 2489 709 2564 18,
726 2488 777 2547 sed
791 2497 903 2548 tantum
917 2487 1102 2548 confirmatur
1125 2489 1290 2548 necessitas
1313 2487 1387 2562 fidei,
1411 2503 1457 2543 ceu

254 2563 342 2624 medii
356 2565 442 2642 unici,
459 2565 522 2626 sine
537 2584 595 2644 quo
610 2567 725 2628 Christo
739 2568 796 2627 frui
809 2588 869 2628 non
882 2589 1054 2647 possumus;
1075 2577 1235 2647 postquam
1249 2569 1326 2628 enim
1348 2565 1419 2625 dixit
1430 2583 1457 2624 se

254 2664 312 2704 nou
326 2645 430 2704 umbre
444 2647 472 2704 in
486 2649 628 2723 mundum,
644 2647 684 2708 id.
699 2649 730 2707 in
743 2649 851 2726 orbem,
867 2658 898 2708 ut
910 2653 1061 2709 damnaret
1069 2651 1211 2724 mundum
1234 2651 1287 2708 sed
1299 2658 1331 2708 ut
1341 2663 1456 2706 eme·

255 2733 303 2784 tur
311 2745 369 2802 per
382 2727 481 2802 speum,
498 2725 580 2806 (quia
593 2727 660 2787 finis
674 2728 818 2788 adrentus
829 2729 937 2790 Christi
951 2749 1009 2789 non
1033 2738 1078 2789 est
1101 2729 1255 2788 hominurn
1270 2728 1397 2802 exitium,
1412 2724 1455 2784 sed

256 2805 344 2898 salus,
359 2805 432 2866 nihil
446 2807 522 2866 enim
536 2827 610 2886 opus
623 2817 686 2902 erat
699 2809 846 2903 Christum
855 2811 954 2869 venire
968 2811 998 2868 in
1016 2808 1156 2869 mundum
1170 2809 1208 2868 ad
1230 2808 1394 2899 perdendos
1412 2807 1455 2864 ho·

254 2888 1454 3048 ttttttttttttttttttttlrlttttttsstttttt‘atleta

255 3047 371 3108 dixerut
384 3048 421 3108 de
434 3049 606 3110 necessitate
620 3050 697 3127 fidei,
713 3059 746 3111 ut
760 3051 904 3130 significet
917 3051 1055 3111 destinari
1069 3059 1182 3111 tentum
1192 3049 1387 3124 credentibus,
1398 3045 1454 3105 aliis

256 3129 391 3189 omnibus
405 3130 550 3191 exclusis:
566 3132 615 3208 qur'
622 3133 711 3191 credit
724 3133 753 3192 in
767 3151 829 3191 eum
842 3153 898 3192 non
911 3131 1141 3192 soneennatiee
1147 3155 1161 3206 ,·
1180 3132 1220 3190 Ae
1230 3133 1284 3210 qui
1298 3149 1354 3191 non
1366 3126 1452 3198 Ml

248 3211 315 3283 jam
327 3213 525 3270 condemnatus
538 3221 586 3288 est,
600 3230 630 3270 v.
647 3215 694 3272 18.

297 3288 445 3349 XXXII.
466 3293 621 3351 Parreele
633 3294 804 3353 coementes
817 3312 882 3370 quse
895 3292 943 3352 hie
958 3311 1033 3370 serpe
1048 3301 1211 3367 ocemrrmt,
1226 3309 1289 3351 non
1304 3305 1411 3367 semper
1427 3285 1453 3342 in

256 3373 318 3426 tote
332 3387 385 3426 sua
397 3369 551 3430 latitudine
572 3381 756 3450 usurpentur,
778 3372 830 3432 sed
842 3372 930 3432 modo
949 3373 1045 3448 letius,
1069 3371 1155 3431 modo
1177 3371 1311 3432 strictius
1330 3389 1380 3448 pro
1393 3365 1451 3426 sub·

250 3446 331 3524 jeets
344 3449 473 3507 materia.
515 3450 684 3528 Aliquando
704 3473 756 3532 per
769 3473 818 3512 ess
832 3462 948 3514 notetur
965 3453 1138 3512 Universr‘tee
1154 3452 1297 3528 Genuum,
1312 3449 1349 3525 qd
1362 3445 1449 3507 necn-

255 3545 321 3584 men
336 3529 493 3588 monemur
507 3530 539 3588 V.
549 3533 591 3607 T„
606 3533 657 3590 uhi
671 3533 750 3596 selus
764 3543 826 3594 erat
839 3543 951 3593 tantum
964 3532 1151 3609 Judaeorum3
1173 3542 1203 3593 et
1217 3533 1260 3592 sie
1275 3525 1450 3610 exponendus

255 3606 337 3666 l'ccus
353 3607 446 3684 Pauli,
461 3608 546 3669 Rom.
562 3611 602 3670 xi.
618 3615 666 3687 32,
688 3633 777 3690 quum
792 3615 833 3673 eit
847 3617 941 3674 Deum
954 3614 1116 3673 conclusisse
1130 3614 1225 3672 omnia
1238 3615 1289 3672 sub
1304 3616 1448 3690 peccatum
1553 3623 1554 3660 l

255 3695 287 3746 ut
299 3689 422 3748 omnium
435 3689 623 3768 meterentur,
645 3693 724 3771 quod
738 3714 797 3753 non
811 3695 897 3755 debet
910 3695 948 3753 ad
962 3713 1062 3754 omnes
1075 3701 1106 3754 et
1120 3677 1252 3772 singulos
1273 3689 1398 3752 homines
1410 3703 1448 3743 re·

254 3767 330 3845 ferri,
353 3769 405 3829 sed
425 3779 537 3830 tantum
558 3771 596 3831 cd
616 3774 739 3853 populos
761 3774 797 3834 de
818 3775 923 3853 quibus
945 3775 1058 3853 egebat,
1081 3783 1114 3834 ut
1135 3774 1238 3833 domat
1259 3782 1319 3832 tun
1339 3767 1448 3831 Judoeol

254 3869 342 3926 quam
358 3851 490 3910 Gentiles
512 3853 566 3912 sub
586 3863 737 3932 peceatum
758 3856 918 3930 conclusos,
934 3865 967 3915 ut
986 3854 1184 3914 misericordie
1200 3854 1256 3912 Dei
1276 3871 1345 3930 erga
1363 3857 1444 3908 utros

253 3949 310 4006 que
324 3929 508 3992 distributive
522 3941 582 3992 tarn
596 3935 718 3995 Judseos
732 3955 817 4014 quam
833 3937 943 3996 Gentes
957 3943 1148 4009 exercerem,
1162 3933 1241 4012 quod
1254 3941 1333 4012 petet
1345 3949 1380 3990 ex
1392 3927 1446 4017 ips·

254 4009 328 4070 serie
342 4012 491 4089 sermonis,
507 4034 535 4072 v.
552 4017 599 4090 30,
616 4017 664 4074 31.
708 4015 756 4074 Sie
777 4016 907 4094 intellige
921 4016 986 4093 ejus
998 4016 1096 4092 verba,
1112 4037 1138 4074 e.
1153 4035 1182 4074 x.
1200 4017 1305 4089 11,12.
1345 4007 1444 4095 “Qfflfls

254 4091 320 4166 quis
335 4092 455 4168 eredit,”
471 4093 573 4172 inquit,
591 4097 608 4128 “
619 4114 678 4155 non
688 4094 823 4174 pudefiet‚
836 4097 904 4174 quia
918 4115 976 4155 non
988 4105 1034 4155 est
1043 4095 1192 4156 distinctio
1203 4093 1300 4156 Judei
1310 4100 1340 4150 et
1349 4089 1442 4156 eren,

252 4169 330 4228 idern
345 4173 421 4230 enim
436 4181 481 4232 est
497 4174 639 4235 Dominus
654 4176 811 4235 omnirrnr.''
854 4175 965 4236 Eodem
976 4176 1102 4254 pertinet
1114 4176 1205 4252 locus,
1221 4174 1288 4234 Act
1302 4193 1333 4230 x.
1342 4171 1386 4241 34,
1400 4166 1443 4223 35-

254 4250 272 4281 “
288 4251 372 4310 Certe
386 4252 570 4331 deprehendo
584 4255 663 4332 quod
678 4256 759 4314 Deus
772 4276 830 4315 non
844 4257 949 4335 sccipit
962 4275 1123 4334 personam,
1139 4257 1231 4315 sedin
1244 4251 1344 4332 queris
1356 4253 1441 4337 εθῐξῑθι

252 4329 384 4406 quisquis
398 4353 464 4390 eum
479 4334 560 4394 timet
574 4335 618 4393 illi
632 4345 733 4414 gratus
746 4338 820 4396 est.''
862 4341 890 4396 2.
898 4335 1066 4415 Aliquando
1080 4336 1250 4414 designetur
1263 4329 1442 4414 nubendi&

252 4411 440 4499 conditionum
454 4423 484 4472 et
497 4422 634 4489 statuum,
656 4416 787 4494 opposite
802 4416 838 4476 sd
856 4417 972 4494 politiae
990 4420 1158 4492 mundanus,
1181 4417 1210 4474 in
1232 4413 1332 4494 quibus
1351 4405 1439 4494 ἆὶθῦῒξ·

251 4505 330 4545 nune
344 4501 490 4565 ponuntur
504 4494 578 4553 inter
592 4515 693 4554 servos
714 4505 744 4555 et
756 4495 872 4573 liberos,
895 4515 1035 4575 pauperes
1050 4506 1079 4558 et
1093 4497 1207 4571 divites,
1230 4497 1304 4554 viros
1317 4497 1345 4548 et
1357 4486 1438 4544 temr-

251 4583 312 4637 nas,
328 4569 440 4628 nobiles
454 4581 484 4630 et
497 4573 649 4650 ignobiles,
665 4573 719 4640 &o
738 4577 831 4636 sedin
847 4577 947 4655 gmtiee
969 4577 1183 4655 dispensatione
1205 4575 1275 4634 nihil
1293 4569 1347 4630 tulo
1368 4565 1439 4624 Dtsst

251 4643 382 4719 attendit,
405 4668 458 4706 uec
480 4671 631 4726 personam
654 4655 767 4732 accipit,
791 4655 843 4716 sed
867 4657 1116 4718 indiscriminatim
1139 4675 1238 4716 omnes
1259 4651 1436 4734 cujuscunque
1549 4661 1551 4666 ’

251 4727 342 4776 status
357 4733 385 4780 et
400 4727 572 4788 conditionis
587 4753 720 4814 eesexns
734 4735 772 4792 ed
787 4737 1016 4796 communionem
1031 4757 1112 4796 suam
1127 4745 1219 4796 vocat.
1263 4731 1307 4792 Sic
1321 4724 1437 4796 interint
