3250 5176
158 400 271 451 ouasr.
286 375 365 460 rra]
669 397 709 438 mr
723 395 865 440 saccaro.
1108 375 1119 388 '
1300 380 1359 440 585

156 543 213 602 lico
236 540 373 620 profecta,
389 538 545 617 conjuncte
565 559 632 600 curn
658 546 826 618 contemptu
854 539 982 602 omniurn
1009 541 1169 602 mediorum
1197 539 1307 617 salutis,
1331 547 1361 600 et

157 623 238 682 finali
255 621 474 700 impmnitentia.

159 743 196 789 1„
211 741 344 788 chaneser
368 743 397 786 u,
460 700 499 760 V.
523 699 602 760 Hinc
620 707 700 779 patet
721 700 819 761 varios
840 720 905 762 esse
929 703 1108 762 characteres
1132 703 1217 764 istius
1240 702 1361 782 peccati.

189 773 397 905 qqpaqqqenpipp-
419 781 538 926 ἷιίιιιὶιίῗς
548 781 790 922 utqppmmittapur
803 781 944 876 adversus
949 784 1139 923 pppattrohcnepp
1158 785 1362 924 umamffinpon

387 882 397 894 ·
445 882 461 920 e
483 882 500 920 a
803 883 818 920 r
860 883 870 920 1

189 919 299 979 ΨΜ·
423 881 601 1002 thedrcticcm
615 881 927 1019 Risibmcdmfenbldi
942 883 1108 1022 quiddddue
1121 884 1243 1022 pedcbirt
1263 883 1365 1003 conqpp

162 1025 313 1086 scientiam
330 1031 483 1100 peccarent
496 1023 527 1081 in
542 1023 682 1100 Spiritum
698 1023 845 1100 Sanctum,
868 1023 919 1083 sad
934 1025 1104 1101 practicam,
1124 1033 1155 1085 et
1175 1025 1364 1098 mevam,

161 1106 232 1166 licet
244 1125 304 1164 non
311 1103 518 1182 persuasiaam.
561 1103 711 1163 Convictio
725 1111 771 1164 est
783 1104 900 1182 quando
918 1103 984 1182 quis
1004 1124 1062 1164 non
1083 1113 1195 1166 tantum
1216 1104 1367 1182 cognoscit

163 1187 317 1246 veritatem
330 1183 494 1261 Evangelii,
510 1182 604 1242 sedet
618 1184 647 1242 in
661 1193 757 1243 mente
779 1204 832 1244 sua
851 1183 1004 1245 convictus
1024 1196 1069 1245 est
1084 1186 1122 1244 de
1144 1187 1207 1264 ejus
1227 1185 1365 1260 bonitate,

165 1266 286 1325 adeant
303 1285 340 1323 ne
362 1263 474 1324 hiscere
495 1263 612 1340 quidem
632 1265 725 1342 possit
745 1273 853 1342 contra,
873 1265 1007 1342 quamvis
1027 1265 1116 1342 velit;
1139 1266 1292 1327 Persuasio
1313 1273 1367 1340 est,

165 1366 254 1424 quum
268 1346 334 1423 quis
348 1346 389 1404 ita
401 1363 555 1422 persuasus
569 1353 621 1420 est,
638 1354 742 1405 utnon
755 1345 842 1404 modo
863 1365 921 1404 non
941 1344 1033 1424 possit
1047 1346 1251 1419 contradicere,
1267 1345 1319 1404 sed
1332 1363 1369 1404 ne

165 1427 237 1486 velit
251 1425 376 1504 quidem.
419 1425 493 1484 Ideo
506 1424 556 1502 qni
569 1433 691 1501 peccant
704 1444 742 1484 ex
755 1425 927 1504 ignorantia,
942 1433 976 1485 ut
990 1425 1108 1502 Paulus,
1123 1445 1212 1502 quum
1223 1426 1370 1486 Christum

165 1506 379 1585 blasphemavit
392 1513 422 1565 et
436 1505 597 1565 Ecclesiam
611 1513 779 1583 persecutus
800 1514 853 1580 est,
868 1513 898 1564 et
918 1505 940 1564 J
941 1505 1017 1564 udsei
1037 1506 1088 1582 qui
1110 1505 1256 1566 Christum
1277 1505 1369 1565 cruci·

165 1587 299 1662 fixerunt,
312 1607 371 1644 non
380 1593 536 1662 peccarunt
549 1585 580 1645 in
593 1585 732 1664 Spiritum
744 1584 860 1663 S.,quia
873 1581 905 1643 δι’
917 1583 1019 1657 ἔφη,
1028 1585 1166 1662 fecerunt,
1182 1606 1220 1645 ex
1234 1587 1369 1664 ignoran-

166 1668 207 1732 tia
220 1675 249 1726 et
263 1667 324 1726 sine
339 1665 529 1726 convictione.

209 1747 266 1805 VI.
288 1746 331 1807 Ut
345 1767 414 1806 vero
428 1745 535 1806 clarius
548 1753 661 1806 constet
674 1766 807 1825 quaenam
821 1745 950 1826 cognitio
963 1746 1011 1806 hic
1024 1747 1194 1825 requiratur,
1209 1755 1240 1808 et
1252 1767 1371 1825 quomo·

169 1827 207 1886 do
221 1825 335 1886 differat
348 1847 366 1885 a
380 1827 544 1905 cognitione
562 1827 681 1888 salutari
694 1827 824 1888 fidelium
836 1850 843 1904 3
866 1827 1103 1905 distinguendum
1118 1836 1163 1888 est
1176 1828 1284 1907 triplex
1290 1829 1372 1906 jadi-

169 1908 242 1968 ciam
262 1907 426 1968 intellectus
446 1907 583 1986 practici:
605 1909 734 1968 Primum
748 1910 903 1968 nauteam
918 1916 947 1968 et
959 1909 1088 1986 simplex,
1112 1907 1277 1968 Secundum
1298 1929 1371 1968 com-

166 1997 307 2066 paratum
327 1991 463 2066 pmmum,
480 1989 609 2050 Tertium
633 1999 829 2066 comparatam
848 1989 984 2065 altimum,
1000 1989 1078 2066 quod
1102 1991 1198 2048 altimo
1214 1989 1374 2066 praetecum

168 2077 297 2128 vocatur.
327 2069 403 2128 Nam
415 2079 450 2129 ut
464 2069 578 2147 objecta
599 2070 654 2129 sub
668 2069 756 2128 variis
769 2069 948 2148 respectibus
962 2077 1203 2147 representantur
1217 2069 1377 2129 intellectui

170 2159 200 2209 et
213 2170 278 2208 cum
289 2150 378 2208 variis
392 2150 623 2224 circumstantiis,
636 2170 701 2227 quar
714 2169 775 2208 rem
785 2150 890 2209 mirum
901 2150 931 2208 in
944 2149 1064 2209 modum
1077 2150 1188 2208 variare
1203 2150 1314 2210 solent:
1330 2149 1378 2208 Ita

171 2229 286 2288 diversa
291 2229 403 2309 judicia
411 2230 534 2289 formare
543 2230 625 2307 solet,
637 2231 723 2292 modo
734 2229 908 2307 absolutum,
919 2231 999 2290 sires
1009 2229 1177 2308 simpliciter
1188 2231 1257 2289 etin
1266 2251 1298 2290 se
1309 2249 1377 2290 con·

172 2309 322 2385 sideretur,
338 2330 389 2370 seu
403 2310 434 2369 in
448 2311 523 2386 thesi,
539 2310 625 2369 modo
640 2318 844 2388 comparatum,
860 2311 884 2370 si
905 2311 1069 2370 conseratur
1082 2331 1147 2370 eum
1161 2311 1227 2370 aliis
1247 2311 1277 2369 in
1291 2311 1378 2386 hypo·

174 2391 243 2448 tlresc'
249 2415 263 2465 ,·
283 2389 434 2468 quievero
448 2390 565 2450 collatio
584 2399 681 2469 potest
700 2390 887 2451 multifariam
900 2390 971 2466 fieri,
987 2391 1056 2450 hinc
1073 2391 1215 2469 judicium
1231 2409 1377 2468 compara·

174 2479 235 2530 tum
249 2479 422 2548 potestesse
436 2470 599 2549 multiplex,
614 2471 695 2530 aliud
708 2473 797 2549 prins,
813 2471 893 2531 alind
906 2472 1059 2550 posterius.
1102 2471 1174 2531 Cum
1189 2491 1259 2549 ergo
1273 2471 1377 2530 volun·

174 2559 219 2611 tas
234 2551 272 2610 ad
285 2551 485 2611 executionem
500 2551 541 2611 rei
555 2553 638 2630 sequi
653 2554 744 2612 soleat
753 2552 897 2629 judicium
912 2551 1014 2612 ultimo
1033 2552 1191 2630 practicam
1205 2551 1378 2626 intellectus,

176 2631 244 2690 inde
257 2631 299 2707 fit,
315 2639 348 2690 ut
362 2633 471 2692 veritas
492 2633 609 2710 cognita
623 2640 653 2693 et
669 2633 848 2710 apprehensa
862 2653 920 2693 non
933 2633 1021 2692 modo
1035 2652 1053 2691 a
1063 2632 1175 2710 jndicio
1188 2632 1316 2710 practico
1330 2631 1380 2691 ab·

175 2711 279 2785 soluto,
291 2711 343 2770 sed
356 2711 442 2770 etiam
454 2721 628 2790 comparato,
643 2713 725 2791 rejici
738 2713 838 2792 possit,
850 2713 937 2774 modo
951 2733 1009 2772 non
1024 2713 1062 2772 sit
1075 2713 1218 2773 ultimum.
1241 2712 1297 2787 Qui
1311 2733 1381 2789 ergo

175 2798 297 2868 peccant
312 2789 341 2846 in
358 2789 496 2866 Spiritum
507 2795 646 2853 Sanctum
659 2795 690 2852 in
704 2813 739 2852 eo
753 2793 918 2853 differente
931 2793 1075 2867 fidelibus,
1085 2792 1164 2870 qnod
1178 2793 1304 2852 habeant
1317 2793 1381 2869 qui·

176 2869 243 2928 dem
257 2869 451 2946 cognitionem
471 2871 598 2948 aliquam
619 2873 774 2950 practicam
788 2883 991 2951 comparatam,
1013 2873 1066 2932 sed
1086 2893 1144 2932 non
1158 2873 1298 2946 nltimam,
1314 2893 1379 2949 quse

177 2949 357 3008 voluntatem
371 2950 534 3010 necessario
547 2960 614 3030 post
633 2972 664 3011 se
678 2953 767 3012 trahit
786 2953 825 3011 ad
839 2953 1102 3027 sanctificationem,
1119 2953 1214 3028 qualis
1234 2961 1279 3011 est
1293 2953 1323 3009 in
1337 2973 1381 3011 re-

178 3030 295 3108 gennis,
310 3049 383 3108 quos
398 3029 439 3088 ita
452 3030 571 3091 irradiat
587 3031 711 3109 Spiritus
728 3031 860 3107 Sanctus,
875 3040 908 3092 ut
920 3032 990 3091 licet
1003 3033 1102 3108 gravis
1117 3052 1193 3109 sape
1208 3031 1246 3091 sit
1259 3031 1338 3090 lucta
1352 3032 1382 3090 in

178 3111 336 3186 intellectu,
349 3119 447 3170 tamen
458 3110 556 3170 vincat
570 3111 687 3172 tandem
701 3111 803 3170 ultimo
818 3111 945 3188 cognitio
955 3111 1083 3190 practica
1096 3111 1238 3188 salutaris,
1250 3130 1302 3188 per
1316 3131 1382 3189 gra·

177 3191 248 3250 tiam
262 3191 368 3268 quippe
382 3189 520 3250 invictam
535 3201 564 3251 et
578 3191 788 3250 irresistibilern
802 3190 952 3268 producta.

218 3271 291 3330 VII.
303 3271 424 3347 Rursus,
436 3271 548 3330 Lumen
561 3271 686 3350 Spiritus
694 3272 724 3330 S.
734 3271 915 3348 quadruplex
926 3278 1022 3349 potest
1032 3271 1153 3350 concipi.
1179 3274 1205 3330 l.
1213 3271 1294 3332 Mero
1306 3274 1380 3332 theo-

177 3353 294 3410 reticam
304 3359 333 3411 et
342 3352 575 3430 imtraeas,quod
586 3353 662 3412 sistit
672 3352 702 3410 in
713 3350 933 3412 illuminatione.
955 3356 983 3410 2.
995 3352 1141 3412 erarem.
1163 3355 1191 3412 3.
1200 3352 1380 3412 Convincam.

179 3435 208 3489 4.
224 3433 393 3491 Convertere
406 3440 436 3491 et
450 3432 642 3492 sanctificans.
675 3432 787 3491 Lumen
801 3433 978 3492 theoreticam
991 3431 1110 3492 irradiat
1123 3440 1235 3492 mentes
1249 3433 1383 3511 hypocri-

179 3518 272 3570 tarum
285 3535 292 3588 ;
310 3513 448 3572 coccea
461 3511 550 3572 afficit
563 3513 691 3572 animum
701 3513 863 3594 ugm'gm,
875 3521 908 3572 ut
921 3533 940 3572 a
953 3512 1141 3572 crassioribus
1154 3513 1280 3590 peccatis
1294 3513 1384 3573 absti-

180 3599 274 3668 neant,
287 3601 316 3650 et
327 3593 452 3670 aliquam
461 3593 642 3652 honestatem
656 3593 794 3653 moralem
809 3593 911 3653 saltem
925 3601 1075 3654 externam
1085 3593 1241 3669 retineant;
1264 3594 1384 3654 Convin-

180 3691 243 3730 ceas
256 3679 387 3750 penetrat
407 3673 495 3732 corda
515 3674 696 3752 peccantium
717 3673 748 3732 in
765 3673 904 3751 Spiritum
920 3673 1066 3748 Sanctum,
1082 3682 1112 3732 et
1125 3693 1160 3732 ea
1180 3672 1327 3735 convincit
1347 3674 1385 3734 de

181 3752 304 3812 veritate
318 3760 348 3811 et
361 3753 490 3812 bonitate
506 3753 670 3832 Evangelii,
682 3753 764 3892 quod
778 3753 837 3812 illis
850 3753 1028 3832 proponitur,
1044 3751 1151 3812 additis
1165 3752 1282 3811 motivis
1296 3754 1386 3813 variis

182 3831 288 3906 quibus
301 3831 411 3909 impelli
425 3832 564 3893 deberent
576 3833 615 3892 ad
628 3834 681 3892 illu
715 3832 966 3911 amplectendum
991 3832 1049 3892 Sed
1063 3835 1155 3891 lumea
1163 3835 1341 3909 persuadeas
1355 3841 1385 3892 et

183 3921 343 3970 conantem
357 3912 427 3970 solis
441 3911 526 3976 datur
538 3913 682 3990 fidelibus,
698 3920 728 3973 et
741 3933 776 3972 eo
790 3912 937 3990 pertingit,
952 3920 1057 3972 utnon
1073 3911 1161 3971 modo
1174 3913 1320 3972 mantibus
1333 3913 1385 3972 ali·

181 4011 269 4069 quam
283 3991 414 4052 notitiam
425 3992 612 4054 theoreticam
625 3993 766 4068 infundat,
778 4013 837 4052 non
845 3992 932 4052 modo
942 3999 1074 4052 coerceat
1083 3991 1203 4052 affectus
1213 3993 1292 4053 intus
1301 4002 1386 4053 sestu-

182 4082 273 4150 antes,
289 4081 319 4132 et
332 4072 468 4150 reprimat
488 4073 565 4134 intra
585 4083 678 4134 certos
692 4074 852 4134 honestatis
866 4083 993 4134 externae
1007 4072 1124 4148 limites,
1146 4093 1204 4132 non
1217 4071 1305 4132 modo
1318 4093 1386 4133 eon-

84 4215 90 4226 ‚
182 4153 282 4212 vincat
295 4153 332 4213 de
346 4153 470 4213 veritate
492 4153 549 4214 ista
571 4155 709 4231 salutari;
739 4154 792 4214 sed
812 4162 841 4214 et
861 4153 1034 4231 persuadeat
1055 4153 1165 4230 intime,
1186 4160 1216 4213 et
1237 4153 1275 4212 ad
1288 4174 1387 4214 veram

183 4234 365 4294 sanctitatem
380 4232 512 4294 ducendo
527 4235 620 4294 solida
634 4234 831 4295 consolatione
844 4233 1007 4313 perfundat.

223 4311 315 4371 VIII.
338 4313 370 4372 Si
384 4323 529 4390 queratur
541 4335 627 4392 porro
640 4315 718 4374 unde
731 4313 841 4375 oriatur
853 4313 1007 4374 diversitas
1021 4313 1105 4374 istius
1119 4313 1302 4391 cognitionis,
1323 4334 1389 4391 quae

184 4397 229 4448 est
243 4391 416 4467 convictiva,
428 4411 487 4450 non
497 4395 688 4469 percussivo?
710 4395 797 4454 Ratio
805 4395 866 4472 peti
876 4403 971 4471 potest
980 4415 1017 4453 ex
1032 4394 1148 4454 diversa
1159 4393 1250 4470 exten,
1266 4393 1389 4472 subque

186 4468 381 4545 Evangelium
395 4471 567 4532 obversatur
579 4473 727 4532 hominurn
741 4475 896 4550 mentibus,
912 4475 967 4534 sub
980 4475 1054 4550 idea,
1070 4475 1119 4532 vel
1132 4473 1197 4533 boni
1211 4472 1324 4546 baama,
1340 4473 1389 4532 vel

185 4548 451 4625 stilaveljacaadi.
472 4551 509 4608 In
517 4550 652 4612 fidelibus
660 4553 727 4612 idea
739 4554 804 4612 torri
810 4555 917 4612 bracati
922 4555 1070 4631 prevalet,
1081 4572 1183 4613 sensus
1191 4559 1262 4630 puta
1269 4551 1389 4612 intimus

185 4628 390 4689 misericordia
404 4629 460 4688 Dei
480 4630 511 4688 in
524 4631 692 4692 remissione
712 4641 904 4712 peccatorum,
920 4642 950 4693 et
970 4633 1000 4692 in
1021 4631 1257 4692 sanctificationis
1277 4632 1388 4709 grstia;

187 4709 245 4769 Sed
254 4709 284 4768 in
298 4709 364 4771 aliis
373 4707 440 4770 idea
449 4711 608 4789 berrinniis,
624 4711 672 4774 vel
677 4714 810 4790 Jacaadi,
820 4713 889 4774 dum
904 4711 1218 4791 scilicetEvangeliurn
1231 4712 1389 4792 apprehen·
