3158 5190
243 278 283 336 ⁷0
713 295 804 336 nocua
819 295 980 336 saconnus.
1274 273 1402 356 [censu.
1418 297 1452 338 r.

242 435 321 496 tibus
334 433 519 512 descriptum,
535 435 585 512 qui
600 456 637 494 ex
653 435 767 496 Graecis
781 435 811 494 in
825 435 953 496 Gallium
974 434 1129 496 trnnslstus
1144 435 1213 494 olim
1228 435 1260 494 in
1274 436 1455 498 Monasterio

217 567 221 576 .
245 515 276 576 S.
298 514 400 576 Irenaci
421 515 450 572 in
474 513 611 574 suburbio
635 514 824 592 Lugdunensi
848 515 1000 594 repositus,
1021 524 1052 575 et
1068 533 1145 574 suno
1169 518 1246 576 1562
1268 526 1408 594 repertus,
1422 518 1455 576 in

242 594 382 672 Angliem
408 601 509 672 postea
532 594 646 654 delatus
674 595 720 671 sit,
749 605 778 655 ct
802 595 1033 672 Cantabrigiensi
1059 594 1227 654 Academia
1248 595 1384 672 donatus,
1404 598 1456 656 ubi

244 675 362 734 Csiuem
375 691 434 732 non
447 682 602 752 comparet.
633 675 762 753 Sealiper
775 675 805 734 in
820 675 956 753 Prologo.
964 675 996 734 in
1006 675 1122 734 Chroni.
1132 675 1263 751 Eusebii,
1272 677 1304 734 in
1314 678 1454 754 antiquis-

243 753 324 814 simis
337 754 551 831 exemplaribus
560 754 718 816 secundum
733 755 842 816 Lucam
851 754 960 816 Cshrsn
970 754 1128 814 desidersri
1135 755 1267 816 affirmat
1310 755 1457 834 Quicquid

244 834 290 909 sit
304 833 374 894 lieet
387 834 418 892 in
432 834 536 894 mendo
550 834 655 895 cubare
669 835 782 896 dicetur
793 836 876 894 loeus
889 833 967 912 opud
981 835 1099 910 Lucam,
1114 854 1173 893 non
1192 844 1290 912 potest
1304 845 1458 914 propterea

243 913 274 972 iu
288 913 407 975 dubium
421 915 519 975 rocsri
533 916 597 993 ejus
610 917 720 976 «unu
735 919 762 976 l.
776 915 844 994 quis
858 914 1003 992 corruptio
1016 934 1075 974 non
1089 923 1134 974 est
1146 915 1340 992 universalis3
1364 921 1395 976 2.
1409 937 1456 995 ps-

242 1013 308 1054 rum
320 995 351 1052 iu
364 1013 400 1054 eo
420 1013 516 1054 errore
536 995 623 1056 situm
638 1007 692 1072 est,
708 996 793 1074 eique
807 995 977 1073 corrigendo
998 993 1082 1054 Iseile
1095 994 1254 1053 remedium
1273 997 1408 1072 suppetit
1420 1017 1456 1056 ex

246 1073 340 1150 Mose,
359 1081 393 1134 ut
413 1073 486 1134 nihil
506 1095 579 1154 opus
600 1074 687 1136 fuerit
708 1076 834 1136 Doctiss.
854 1075 895 1135 Is.
910 1074 1049 1134 Vossium
1072 1073 1138 1133 ideo
1159 1074 1316 1152 puritatem
1335 1073 1457 1136 Hebraei

246 1152 355 1216 codicis
369 1153 520 1232 solicitare,
536 1165 569 1216 ut
582 1157 703 1216 athnrin
711 1155 847 1215 Versieni
862 1153 965 1214 LXX.
979 1154 1155 1214 conciliaret

348 1289 354 1302 .
445 1289 461 1302 ..
548 1237 645 1296 XIII.
667 1237 699 1296 Si
713 1236 838 1296 verietss
855 1253 960 1312 magns
973 1233 1098 1294 occurrit
1117 1232 1149 1292 in
1164 1233 1342 1311 Geoeulopiu
1357 1235 1456 1294 ΟΜ-

245 1287 480 1336 M⁸⁶i¹²'¹'¹⁴¹¹⁰'¹¹¹'
509 1317 538 1391 ti,
560 1335 625 1393 quse
648 1317 758 1376 texitur
781 1335 799 1374 s
820 1315 960 1376 Matthseo
980 1323 1011 1373 et
1039 1313 1128 1390 Luca,
1151 1320 1211 1372 tum
1234 1313 1335 1390 quoad
1355 1335 1456 1392 perso

245 1415 307 1474 usa
330 1405 392 1458 tum
409 1397 505 1475 quood
526 1413 676 1456 nemorum
697 1396 833 1474 ipserum,
855 1394 960 1454 mirum
981 1392 1075 1452 rideri
1095 1412 1155 1452 non
1176 1392 1283 1470 debet3
1304 1393 1376 1472 quia
1399 1415 1457 1454 non

245 1486 291 1536 est
312 1477 421 1552 eadem,
453 1476 505 1536 sed
532 1475 657 1536 diverse.
700 1475 858 1535 Mattheus
882 1475 958 1534 enim
985 1472 1185 1552 genealogiam
1212 1473 1341 1534 Instituit
1366 1475 1391 1536 J
1393 1496 1457 1534 ose-

244 1555 304 1633 phi,
328 1557 412 1633 cujus
436 1573 528 1634 genus
550 1573 568 1612 a
591 1555 705 1614 Doride
725 1573 778 1632 per
801 1555 983 1614 Salomonem
1005 1552 1130 1628 deducit,
1154 1553 1251 1612 Lucus
1262 1573 1335 1612 vero
1353 1555 1459 1616 Marius

244 1653 338 1774 uu
371 1633 1043 1792 u.th³⁰z;.ttuitu³⁸.tu
1072 1632 1292 1790 §wilt
1307 1633 1460 1774 ”535¹ss

245 1793 431 1871 quaerendum
453 1793 607 1872 relinquit3
640 1793 736 1854 Lucas
757 1813 827 1854 vere
847 1793 941 1854 voluit
965 1792 1098 1871 supplere
1121 1791 1201 1870 quod
1228 1795 1458 1870 pretermissum

244 1881 315 1951 eret,
336 1873 526 1936 describendo
554 1883 676 1936 stemms
703 1874 813 1950 Merite,
835 1881 868 1934 ut
894 1873 1005 1933 seilicet
1031 1872 1117 1949 plens
1143 1880 1173 1930 et
1192 1871 1322 1949 perfecte
1341 1883 1459 1936 extaret

244 1955 367 2032 genedo
389 1957 397 1968 '
436 1955 544 2016 Christi
566 1955 603 2014 ab
624 1965 747 2034 utroque
769 1961 896 2033 parente,
917 1972 954 2012 ne
974 1951 1023 2012 vel
1041 1951 1182 2029 scrupulis
1196 1951 1384 2030 infirmorum,
1409 1955 1460 2016 vel

244 2035 358 2096 eevillis
367 1975 498 2096 {restium
513 2035 668 2113 Evangelii
681 2036 763 2096 locus
777 2043 861 2110 esset,
877 2041 907 2093 ct
919 2033 963 2092 illi
977 2031 1221 2107 confirmarentur,
1236 2031 1287 2092 isti
1300 2033 1459 2096 convince-

243 2125 351 2192 rentur,
374 2115 520 2176 Christum
543 2117 631 2193 juxta
652 2114 789 2174 vaticinia
817 2113 989 2192 Prophetics
1009 2131 1110 2172 verum
1131 2120 1160 2171 ct
1181 2111 1343 2171 naturalem
1365 2112 1460 2176 fuisse

245 2194 369 2256 stidis
382 2195 491 2270 filium;
513 2195 575 2253 siue
589 2195 611 2254 J
613 2195 713 2272 osephi
729 2195 843 2272 Sponsi,
857 2193 888 2252 in
902 2193 986 2270 cujus
1000 2191 1137 2250 lumilism
1151 2191 1306 2251 transierat
1318 2212 1373 2270 per
1384 2213 1458 2252 oon-

240 2273 357 2350 jugimn
367 2273 476 2347 Msn'se,
493 2273 555 2332 sive
569 2273 660 2350 ipsius
670 2273 771 2332 Msrise
779 2273 933 2332 haberetur
946 2272 1030 2332 ratio.
1071 2271 1279 2332 Maximorum
1293 2281 1404 2333 eertum
1417 2275 1459 2334 sit

243 2352 372 2429 virgines
386 2351 536 2432 ἰπιιιιίςως,
551 2371 617 2429 quas
631 2351 728 2412 dotem
741 2351 925 2411 hebebsntin
935 2351 1152 2412 haereditatibus
1161 2350 1344 2428 familismm,
1360 2354 1459 2430 qualis

243 2431 298 2491 fuit
313 2432 348 2490 B.
363 2431 465 2510 Virgo,
481 2441 563 2490 extra
576 2431 684 2490 tribum
697 2439 727 2492 et
740 2430 878 2491 sumilism
892 2431 1001 2491 nubere
1015 2451 1073 2490 non
1087 2430 1231 2491 debuisse.
1273 2433 1459 2510 Genealogia

244 2520 339 2570 sutem
353 2509 419 2570 ideo
433 2511 554 2570 refertur
567 2509 605 2569 ed
624 2511 797 2590 Josephum,
811 2530 870 2569 non
883 2510 921 2570 sd
942 2509 1066 2570 Marium
1079 2509 1157 2588 apud
1174 2505 1378 2590 Lucumonis
1391 2533 1459 2574 mos

243 2609 302 2650 non
316 2599 377 2650 eret
390 2610 441 2668 per
454 2591 589 2652 mulieres
603 2591 803 2669 genealogiam
817 2599 925 2666 texere,
940 2611 1007 2650 nem
1022 2589 1213 2650 censebantur
1220 2592 1270 2651 vel
1283 2591 1314 2650 in
1382 2594 1457 2654 enti·

243 2669 298 2728 bus
311 2677 362 2730 aut
375 2669 510 2730 fratribus
525 2671 550 2730 si
564 2671 701 2748 innupte,
722 2671 770 2730 vel
784 2671 814 2728 iu
827 2671 939 2730 meritis
960 2671 985 2730 si
1005 2669 1173 2747 desponsae;
1195 2670 1263 2730 hinc
1281 2671 1325 2732 Ju
1391 2693 1457 2734 nun

243 2749 359 2810 asionrs
371 2767 460 2812 runnu
474 2752 505 2812 rb
518 2771 567 2814 ns
581 2767 678 2827 suren,
693 2751 800 2810 Matris
805 2751 925 2826 ferrulis
938 2771 994 2810 uon
1000 2751 1130 2827 familia.

284 2829 375 2889 XIV.
397 2830 480 2890 Licet
493 2833 617 2891 Jacobus
630 2839 751 2890 vocetur
767 2839 850 2909 peter
869 2829 993 2908 Josephi
1013 2829 1090 2906 apud
1105 2830 1286 2906 Metthaeum,
1301 2832 1373 2891 Heli
1385 2852 1457 2894 vero

243 2909 320 2988 apud
330 2909 447 2988 Lucam,
459 2911 539 2972 nulla
549 2921 646 2972 nmen
656 2919 701 2972 est
714 2910 911 2986 conusdictio,
923 2909 992 2988 quis
1001 2909 1057 2968 hoe
1067 2907 1126 2968 ω’
1133 2907 1203 2969 dat·
1212 2913 1258 2970 sat
1269 2909 1340 2970 ἄλλο
1347 2913 1456 2972 intelli·

243 2991 381 3068 gendum.
423 2991 520 3052 Primo
530 2992 602 3052 nihil
611 3000 656 3052 est
666 2991 784 3051 absurdi
792 3010 882 3085 unum
892 2989 983 3050 tilium
994 2989 1068 3082 duos
1075 2989 1182 3083 hebere
1189 3000 1287 3068 patres
1295 2991 1326 3049 in
1338 2991 1457 3052 diverso

373 3070 1456 3162 m...

243 3229 380 3290 Menasse
407 3239 437 3290 et
464 3231 604 3309 Ephraim
626 3231 717 3292 solius
738 3229 861 3308 Josephi
881 3229 997 3289 fuerumt
1019 3228 1072 3287 filii
1093 3229 1248 3305 naturales,
1272 3229 1325 3288 sed
1349 3231 1457 3292 Jsoobi

242 3307 352 3383 legales
366 3310 486 3384 perede
507 3311 634 3386 tionem;
658 3311 780 3371 Dsridis
795 3309 881 3369 Avus
895 3308 979 3370 obed
999 3309 1159 3369 naturalem
1172 3317 1284 3387 putrem
1297 3330 1390 3370 uuum
1404 3311 1456 3370 he·

242 3385 307 3444 buit
321 3386 407 3460 Bous,
423 3388 474 3446 sed
487 3331 612 3464 Iegalem
626 3390 713 3450 etiam
728 3388 866 3448 Meehlou
879 3387 1014 3447 maritum
1034 3388 1158 3465 priorem
1173 3408 1233 3448 sure
1246 3389 1349 3450 matris
1364 3391 1455 3466 Ruth,

241 3463 288 3524 cui
303 3465 423 3524 maritus
432 3467 574 3542 posterior
585 3469 663 3527 Boss
673 3466 935 3543 seeundumlegem
945 3467 1096 3529 suscitavit
1105 3486 1222 3528 semen:
1266 3468 1315 3528 Sic
1323 3469 1458 3532 Jscebus

242 3541 297 3604 fuit
310 3551 391 3621 peter
404 3544 544 3605 neturnlis
557 3547 579 3606 J
580 3547 698 3624 esephi3
720 3545 791 3606 Heli
804 3565 874 3606 vero
887 3544 937 3622 qui
951 3555 1033 3624 pster
1053 3547 1193 3608 naturalis
1206 3545 1262 3607 fuit
1275 3548 1388 3626 Merite,
1404 3569 1456 3628 po-

241 3631 300 3684 test
313 3623 371 3683 dici
384 3631 466 3702 pster
478 3625 602 3703 Josephi
623 3627 673 3685 vel
693 3626 800 3702 leqalrs,
823 3633 856 3686 ut
869 3623 963 3686 voluit
984 3624 1149 3702 Africanus,
1165 3627 1235 3705 quia
1254 3637 1370 3690 mortuo
1384 3629 1457 3688 Heli

242 3705 305 3766 siue
318 3703 425 3780 liberis,
440 3704 571 3765 Jseobus
591 3705 677 3766 duxit
696 3706 761 3783 ejus
781 3725 901 3764 uxorem
916 3725 954 3764 ex
975 3705 1064 3783 Iege,
1080 3707 1168 3766 Deut.
1185 3726 1258 3766 xxv.
1273 3709 1301 3783 5,
1317 3716 1400 3768 etex
1421 3729 1457 3768 es

242 3785 405 3865 Josephum
419 3784 521 3844 Metire
534 3785 668 3846 meritum
702 3785 861 3845 recreavit:
893 3783 951 3844 Vel
964 3786 1060 3862 eicite
1074 3787 1184 3847 ratione
1197 3785 1374 3846 matrimonii
1387 3807 1456 3848 cum

244 3866 338 3926 Maris
351 3865 411 3926 filis
431 3864 579 3942 conuecti,
601 3885 659 3944 qne
681 3805 774 3925 iectus
788 3872 833 3924 cst
855 3864 919 3941 ejus
940 3884 1038 3942 gener,
1060 3885 1119 3942 quo
1138 3865 1225 3926 medo
1248 3866 1352 3926 Nobmi
1368 3877 1458 3928 vocet

242 3965 333 4008 nurus
347 3945 501 4026 suasfilt‘os
514 3966 589 4019 suos,
605 3945 694 4005 Ruth.
709 3945 728 4003 i.
746 3947 792 4020 ll,
810 3947 856 4018 12,
871 3944 923 4022 qui
935 3964 999 4004 mes
1019 3944 1157 4022 loquendi
1170 3953 1303 4024 receptus
1316 3955 1362 4006 cst
1376 3947 1457 4025 apud

243 4045 352 4086 omnes.
393 4027 452 4088 Vel
465 4026 524 4088 dici
536 4033 631 4106 potest
645 4025 667 4086 J
668 4044 717 4085 ose
737 4026 807 4084 hum
816 4043 874 4083 non
889 4023 987 4082 vocari
1000 4023 1092 4083 filium
1102 4025 1172 4084 Heli
1183 4025 1238 4085 sed
1247 4025 1405 4102 Christum,
1421 4036 1457 4086 ut

242 4103 299 4164 ists
312 4105 402 4166 verba
414 4107 579 4184 parenthesi
599 4105 657 4166 sint
669 4105 700 4163 in
728 4104 844 4165 udende
856 4103 887 4170 ὃς
900 4101 1019 4180 θαμίζω
1032 4109 1079 4170 ὑὸς
1091 4107 1183 4176 lucio,
1197 4123 1256 4164 non
1269 4124 1340 4164 vere
1350 4125 1455 4183 paren-

242 4183 333 4242 thesis
347 4193 381 4244 ut
393 4185 484 4264 vulgo
504 4187 567 4247 fieri
589 4187 670 4261 solet
685 4193 752 4264 post
772 4185 892 4244 verbum
907 4185 1025 4260 beatus
1042 4183 1166 4261 linietur,
1181 4185 1238 4243 hoc
1251 4203 1347 4260 sensu,
1363 4183 1395 4243 ὅν
1411 4185 1456 4264 (ὥς

243 4259 360 4346 bassim
367 4263 1454 4346 bolelauto)rot‘flnl,esrhteneseilicetdesus(uteoshtimodoturfiliusJoseplr)

241 4340 312 4396 Heli
323 4340 433 4399 scilicet
446 4345 532 4421 filius,
548 4346 645 4422 idest,
660 4365 750 4424 nepos
768 4345 799 4404 ln
813 4343 936 4422 Virgine
956 4343 1050 4402 Msrie
1063 4341 1142 4402 filis:
1185 4343 1246 4402 Nec
1265 4342 1394 4402 insolens
1408 4351 1455 4404 est

240 4418 296 4478 iste
316 4418 454 4477 transitus
468 4421 505 4480 ab
519 4424 582 4484 svis
596 4425 633 4484 sd
647 4434 774 4502 nepotes,
788 4423 947 4502 presertim
965 4422 1016 4482 ubi
1029 4429 1125 4499 putres
1139 4422 1269 4499 extincti,
1284 4442 1377 4500 eoque
1391 4442 1453 4481 ma-

241 4496 288 4574 gis
301 4495 331 4554 in
345 4496 400 4556 hoe
413 4501 555 4576 exemplo,
566 4502 634 4579 quis
648 4503 780 4563 Christus
790 4503 845 4562 tuit
854 4503 961 4583 ὅπως
976 4500 1133 4560 secundum
1143 4509 1275 4560 usturam
1286 4503 1453 4562 humanam.

295 4575 370 4644 XV.
392 4575 424 4636 si
438 4577 583 4655 queritur,
599 4581 657 4640 Cur
671 4581 776 4641 Mstth.
792 4579 810 4640 i.
826 4584 853 4657 8,
869 4583 971 4642 Jeram
985 4579 1097 4640 dicetur
1110 4581 1245 4658 genuisse
1260 4581 1369 4658 Ozinm,
1386 4601 1454 4642 cum
