3158 5190
270 349 308 405 82
744 361 835 404 nocua
849 361 1007 405 ascensus.
1283 340 1413 421 [cuman.
1428 357 1475 401 rr.

272 507 372 563 damen
384 501 563 579 Scripturam
577 521 634 561 aesc
652 503 772 561 Verbum
784 502 843 560 Dei
849 525 861 574 ;
882 520 933 560 seu
947 519 1004 577 quo
1022 507 1192 576 argumento
1212 500 1356 577 praecipue
1374 508 1478 558 utatrm

274 582 398 662 Spiritus
412 582 443 641 S.
457 581 496 640 ad
514 579 743 659 persuadendam
756 580 839 640 nobis
855 579 1008 656 Scriptum
1023 577 1222 637 Divinitatem.
1264 577 1316 636 An
1328 578 1477 637 Testimo-

271 663 386 721 nicaen
399 679 471 720 voce
485 659 642 736 Ecclesiae3
664 659 715 718 An
728 677 798 718 vero
817 658 894 717 notis
914 667 944 718 at
960 657 1081 718 criteriis
1100 657 1158 735 ipsi
1179 657 1334 736 Scriptura
1355 657 1478 716 insitis?

272 739 358 800 Prius
371 748 503 800 asserunt
514 738 777 876 advexrsangpthq
785 737 994 874 postctqlins,tate
1178 813 1216 873 ,d
1419 813 1478 872 md

272 873 513 989 sffffinfflff,
531 915 585 955 nos
608 837 737 974 perdide
763 833 1479 971 aae'lleustitiiduionEcldldsiieuoprobsdlrriioel.qlquia

301 990 381 1090 quoae
416 1002 460 1058 nos
497 1003 513 1034 a
533 975 666 1036 Ecclesia
677 973 908 1050 firndatnrsuper
923 973 1107 1050 Scripturam,
1120 973 1195 1049 Eph.
1210 973 1240 1031 ii.
1251 975 1299 1047 20,
1315 979 1345 1031 et
1358 991 1478 1030 omnem

315 1047 451 1147 ,aemonio
465 1047 512 1093 ΕΟ·
531 1054 733 1114 authoritatem
757 1071 839 1113 suam
862 1071 880 1110 a
898 1050 1053 1129 Scriptura
1073 1059 1229 1127 mutuatum,
1254 1051 1333 1128 quod
1357 1050 1477 1109 Adver-

302 1117 387 1149 ⁰⁶⁸¹⁸⁹⁸
533 1133 602 1192 serii
614 1151 673 1191 non
686 1139 808 1210 possunt
820 1129 952 1208 diffiteri;
971 1129 1114 1206 siquidem
1127 1149 1216 1206 quum
1230 1129 1266 1188 de
1280 1149 1316 1188 ea
1325 1130 1476 1206 quaeritur,

273 1229 332 1270 non
344 1209 402 1269 alio
415 1229 503 1288 quam
516 1211 555 1270 ad
569 1211 746 1290 Scriphrrsm
759 1209 929 1287 confugiunt
941 1217 975 1269 ut
986 1227 1051 1268 eam
1063 1208 1194 1286 probent.
1210 1209 1289 1285 Ergo
1303 1227 1364 1266 non
1378 1217 1479 1286 potest

274 1289 430 1366 Scripturas
456 1289 659 1350 authoritatem
684 1289 839 1349 conciliare
866 1289 915 1347 vel
943 1287 1039 1364 quoad
1067 1306 1098 1346 se
1125 1286 1173 1346 vel
1200 1286 1297 1364 quoad
1324 1306 1389 1362 nos,
1419 1287 1479 1346 nisi

272 1367 397 1427 velimus
410 1387 527 1428 oausam
539 1368 665 1447 pendere
677 1369 715 1428 ab
724 1367 837 1443 effectu,
851 1367 1024 1445 principium
1036 1385 1055 1424 a
1066 1365 1246 1444 principieto,
1260 1374 1290 1425 et
1303 1364 1476 1425 fundamen-

273 1455 336 1506 tum
356 1447 393 1506 ab
413 1446 544 1507 edificio.
586 1447 687 1524 Neque
710 1447 759 1506 hic
779 1447 875 1524 excipi
895 1446 982 1505 debet
1002 1453 1156 1522 utrumque
1168 1463 1270 1503 verum
1291 1463 1356 1504 esse
1378 1463 1477 1522 posse,

274 1524 436 1585 Ecclesiam
448 1525 574 1586 mutuari
588 1544 669 1586 suam
683 1525 886 1585 authoritatem
899 1545 918 1584 a
939 1523 1095 1601 Scriptura,
1109 1532 1140 1583 ct
1154 1523 1331 1601 scripturam
1344 1524 1477 1582 vicissim

273 1604 311 1665 ab
325 1605 465 1680 Ecclesia,
480 1612 514 1664 ut
526 1605 677 1665 Johannes
690 1603 887 1664 testimonium
906 1602 1052 1680 perhibuit
1065 1603 1189 1677 Christo,
1203 1601 1254 1678 qui
1273 1610 1304 1660 ct
1316 1602 1379 1679 ipse
1393 1604 1476 1662 testi·

273 1683 401 1742 monium
421 1683 502 1744 dedit
515 1682 654 1744 Johanui.
695 1683 771 1742 llam
791 1681 870 1742 aliud
891 1690 936 1742 est
954 1681 1150 1742 testimonium
1170 1681 1257 1740 alicrri
1297 1680 1429 1740 erhibere
1444 1689 1478 1740 ut

273 1761 449 1838 Μίηἰετηιω,
471 1761 616 1838 quomodo
636 1761 787 1822 Johannes
807 1769 930 1822 testatus
951 1769 996 1820 est
1017 1760 1054 1819 de
1072 1759 1196 1835 Christo,
1218 1768 1251 1819 ut
1271 1701 1304 1818 ξ’
1324 1763 1403 1818 αὑτοῦ
1416 1779 1478 1836 per

272 1842 373 1917 speum,
393 1859 453 1900 non
472 1839 504 1900 δι’
515 1845 589 1900 atria
603 1850 725 1918 propter
737 1841 828 1916 qaeum
842 1841 991 1900 crederent
1003 1839 1110 1914 Judaei,
1125 1839 1148 1899 J
1149 1858 1176 1898 o.
1189 1839 1210 1898 i.
1225 1841 1253 1898 7.
1295 1837 1391 1898 Aliud
1402 1857 1476 1897 vero

272 1919 688 1980 authofitatemilliconciliare
696 1929 730 1980 ut
738 1919 903 1995 Dominum,
913 1917 992 1996 quod
1002 1917 1209 1978 Christuslecit
1219 1937 1289 1994 erga
1296 1917 1476 1978 lahantem.

272 2001 302 2058 2.
324 1998 399 2076 Quia
410 2000 570 2060 authoritas
585 1999 724 2060 Ecclesiae
744 2005 821 2059 esset
842 1999 921 2077 prior
942 1997 1113 2058 authoritate
1137 1995 1301 2074 Scriptura,
1323 2005 1411 2072 atque
1433 1997 1478 2055 ita

272 2077 397 2156 primum
407 2087 485 2139 esset
492 2078 638 2156 credibile,
653 2097 736 2156 aquo
747 2079 839 2156 primo
853 2076 990 2157 penderet
1000 2083 1030 2136 et
1039 2075 1070 2133 in
1079 2074 1158 2152 qnod
1168 2076 1270 2134 ultimo
1279 2075 1477 2135 resolveretur

271 2158 346 2218 fides
359 2165 474 2234 nosha3
495 2158 574 2236 quod
586 2177 645 2216 uon
659 2157 811 2218 admittent
822 2155 1001 2231 Adversarii,
1016 2154 1066 2231 qui
1076 2154 1179 2213 volunt
1192 2155 1331 2214 Ecclesiae
1345 2155 1476 2213 authori-

272 2245 362 2296 tatem
374 2237 500 2314 pendere
513 2257 532 2294 a
546 2235 703 2314 Scriptura.
743 2239 772 2297 3.
795 2235 869 2310 Quia
881 2233 1050 2294 manifestus
1063 2232 1251 2292 committitur
1264 2232 1390 2291 cherilus
1404 2233 1475 2292 dum

273 2315 412 2374 Ecclesiae
426 2315 584 2373 authoritas
593 2314 732 2391 probatur
742 2334 780 2374 ex
795 2313 952 2391 Scriptum,
967 2321 996 2372 et
1005 2311 1132 2371 vicissim
1142 2312 1302 2371 authoritas
1318 2311 1475 2389 Scripturas

271 2411 310 2451 cx
324 2391 464 2450 Ecclesia.
505 2395 534 2450 4.
556 2391 631 2466 Quia
643 2392 772 2453 nondum
792 2391 867 2450 inter
881 2390 1074 2451 Adversarios
1088 2398 1200 2450 consta
1213 2390 1284 2468 quid
1303 2410 1357 2468 per
1371 2391 1474 2449 Eccle-

271 2471 344 2530 siam
358 2469 578 2546 intelligendum
589 2470 644 2546 sit;
666 2470 717 2530 An
729 2469 877 2546 hodierna,
892 2469 943 2528 An
956 2478 1050 2546 vetus,
1065 2469 1115 2528 An
1129 2470 1290 2546 collectiva,
1303 2470 1355 2528 An
1368 2489 1473 2547 reprae-

271 2548 423 2641 sentativa,
439 2549 490 2607 An
502 2548 691 2640 particularia,
707 2549 758 2642 dn
771 2549 960 2625 universatim
982 2548 1091 2641 Quisve
1104 2548 1143 2641 sit
1156 2549 1205 2607 ille
1216 2557 1298 2642 actus
1312 2557 1423 2640 testans
1436 2549 1475 2608 de

270 2627 901 2784 testanteesaia
909 2627 1475 2782 lilllihihqiimodiiiffili

269 2784 390 2845 fallibile
404 2794 434 2844 et
446 2786 611 2861 humanum,
627 2785 713 2862 quale
726 2793 771 2845 est
784 2785 980 2845 testimonium
994 2785 1142 2860 Ecclesia,
1157 2803 1216 2843 non
1235 2793 1332 2862 potest
1351 2784 1474 2845 firndure

269 2863 356 2924 fidem
370 2863 517 2924 divinam
538 2864 599 2924 Nee
614 2864 639 2924 si
651 2885 704 2944 per
717 2863 878 2925 Ecclesiam
890 2862 978 2922 hodie
991 2864 1118 2940 loquitur
1129 2864 1218 2938 Deus,
1234 2864 1366 2941 sequitur
1375 2867 1473 2925 statim

268 2961 334 3004 eam
347 2962 412 3004 esse
429 2943 627 3019 infallibilem
649 2944 718 3022 qnia
731 2943 788 3004 alia
807 2950 853 3002 eat
873 2941 1023 3020 inspiratio
1044 2942 1177 3020 specialis
1190 2950 1220 3002 et
1233 2943 1472 3018 extraordinaria,

251 3047 254 3054 ·
269 3042 335 3102 quae
343 3022 502 3102 Apostolos
513 3031 542 3083 et
553 3023 712 3100 Prophetas
720 3021 847 3082 reddidit
856 3023 1050 3102 temperare,
1064 3029 1094 3080 et
1104 3021 1207 3098 deque
1217 3021 1474 3100 Christmproprie

268 3103 398 3181 loquitur
410 3121 499 3180 quum
513 3101 584 3162 dicit
598 3101 738 3181 Spiritum
753 3102 783 3161 S.
798 3101 951 3162 ducturum
965 3099 1124 3178 Apostolos
1136 3099 1168 3158 in
1181 3119 1295 3159 omnem
1309 3102 1473 3176 veritatem,

268 3181 365 3282 Joeu,
381 3183 443 3242 xri.
470 3184 516 3259 14,
541 3181 599 3242 alia
621 3180 781 3242 communia
804 3187 835 3241 et
857 3179 1010 3254 ordinaria,
1034 3197 1100 3256 quse
1125 3197 1185 3240 non
1211 3177 1308 3239 reddit
1335 3179 1476 3240 Paetores

266 3263 449 3460 :5:3ss
464 3415 508 3460 W
569 3339 631 3399 XI.
653 3341 831 3432 Scripturam
850 3357 952 3432 perse
971 3338 1064 3417 ipsam
1077 3337 1161 3397 nohis
1175 3338 1353 3397 innotescere
1367 3337 1472 3415 proba·

527 3417 1473 3574 instauramus

266 3569 354 3630 nibus
367 3569 418 3648 qui
431 3589 495 3630 eam
507 3572 694 3650 promulgant
706 3573 909 3633 authoritatem
923 3593 981 3632 non
994 3583 1151 3650 mutuatur,
1166 3574 1218 3634 sed
1231 3594 1250 3632 a
1262 3573 1325 3634 aolo
1337 3574 1473 3651 Principe

267 3649 318 3728 qui
332 3669 396 3710 eam
409 3649 518 3726 sencit3
539 3658 573 3710 ut
586 3649 802 3712 Testamentum
814 3671 874 3710 non
887 3671 906 3710 a
919 3651 1038 3713 Notario
1051 3653 1098 3713 cui
1115 3654 1299 3712 commissum
1312 3659 1365 3726 est,
1382 3651 1436 3711 sed
1455 3671 1474 3710 a
1566 3643 1567 3718 l

267 3729 417 3790 voluntate
423 3727 703 3807 Testatorispcndus
711 3730 837 3806 obtinet3
851 3739 885 3790 ut
891 3731 1006 3808 Regula
1014 3731 1152 3791 virtutem
1165 3731 1317 3808 regulandi
1326 3732 1363 3789 ah
1372 3731 1473 3789 innata

268 3828 322 3870 sua
341 3807 515 3888 perfectione
535 3809 631 3884 habet,
646 3827 705 3867 non
718 3809 755 3868 ah
770 3807 891 3870 Artifice
911 3809 963 3887 qui
983 3829 1018 3869 ea
1036 3810 1144 3870 utitur:
1166 3810 1213 3868 Ita
1236 3809 1386 3886 Scriptura
1405 3829 1472 3884 qna

268 3889 332 3948 Lex
352 3896 397 3948 cst
417 3887 522 3948 summi
543 3886 694 3964 Principia,
713 3888 931 3949 Testamentum
951 3887 1046 3948 Patn's
1067 3887 1209 3963 Coclestis,
1230 3896 1260 3948 et
1274 3887 1390 3966 Regula
1402 3887 1472 3946 tidei
1566 3941 1567 3970 ,

268 3968 376 4034 ἄκλυὲς,
395 3985 454 4026 non
473 3973 571 4044 potest
583 3967 786 4027 authoritatem
799 3967 886 4027 etiam
899 3966 996 4045 quoad
1014 3984 1069 4026 nos
1088 3967 1195 4026 habere
1209 3967 1246 4026 ah
1261 3966 1403 4040 Ecclesia,
1418 3965 1471 4024 sed

268 4054 381 4107 tantm
400 4065 419 4104 a
432 4043 536 4122 seipsa.
577 4048 606 4105 2.
627 4045 658 4105 Α
670 4054 777 4106 natura
796 4065 968 4106 crematorum
985 4064 1121 4122 penarum
1141 4054 1169 4104 et
1183 4045 1344 4120 primorum
1358 4045 1470 4102 Ρνίποί·

262 4125 387 4201 piorum.
431 4124 473 4185 Ut
485 4123 563 4184 enim
582 4123 639 4184 ista
657 4133 727 4184 nota
747 4124 945 4202 sunt-seipsis,
965 4133 996 4184 et
1009 4132 1077 4183 sunt
1095 4122 1261 4183 enachum
1273 4143 1338 4200 quae
1352 4121 1472 4181 aliunde

268 4202 457 4262 demonstrari
471 4221 530 4262 non
542 4211 672 4281 possunt,
687 4202 794 4281 alioqui
807 4221 854 4263 res
868 4203 960 4262 abiret
972 4203 1004 4261 in
1016 4202 1169 4280 infinitum,
1183 4202 1261 4263 unde
1269 4202 1362 4260 Bucil„
1376 4202 1407 4260 in
1420 4203 1470 4260 Pa.

271 4283 337 4355 115,
355 4281 452 4353 sisaim
471 4283 576 4347 lucium
591 4285 714 4358 pentima
727 4286 895 4354 ἇιιξπαπους
914 4287 971 4341 airus
983 4307 1030 4348 τις
1045 4285 1145 4362 ι’(χιὶςε
1167 4281 1215 4342 Ita
1237 4279 1385 4358 Scriptus
1404 4299 1472 4357 quta

267 4357 393 4435 primum
405 4368 450 4420 cst
464 4359 641 4439 Principium
654 4361 685 4420 in
698 4360 798 4420 ordine
812 4361 1021 4440 supernaturali
1040 4369 1110 4420 nota
1125 4366 1170 4420 eat
1184 4379 1215 4420 se
1228 4359 1300 4437 ipsa,
1314 4377 1369 4418 nec
1382 4377 1470 4434 argu-
1566 4383 1567 4416 l

268 4435 375 4496 mentis
387 4445 470 4497 extra
483 4457 514 4498 se
528 4439 627 4516 petitia
640 4458 713 4517 opus
725 4439 814 4500 habet
826 4439 932 4516 quibua
942 4438 1026 4498 nobis
1039 4440 1177 4518 probetur
1186 4446 1216 4498 et
1229 4437 1401 4497 innotescat.
1439 4436 1472 4495 Si
1566 4455 1567 4516 χ

268 4512 402 4573 omnibus
421 4515 569 4594 principiis
589 4527 673 4577 nous
692 4516 798 4577 indidit
812 4519 893 4579 Deus
912 4517 1018 4597 quibus
1035 4517 1073 4578 ab
1093 4517 1228 4577 omnibus
1247 4523 1470 4594 cognoscantur,
1566 4523 1567 4526 ’

268 4589 388 4652 dubium
409 4609 468 4651 non
489 4603 542 4668 est,
565 4595 636 4673 quin
657 4595 731 4656 tales
750 4596 878 4674 posuerit
897 4597 929 4656 in
946 4597 1053 4658 Sancto
1066 4597 1121 4656 hoe
1136 4593 1281 4673 Principio
1293 4593 1332 4667 ad
1345 4593 1473 4654 salutem
1566 4661 1567 4682 ,
