3158 5190
107 335 227 388 Qum.
243 317 325 402 xia]
621 336 660 378 na
674 335 853 382 nnsonoorn.
1291 329 1330 385 45

108 481 171 538 Vel
191 481 292 538 stricte
310 485 396 538 notat
417 475 591 575 essentialis·
602 477 772 574 cunctane
784 479 1018 574 fidei-dogmata,
1040 501 1164 578 quorum
1181 485 1272 566 θινςίκ
1285 487 1334 546 vel

228 620 234 632 ·
266 712 273 724 ,
343 559 1334 718 1-tttttffltttttttttttlttttttttittttutlt

385 719 507 795 creditu,
522 739 644 798 quaeque
657 721 705 780 vel
719 721 845 799 ignorari
859 723 907 780 vel
921 723 1021 799 negari
1034 724 1142 800 absque
1158 725 1259 784 salutis
1273 725 1331 787 dis-

113 795 225 874 pendio
239 807 410 874 nequeunt:
432 818 490 876 quo
504 819 590 860 sensu
600 801 663 878 jam
677 800 713 859 da
728 801 870 860 Articulis
888 801 1151 863 fundamentalibus
1164 804 1318 882 loquimur.

428 879 467 938 V.
489 879 571 939 Licet
591 881 730 940 veritates
748 900 848 941 omnes
868 901 933 959 quse
947 883 978 940 in
1000 883 1148 960 Scriptura
1168 886 1333 946 revelantur

115 953 276 1026 nonum
287 957 346 1001 “fb
386 959 498 1018 creditu
512 959 757 1036 sintnecessariae,
772 970 806 1019 ut
819 960 925 1020 diuina
934 971 963 1020 et
976 962 1151 1039 infallibiles,
1166 983 1225 1024 uon
1235 969 1333 1025 tamen

130 1015 352 1120 ffiffim
384 1058 485 1098 omnes
507 1059 544 1098 ex
566 1059 649 1117 aquo
663 1048 731 1099 sunt
753 1042 930 1117 necessaria,
945 1051 976 1100 et
998 1042 1203 1120 distinguenda
1222 1053 1268 1104 est
1285 1045 1333 1105 hic

385 1121 594 1200 accurstcfidoi
605 1120 761 1196 amplitudo
775 1128 804 1179 ct
817 1122 957 1196 extensio,
969 1122 1006 1180 ab
1020 1121 1150 1199 ejusdem
1164 1125 1331 1185 necessitate.

119 1197 193 1256 Non
206 1199 344 1276 quicquid
358 1207 404 1258 est
417 1197 454 1257 de
464 1197 532 1258 fidei
542 1200 739 1278 amplitudine,
752 1201 849 1260 statim
862 1210 908 1260 est
921 1201 957 1260 de
971 1202 1035 1280 ejus
1043 1204 1224 1264 necessitate.
1266 1205 1332 1264 Non

120 1297 227 1337 omnes
252 1279 389 1338 veritates
417 1277 547 1356 ejusdem
572 1289 640 1339 suut
661 1279 815 1359 ponderis;
844 1281 909 1341 aba
932 1281 1080 1359 majorem,
1105 1283 1170 1343 alise
1193 1284 1332 1343 minorem

120 1359 304 1417 necessitatis
325 1357 449 1436 gradum
470 1357 619 1436 obtinent;
641 1380 670 1418 v.
685 1379 715 1437 g.
737 1360 807 1418 Alia
827 1369 872 1420 ast
885 1361 958 1420 ratio
979 1381 1078 1422 eorum
1091 1383 1156 1440 qum
1170 1365 1334 1423 necessaria
1409 1381 1411 1389 ·

118 1447 193 1498 sunt
206 1437 378 1497 necessitate
390 1437 498 1514 medii;
521 1438 591 1498 Alis
609 1459 707 1500 sorum
728 1459 793 1516 quse
807 1449 875 1500 sunt
894 1449 1007 1500 tantum
1027 1443 1189 1501 necessaria
1208 1445 1332 1504 necessi·

119 1525 184 1576 tate
207 1517 365 1597 praesepti:
386 1517 458 1576 Alia
484 1537 583 1578 corum
608 1539 673 1597 qua
698 1527 829 1598 spectant
853 1520 990 1597 duginna
1013 1521 1112 1580 stricte
1134 1523 1231 1600 dicta3
1263 1522 1334 1582 Alia

119 1617 223 1657 eorum
236 1619 303 1676 quae
317 1597 355 1655 ad
368 1597 441 1655 ritus
455 1605 485 1656 et
501 1600 686 1659 ceremonias
699 1607 810 1660 tantum
831 1601 998 1679 pertinent:
1017 1601 1087 1660 Alia
1100 1603 1174 1661 ratio
1188 1602 1334 1680 dogmatis

121 1678 173 1736 vel
196 1677 311 1738 articuli
331 1675 456 1755 alicujus
476 1677 573 1754 quoad
593 1679 792 1756 substantiam
813 1700 843 1739 v.
865 1700 894 1758 g.
916 1679 1062 1740 Christum
1082 1701 1200 1759 passum
1220 1701 1284 1742 esse
1304 1693 1335 1743 et

121 1767 290 1833 mortuum
325 1756 395 1814 Alia
428 1756 560 1834 ejusdem
581 1759 702 1837 spectsti
730 1768 842 1819 tanum
869 1759 966 1837 quoad
992 1761 1231 1838 circumstantias,
1251 1783 1281 1823 v.
1303 1783 1332 1840 g.

122 1837 272 1898 Christum
292 1855 410 1915 passum
438 1855 502 1896 esso
526 1838 581 1899 snb
602 1838 707 1898 Pontio
729 1838 833 1914 Pilato,
855 1848 885 1898 et
905 1839 1075 1899 crucifixum
1096 1841 1171 1900 inter
1191 1841 1265 1902 duos
1291 1843 1332 1902 la·

120 1924 241 1994 moues3
263 1919 326 1978 lucc
339 1916 417 1978 onim
431 1927 549 1994 possent
563 1918 625 1978 sine
640 1918 741 1978 salutis
755 1919 907 1996 dispendio
921 1919 1059 1996 ignorari.

426 1995 483 2056 VI.
494 1998 643 2077 Scriptura
653 1998 807 2056 discrimen
815 1997 895 2057 istud
903 1998 1087 2057 articulorum
1098 2000 1283 2060 uonohscure
1292 2002 1334 2059 in-

122 2061 195 2112 aa
207 2065 365 2135 nubum
386 2075 491 2153 smmi,
509 2081 524 2135 1
547 2079 613 2138 cor.
628 2078 669 2136 m
686 2080 732 2152 11,
757 2081 803 2153 m,
820 2080 867 2152 13,
882 2077 933 2136 ubi
948 2077 1057 2136 Pauus
1071 2078 1333 2155 numentanus-

179 2123 314 2180 scripum
385 2165 524 2232 mentum,
539 2158 576 2217 ab
590 2159 626 2216 iis
641 2177 706 2235 quse
719 2156 906 2216 fundamento
927 2156 1144 2233 modificantur,
1160 2167 1190 2217 et
1204 2159 1280 2218 Phil.
1294 2161 1334 2220 iii.

124 2235 172 2308 15,
189 2232 239 2292 ubi
253 2233 338 2293 docet
346 2254 433 2313 posse
447 2235 510 2294 dari
518 2237 652 2314 quaedam
667 2237 805 2296 doctrina
815 2236 918 2330 capita,
928 2237 958 2294 iu
968 2236 1074 2314 quibus
1085 2237 1240 2297 Christiani
1251 2237 1334 2297 dissi-

120 2312 366 2392 dentsalvapace
377 2315 570 2394 etcharitate;
581 2317 856 2377 Fundamentaliasn
867 2316 932 2394 quis
942 2317 1045 2394 tangit,
1056 2317 1208 2396 subjicitur
1217 2319 1334 2378 anathe-

120 2392 716 2473 mamEtbmsinosoutAnpebtsecoelo
730 2397 1333 2474 eooupeliaotoobispmtert'dqucdeoom

118 2473 309 2549 peluanimua
325 2475 478 2533 anatliema
492 2485 557 2552 esto,
573 2475 641 2536 Gal.
662 2476 681 2536 i.
702 2479 734 2536 8.
775 2477 811 2534 In
825 2476 891 2535 aliis
905 2477 987 2536 locus
1008 2483 1053 2536 cst
1066 2477 1226 2538 tolerantiae
1236 2479 1332 2539 Chris·

121 2553 231 2630 tiana3
253 2553 338 2613 Rom.
358 2553 421 2613 xiv.
445 2558 474 2614 1.
513 2557 591 2614 Eum
604 2557 721 2637 quifide
734 2557 861 2637 infirmem
875 2565 916 2614 est
935 2557 1074 2632 assumite,
1091 2564 1120 2616 et
1135 2557 1211 2618 Phil.
1228 2558 1269 2617 iii.
1286 2562 1332 2634 15,

124 2635 173 2706 16,
196 2642 330 2710 qrsotquot
349 2634 443 2692 adulti
459 2655 558 2694 sumus
575 2638 626 2695 ltus
649 2635 807 2712 sentiamus,
830 2639 909 2714 quod
920 2637 946 2695 si
958 2637 1028 2712 quid
1050 2637 1135 2696 aliter
1153 2638 1267 2711 sentitis,
1282 2640 1334 2697 boc

120 2715 327 2790 quopioeDeus
340 2715 584 2788 wdisreuelobit;
604 2718 736 2775 Attamen
750 2716 780 2774 iu
793 2735 826 2775 eo
839 2719 882 2774 ad
893 2719 971 2793 quod
1009 2718 1164 2776 tremimus
1178 2720 1276 2776 eadm
1290 2719 1332 2776 tis-

119 2794 256 2852 aedumus
268 2797 370 2871 requam
383 2802 411 2852 et
423 2794 496 2852 idem
509 2796 668 2855 sandonus.
711 2795 754 2856 Ut
767 2815 837 2855 vero
852 2795 882 2853 in
895 2795 953 2855 fide
996 2796 1003 2814 ⁸
1037 2796 1128 2856 riman
1142 2806 1187 2856 est
1200 2807 1333 2875 respectu

122 2871 312 2951 dogmatum
343 2874 390 2932 Ita
410 2883 439 2933 et
460 2874 490 2932 in
515 2875 594 2953 Lege
621 2883 753 2952 respectu
777 2883 994 2954 preceptorum,
1019 2875 1077 2934 alia
1104 2885 1149 2935 est
1175 2877 1333 2937 necessitas

119 2952 284 3028 moralium,
300 2953 358 3012 alia
378 2953 637 3033 caeremonialium
659 2955 711 3014 illa
724 2955 857 3015 absoluta
877 2963 907 3015 et
927 2955 1171 3033 indispensabilis‚
1193 2955 1249 3016 ists
1262 2976 1333 3016 vero

121 3031 310 3110 hypothetica
324 3041 354 3093 ct
366 3033 523 3094 mutabilia

164 3111 238 3170 VII.
261 3111 341 3172 Hinc
354 3113 492 3190 dogmate
504 3114 636 3192 quadam
656 3115 819 3174 necessaria
832 3123 900 3174 sunt
914 3115 989 3174 scitu
1009 3113 1177 3192 simpliciter
1189 3116 1231 3172 ad
1242 3115 1333 3189 ipsam

119 3211 180 3250 esse
190 3189 279 3266 fidei;
301 3191 371 3250 Alia
380 3195 450 3252 ursi
464 3197 489 3253 el
499 3203 619 3270 mamm,
632 3203 661 3254 et
675 3195 713 3255 ad
722 3197 863 3254 lemma
904 3194 974 3252 Alia
984 3193 1022 3251 ad
1069 3193 1245 3252 necationem
1254 3193 1330 3269 fidei,

123 3269 194 3328 Alia
207 3269 246 3329 ad
265 3271 478 3349 perfectionem,
504 3273 636 3335 Hebri.
654 3278 680 3334 l.
723 3273 794 3333 Alia
805 3292 858 3351 per
871 3293 902 3332 se
917 3281 946 3332 et
963 3273 1034 3332 abso
1046 3280 1095 3331 ute
1115 3272 1248 3332 omnibns
1269 3273 1330 3334 sive

123 3351 224 3422 mehe,
233 3351 296 3410 siva
304 3355 413 3423 πλείοις,
424 3352 493 3411 Alis
503 3373 555 3432 per
564 3355 693 3414 academ
702 3362 814 3414 tantm
825 3355 931 3424 πλοίοις,
943 3362 972 3413 et
982 3353 1135 3430 provectis,
1147 3351 1224 3412 Heb.
1239 3373 1268 3412 v.
1283 3357 1329 3429 13,

125 3432 171 3504 14,
186 3439 217 3490 et
227 3431 317 3491 relate
330 3433 369 3491 ad
382 3433 591 3493 institutionem
606 3434 727 3494 aliorum
738 3455 746 3511 ;
767 3453 832 3511 qua
843 3453 942 3492 rursus
955 3432 1112 3492 necessitas
1125 3452 1191 3492 cum
1205 3433 1329 3511 quadam

122 3509 276 3569 latitudine
290 3520 335 3571 cst
353 3511 550 3590 intelligenda,
572 3533 624 3592 pro
644 3514 755 3573 ratione
769 3513 918 3590 donorum,
939 3512 1136 3590 institutionis,
1159 3514 1328 3588 vocationis,

122 3607 219 3664 sexus,
235 3592 350 3668 atatim
370 3601 456 3669 prout
469 3592 518 3650 alii
532 3599 600 3654 sunt
609 3591 646 3652 de
660 3611 758 3731 pege,
769 3593 818 3651 alii
831 3613 901 3652 vero
913 3593 1048 3653 Pastores
1058 3593 1164 3672 quibus
1177 3594 1330 3653 commissa

120 3679 189 3729 sunt
201 3669 259 3729 Dei
269 3671 392 3749 eloquia,
404 3671 510 3749 quibua
519 3671 655 3750 competit
681 3669 796 3738 dinus,
804 3673 894 3740 etrele
903 3673 1074 3746 insalsum
1085 3673 1193 3750 binus
1203 3673 1260 3731 Tit.
1270 3673 1289 3731 i.
1300 3675 1328 3731 9.

163 3749 256 3809 VIII.
279 3749 411 3827 Rursus;
433 3759 467 3810 nt
480 3751 626 3829 objectum
647 3751 715 3812 fidei
742 3752 822 3812 aliud
848 3764 893 3813 est
919 3754 1053 3832 generale
1080 3763 1110 3813 et
1136 3753 1327 3828 adaquatum,

122 3837 216 3888 totunm
237 3828 426 3890 scilicet'Dai
449 3830 597 3907 Verbum;
620 3830 712 3891 Aliud
734 3851 805 3892 vero
826 3833 951 3910 speciale
968 3842 998 3892 et
1021 3832 1176 3912 proprium,
1199 3829 1329 3888 doctrina

124 3908 233 3968 scilicet
246 3908 284 3968 dc
299 3910 415 3969 Christo
428 3929 494 3969 cum
508 3910 630 3969 annexis
651 3912 793 3990 capitibus
807 3919 837 3971 et
849 3912 1087 3991 promissionibus
1103 3911 1158 3969 Dei
1170 3933 1177 3984 3
1200 3909 1247 3967 Ita
1260 3911 1327 3985 clop-

122 3998 200 4047 nata
213 3987 282 4048 fidei
296 3988 354 4048 alia
374 3999 443 4049 sunt
456 3991 603 4066 primario
616 3999 646 4050 et
659 3993 828 4066 inmodica
851 3992 951 4070 quales
970 3999 1037 4050 suut
1057 3989 1171 4048 articuli
1184 3987 1221 4044 de
1234 3987 1328 4044 'lb-ini-

123 4075 189 4144 tata,
205 4067 323 4128 Christo
337 4069 508 4146 Mediatcre,
523 4069 746 4147 Justificatione,
761 4069 838 4148 ἕως
880 4071 950 4129 Alia
962 4068 1133 4128 secundaria
1152 4074 1182 4125 et
1195 4067 1327 4152 mediato,

123 4167 171 4206 sen
183 4149 374 4224 consectaris,
396 4147 571 4227 hypotheses
591 4158 622 4210 et
641 4150 840 4211 conclusiones
854 4169 892 4208 ex
912 4149 971 4207 illis
1011 4146 1133 4204 rimariis
1153 4153 1228 4204 nata
1242 4153 1328 4224 atque

122 4225 240 4288 educta.
283 4227 356 4287 Alia
363 4229 495 4306 positiva,
510 4249 575 4307 qua
589 4229 696 4309 dogma
708 4229 828 4307 aliquod
841 4247 942 4288 verum
1003 4233 1116 4301 rmant3
1137 4233 1170 4284 ut
1184 4225 1329 4285 Christum

123 4325 183 4367 asse
197 4307 309 4367 Filium
323 4308 390 4384 Dei,
406 4307 532 4368 Mortem
553 4309 617 4386 ejus
630 4329 693 4370 esse
713 4307 800 4390 alege·
812 4327 865 4385 pro
879 4307 1005 4384 peccatis
1025 4305 1150 4382 nostris3
1192 4304 1262 4365 Alia
1281 4327 1328 4366 ae-

122 4388 223 4464 quma,
237 4407 305 4482 quse
325 4387 432 4446 falsum
453 4387 594 4466 rejiciunt,
616 4398 650 4449 ut
669 4408 729 4448 non
749 4387 813 4446 dari
827 4387 957 4461 Missam,
972 4405 1026 4446 neo
1040 4385 1251 4464 ngstorium,
1274 4384 1328 4446 dcc.

127 4465 178 4526 Pro
191 4487 274 4527 varia
287 4475 387 4526 autem
400 4466 521 4527 istorum
535 4468 702 4546 dogmatum
712 4468 830 4542 ratione,
843 4465 900 4524 alia
910 4464 1022 4526 creditu
1031 4465 1192 4526 necessaria
1202 4467 1331 4542 adplicito

124 4549 332 4623 euos-sualim,
347 4555 382 4605 ut
395 4547 519 4624 speciale
533 4556 562 4607 et
575 4549 722 4626 proprium
735 4546 803 4606 fidei
818 4546 972 4623 objectum,
987 4555 1018 4605 et
1030 4546 1164 4624 primaria
1183 4565 1216 4603 sc
1230 4545 1329 4602 imme-

123 4625 196 4688 diata
209 4627 361 4706 dogmata,
376 4633 407 4684 at
419 4627 538 4705 positivi
551 4627 664 4688 articuli
679 4627 715 4686 de
729 4625 881 4704 praecipuis
891 4623 959 4685 fidei
967 4625 1126 4704 capitibus;
1148 4624 1205 4682 alis
1218 4631 1330 4683 tantum

124 4707 249 4786 suplicia
262 4715 291 4766 et
303 4707 472 4766 uirtuudter.
