3158 5180
236 371 297 430 360
704 393 955 445 111111111111.
1227 372 1357 456 [osmer.
1373 391 1454 432 xvir.

240 531 508 611 extraordinarium,
523 555 541 594 a
557 535 666 613 Spiritu
683 536 790 598 Sancte
811 545 990 616 conceptum,
1005 545 1067 597 tum
1089 543 1221 614 respectu
1235 533 1381 610 fidelium,
1405 533 1459 611 qui

241 612 295 671 sub
310 613 411 692 Capite
435 635 488 676 suo
503 616 648 676 debebant
669 617 700 675 in
722 627 800 676 11111
821 619 923 695 gretie
944 637 1008 677 esse
1025 617 1131 676 Semen
1152 616 1232 676 illins
1246 615 1392 690 mulieris,
1409 615 1460 672 cui

241 691 322 752 Deus
335 695 554 772 promissionem
568 698 669 774 gratim
683 698 840 776 proposuit,
855 706 885 759 et
898 718 986 776 quam
1000 705 1125 756 erectam
1139 697 1233 756 voluit
1247 696 1377 773 elapsu,
1399 713 1462 752 non

240 781 300 831 tam
314 775 434 852 physice
448 796 500 855 per
523 778 746 856 generationem,
762 798 849 856 quem
871 778 965 838 ethice
987 799 1039 857 per
1058 777 1249 836 imitationem
1270 797 1311 835 ex
1327 775 1463 853 Spiritus

241 855 358 932 virtute,
374 875 432 934 qua
445 857 519 917 fiunt
532 877 590 916 non
604 857 657 916 filii
671 859 774 934 carnis,
790 859 842 918 sed
854 859 1054 936 promissionis
1066 883 1074 918 ι
1096 858 1151 934 111,
1162 858 1233 916 licet
1249 857 1359 916 Semen
1371 855 1462 914 muli-

241 935 299 994 eris
312 935 444 997 absolute
458 939 584 1016 positum
598 957 656 996 nou
670 939 805 1018 designet
816 939 948 999 homines
961 959 1020 1018 qus
1039 938 1157 1016 fideles,
1179 946 1211 997 at
1223 957 1316 1014 quum
1337 936 1466 1014 ponitur

242 1026 406 1094 comparate
420 1026 451 1077 et
464 1018 698 1079 contradistincte
712 1019 750 1078 ad
765 1019 869 1079 Semen
884 1020 1034 1098 serpentis,
1046 1028 1123 1078 recte
1137 1018 1174 1078 de
1188 1018 1248 1077 illis
1259 1017 1465 1095 predicatur:

242 1097 376 1173 quamvis
390 1099 467 1156 enim
482 1118 579 1158 semen
593 1100 649 1159 hoc
662 1100 881 1177 individualiter,
896 1109 926 1160 11
938 1101 1148 1176 homnine
1162 1098 1201 1158 ad
1216 1098 1369 1157 Christum
1386 1094 1464 1154 refe-

242 1186 331 1254 ratur,
346 1179 397 1256 qui
410 1179 526 1257 propris
539 1180 647 1240 virtute
667 1201 805 1258 magnum
825 1181 881 1240 hoc
904 1201 977 1259 opus
997 1191 1059 1240 eret
1079 1188 1264 1254 executurus,
1281 1177 1465 1237 secundario

242 1266 348 1332 tamen,
364 1268 393 1318 11
417 1269 563 1338 sumptum
587 1263 732 1337 collective,
747 1261 820 1320 bene
845 1261 1012 1322 extenditur
1035 1260 1073 1319 sd
1094 1261 1173 1320 solos
1195 1258 1381 1336 1111111191ιί
1399 1267 1468 1316 sant

245 1337 358 1415 Christi,
374 1347 404 1398 11
417 1340 546 1399 membra
561 1340 695 1419 Corporis
709 1341 774 1419 ejus
787 1341 911 1419 mystici,
926 1342 957 1400 in
977 1342 1084 1420 quibus
1098 1341 1231 1400 Christus
1247 1338 1339 1398 etiam
1354 1337 1465 1396 debuit

244 1418 339 1494 Caput
352 1421 493 1496 serpentis
507 1429 661 1496 conterere,
685 1442 744 1481 nou
757 1430 871 1482 tantum
890 1422 990 1482 merito
1004 1441 1056 1482 suo
1077 1440 1130 1499 per
1148 1421 1385 1495 satifactionem,
1410 1417 1465 1476 sed

242 1498 332 1638 iiim
346 1500 469 1572 efficacia
483 1521 535 1579 per
547 1503 800 1582 sanct'ficotionem,
816 1503 878 1562 sine
892 1523 949 1590 qus
961 1503 1040 1582 prior
1061 1502 1196 1562 contritio
1210 1520 1288 1558 vens
1301 1499 1415 1559 fuisset
1435 1507 1466 1558 11

290 1587 412 1640 emensa.

284 1657 428 1719 XXVII.
451 1659 550 1739 Hujus
564 1671 661 1722 autern
674 1662 910 1741 pmticulsritstis
923 1684 982 1723 non
1005 1664 1129 1724 obscura
1151 1662 1221 1722 dere
1245 1661 1344 1722 voluit
1370 1680 1464 1738 argu·

243 1748 342 1798 menta
355 1740 436 1800 Deus
447 1740 477 1799 in
491 1743 690 1819 promissionis
704 1744 923 1824 complemento,
939 1745 1018 1823 quod
1030 1745 1061 1802 in
1075 1742 1198 1802 Fmdere
1222 1743 1326 1820 gratiss
1351 1751 1465 1819 postea

182 1891 184 1896 Α
244 1818 385 1897 exhibuit,
400 1829 463 1880 tum
477 1821 507 1880 in
519 1821 627 1882 Adurni
640 1823 751 1883 familia
763 1844 816 1902 per
829 1825 1042 1885 distinctionem
1056 1824 1160 1884 iactum
1181 1824 1259 1882 inter
1277 1823 1410 1881 Cainum
1435 1829 1465 1880 11

245 1899 379 1978 Abslsm,
389 1900 421 1959 in
434 1900 543 1960 lumilia
557 1903 670 1962 Noschi
683 1904 759 1964 inter
774 1905 891 1966 Seruum
902 1915 932 1964 11
946 1905 1095 1980 Chcmum,
1107 1905 1138 1962 in
1162 1903 1272 1962 semilis
1291 1901 1464 1960 Abrahnmi

245 1979 321 2039 inter
335 1980 489 2040 Ismsttlem
503 1991 533 2042 11
547 1983 690 2062 11111111,
705 1985 736 2043 in
750 1984 860 2045 familia
874 1985 969 2044 isaaci
981 1985 1058 2045 inter
1077 1985 1207 2042 Essvum
1231 1992 1262 2042 et
1285 1982 1464 2042 Jscobum:

247 2059 391 2136 Quorsum
405 2063 483 2122 enirn
504 2063 586 2124 Dens
606 2074 666 2125 tam
687 2066 810 2125 sollicite
830 2065 1033 2125 discretionem
1053 2065 1147 2124 facere
1167 2063 1262 2123 voluit
1283 2063 1314 2120 in
1339 2061 1464 2120 familiis
1570 2104 1571 2132 ,

247 2139 487 2220 Patriarohmum,
503 2143 576 2203 alios
590 2145 738 2220 sumendo,
753 2155 783 2205 11
796 2146 869 2205 alios
882 2145 1079 2224 relinquendo,
1095 2145 1151 2204 nisi
1161 2153 1194 2202 11
1207 2153 1374 2218 testaretur,
1392 2163 1463 2219 gra·

244 2221 316 2280 tiam
329 2223 415 2286 istam
430 2224 585 2284 salutarem
598 2226 793 2286 universalem
808 2246 868 2285 non
891 2247 964 2301 esse,
989 2227 1042 2286 sed
1062 2224 1266 2305 particularem
1287 2223 1359 2300 illis,
1382 2241 1464 2300 quos
1571 2223 1572 2226 ’

245 2301 385 2379 peculiari
398 2303 553 2382 privilegio
567 2325 584 2364 1
598 2307 710 2366 caeteris
724 2307 846 2383 seligere
859 2307 975 2366 voluit?

287 2381 449 2444 XXVIII.
472 2385 614 2463 Denique,
629 2387 733 2446 utalia
746 2388 838 2447 multa
855 2407 932 2447 nunc
952 2387 1109 2462 mittemus,
1132 2385 1205 2446 Cum
1225 2404 1263 2444 ex
1284 2385 1341 2442 hac
1362 2383 1463 2461 hypo·

246 2461 323 2522 thesi
336 2463 508 2542 velleitetes,
524 2474 554 2525 et
567 2467 750 2526 vehementia
763 2466 914 2544 desidetis,
931 2467 983 2528 sed
995 2487 1072 2526 vana
1085 2475 1115 2526 11
1134 2467 1224 2540 irrita,
1237 2465 1301 2524 Deo
1323 2464 1464 2523 tribuan-

247 2551 303 2618 tur,
319 2542 425 2620 quibus
440 2546 576 2607 statuitur
590 2547 621 2605 id
634 2547 784 2606 intendere
798 2556 829 2608 et
843 2548 917 2609 serio
932 2548 1008 2608 velle
1028 2547 1107 2626 quod
1120 2546 1223 2606 volens
1243 2545 1327 2604 novit
1348 2553 1462 2622 tamen,

247 2642 301 2682 nec
315 2623 444 2684 futurum
463 2646 600 2704 unquam,
622 2647 676 2687 nec
696 2626 759 2686 fieri
779 2648 883 2706 posse3
905 2629 1033 2708 proclive
1053 2637 1099 2690 est
1121 2625 1215 2686 cuivis
1235 2625 1386 2702 colligere,
1411 2624 1465 2683 An

248 2705 353 2762 summi
368 2705 502 2766 Numinis
518 2707 701 2785 Msjestatem
721 2711 778 2767 ista
792 2707 932 2786 decesnt;
954 2729 1050 2768 armon
1067 2713 1231 2786 repugnent
1252 2707 1318 2783 ejus
1335 2705 1462 2784 Sapien-

247 2783 340 2844 11111
355 2784 521 2846 Potentiae?
561 2787 670 2847 Annon
693 2788 747 2847 sub
771 2798 916 2867 pretextu
939 2787 1112 2850 extollendae
1135 2787 1244 2848 Gratias
1267 2794 1297 2845 et
1316 2785 1463 2844 bonitatis

248 2863 364 2941 divinae,
379 2887 438 2925 non
450 2888 553 2946 parum
567 2869 737 2929 obscuretur
750 2877 780 2929 et
794 2870 988 2946 imminuatur,
1011 2868 1079 2930 dum
1093 2887 1170 2927 vana
1189 2875 1219 2926 et
1239 2865 1377 2924 inefficax
1400 2873 1460 2924 ste·

248 2943 348 3021 tuitur,
364 2955 393 3005 11
407 2966 472 3024 quse
486 2969 544 3008 non
558 2949 647 3008 elium
661 2958 798 3009 eventum
812 2951 938 3027 sortitur,
954 2969 1040 3028 quam
1058 2967 1164 3026 angere
1185 2944 1312 3007 hominis
1333 2955 1460 3020 rectum,

248 3033 278 3084 et
292 3026 492 3087 eum-reddere
507 3031 717 3102 ereaeotiymr?
738 3031 800 3090 Nec
813 3031 869 3090 hoc
891 3030 1047 3090 absurdum
1069 3029 1134 3089 tolli
1156 3036 1260 3107 potest,
1287 3027 1313 3084 si
1336 3025 1459 3100 dixeris,

251 3105 430 3184 Scriptorum
443 3108 587 3170 desideria
600 3123 630 3172 et
640 3111 802 3171 velleitates
816 3111 979 3172 istiusmodi
989 3110 1082 3170 videri
1092 3110 1157 3169 Deo
1170 3107 1317 3185 effingere,
1330 3115 1364 3166 nt
1380 3107 1459 3165 Pssl.

248 3185 344 3246 lxxxi.
371 3189 417 3263 13,
444 3188 485 3250 11.
515 3191 608 3252 xlviii.
631 3195 677 3268 18,
704 3192 774 3269 quia
794 3191 887 3270 liquet
906 3192 1066 3252 locutiones
1087 3209 1151 3250 esse
1172 3187 1458 3266 mthropopathiees,

248 3286 314 3343 qum
326 3268 467 3348 θιοηιπῧς
489 3269 597 3331 debent
610 3272 745 3350 intelligi,
760 3281 790 3332 et
809 3293 874 3351 quea
888 3271 1043 3332 referendis
1056 3279 1124 3330 sunt
1137 3270 1175 3329 ad
1187 3269 1371 3328 voluntatem
1385 3288 1459 3346 pree-

249 3346 411 3422 cirientem,
427 3356 460 3407 ui
473 3347 611 3412 doceatur
625 3352 696 3430 quid
711 3353 775 3412 neo
790 3362 904 3431 gratum
919 3353 964 3429 et,
980 3361 1010 3412 1
1022 3351 1167 3430 quosnam
1184 3350 1223 3409 st
1244 3347 1373 3408 homins
1398 3348 1459 3406 offi-

248 3425 333 3498 cium,
349 3445 408 3482 non
422 3425 460 3484 ad
472 3429 656 3491 voluntatem
670 3431 881 3510 decernentem,
897 3443 930 3495 11
943 3441 1057 3494 notetur
1069 3431 1139 3509 quid
1161 3429 1327 3502 intenderit,
1343 3427 1461 3506 etquid

247 3504 323 3564 circe
335 3503 483 3565 hominem
495 3507 559 3568 fieri
572 3511 706 3586 voluerit,
721 3522 755 3573 11
768 3533 856 3591 supra
869 3523 1016 3576 ostensum
1030 3513 1062 3574 L.
1075 3512 1136 3570 111.
1151 3511 1186 3586 Q.
1203 3513 1248 3586 16,
1264 3531 1293 3588 p.
1309 3511 1381 3568 207.

440 3649 446 3664 ,
553 3589 684 3650 XXIX.
710 3593 833 3654 Dilectio
855 3594 892 3654 de
916 3615 974 3674 qua
996 3593 1098 3672 agitur,
1121 3591 1209 3652 Joan.
1232 3590 1272 3649 iii.
1298 3592 1345 3665 16,
1370 3608 1462 3668 quum

265 3647 473 3756 Fmssfflut'*
513 3669 594 3730 Deus
608 3670 723 3747 dicitur,
739 3673 780 3731 ita
793 3674 924 3736 dilescrsse
944 3677 1091 3749 Mundum,
1106 3681 1137 3730 ut
1150 3671 1256 3730 Filium
1273 3689 1357 3729 mmm
1371 3672 1459 3728 dede-

510 3751 557 3826 rit,
573 3748 638 3828 tc,
654 3771 711 3812 non
726 3761 900 3832 potestesse
914 3754 1085 3816 universalis
1098 3773 1169 3830 erge
1182 3770 1282 3812 omnes
1303 3759 1334 3810 11
1358 3750 1461 3828 singu-

249 3829 303 3906 los,
319 3829 371 3888 sed
385 3830 519 3908 specialis
532 3851 602 3909 erge
615 3853 732 3911 paucos,
757 3837 783 3893 1.
807 3835 877 3913 quia
900 3837 996 3914 agitur
1017 3835 1053 3894 de
1075 3839 1239 3894 summost
1260 3832 1377 3890 intenso
1402 3828 1459 3888 Dei

249 3930 355 3986 amore,
376 3931 434 3987 quo
455 3911 549 3990 major
573 3933 627 3973 nec
650 3914 744 3989 datur,
768 3934 822 3974 nec
844 3917 958 3996 concipi
979 3922 1076 3995 potest
1098 3933 1168 3991 erge
1188 3931 1247 3986 eos,
1273 3930 1326 3988 pro
1351 3910 1460 3987 quibus

249 4010 335 4051 suum
350 3990 540 4070 Unigenitum
556 3992 653 4070 dedit3
678 3995 757 4073 quod
769 4003 859 4075 petet,
874 4005 935 4056 tum
950 4017 987 4056 ex
997 3995 1138 4074 particula
1152 3994 1292 4072 ἐπιτιμᾷ,
1309 3991 1395 4066 etrus,
1411 3991 1459 4067 εἰσ,

249 4089 314 4146 quae
328 4091 466 4149 magnum
479 4073 527 4132 hic
541 4074 655 4151 pondus
669 4075 766 4151 hebet,
781 4085 843 4137 tum
858 4097 895 4136 ex
909 4077 1011 4156 reipsa,
1031 4075 1100 4153 quia
1118 4082 1153 4133 11
1171 4074 1310 4151 majorem
1333 4071 1459 4130 charita·

250 4157 309 4208 tem
323 4171 408 4210 nemo
422 4152 529 4213 habore
543 4163 646 4231 potest,
663 4175 750 4232 quam
763 4165 797 4217 ut
810 4165 899 4235 ponet
912 4157 1035 4216 enimam
1057 4175 1137 4215 suem
1159 4173 1211 4231 pro
1235 4151 1345 4226 amicis,
1369 4151 1458 4211 Joan.
1487 4199 1492 4208 .

249 4247 300 4288 xv.
318 4234 375 4306 133
397 4231 439 4290 ita
452 4233 533 4292 nulla
547 4236 641 4312 major
664 4235 789 4295 inveniri
810 4245 907 4316 potest
920 4237 1044 4310 dilectio,
1060 4255 1103 4308 ea,
1118 4254 1176 4311 que
1198 4233 1288 4308 Dens,
1314 4251 1382 4290 cum
1407 4231 1457 4290 ho-

249 4309 342 4368 mines
356 4309 452 4371 adhuc
466 4321 563 4372 essent
577 4314 694 4390 inimici,
710 4315 818 4375 Filium
833 4337 918 4376 suum
938 4317 1024 4376 morti
1037 4315 1155 4374 tradidit
1167 4333 1220 4391 pro
1240 4312 1322 4390 ipsis
1366 4311 1407 4370 Et
1427 4319 1460 4370 ut

250 4386 436 4450 Abrahamus
449 4410 508 4451 non
521 4394 616 4470 potuit
630 4395 794 4456 evidentius
809 4397 873 4456 Deo
888 4416 970 4456 susm
983 4396 1105 4474 probare
1117 4395 1263 4472 pietatem,
1279 4411 1367 4470 quem
1388 4389 1459 4450 offe·

248 4465 339 4524 rende
353 4467 462 4529 Filium
476 4472 507 4530 in
521 4474 702 4550 sacrificium,
718 4477 760 4534 sic
775 4476 857 4536 Deus
873 4477 1038 4538 hominibus
1052 4475 1193 4535 illustrius
1206 4493 1265 4532 non
1287 4472 1385 4551 potuit
1409 4471 1461 4530 de-

248 4553 408 4636 monstrare
422 4569 548 4610 amorem
563 4572 656 4628 snum,
672 4575 759 4632 quem
774 4557 882 4616 Filium
897 4577 982 4617 snum
995 4556 1053 4616 illis
1067 4553 1244 4632 indulgendo
1261 4553 1291 4611 in
1306 4552 1459 4611 victimam

248 4626 394 4714 annali,
417 4631 445 4684 2.
460 4630 529 4704 quie
543 4651 625 4690 amor
638 4634 694 4693 Dei
708 4655 766 4711 quo
782 4637 890 4695 Filium
912 4637 1000 4711 dedit,
1023 4636 1120 4696 omnia
1142 4636 1253 4712 relique
1273 4631 1311 4691 ad
1332 4633 1459 4692 11111111

248 4713 410 4758 necessaris
423 4715 490 4778 post
503 4727 535 4766 se
549 4711 654 4788 uehit,
677 4733 743 4773 narn
758 4717 808 4791 qui
815 4717 939 4792 proprio
953 4718 1029 4776 Filio
1043 4738 1098 4776 non
1107 4715 1241 4792 pepercit,
1263 4715 1317 4770 mi
1334 4713 1461 4771 suddit
