3158 5180
87 400 192 451 eussr.
209 379 296 462 nun]
573 401 612 441 on
626 401 804 444 cressione.
1234 393 1292 451 429

87 540 263 601 instituendo
278 539 358 618 quod
377 547 520 600 uoueret.
562 540 605 602 At
619 542 722 602 enimer
735 561 808 621 ques
822 543 951 621 qnotidie
965 551 1051 622 creet,
1067 553 1136 608 sunt
1153 567 1230 608 nove
1250 550 1293 609 in·

88 623 202 680 dividne
217 621 382 698 specierum
393 621 456 698 jem
470 629 639 682 erecturum.

122 701 199 760 XII.
223 699 368 775 Quemvis
381 700 477 759 enirne
491 720 549 761 non
564 702 602 761 sit
615 721 652 761 ex
665 702 793 780 treduce,
814 721 873 762 non
893 702 1006 764 desinet
1019 705 1066 764 vis
1084 705 1294 768 benedictionis

87 780 196 856 divine,
219 780 295 839 dete
313 779 455 858 primitus,
478 781 553 840 Gen.
574 780 594 839 i.
609 783 657 858 28,
679 801 741 841 sese
763 802 880 842 exerere
899 783 929 841 in
950 785 1136 862 generatione
1157 787 1293 865 hominis,

85 869 224 937 qnatenus
240 859 326 920 Deus
347 860 552 936 generantibus
566 869 595 919 et
615 862 794 938 generationi
815 879 927 940 semper
941 873 1118 942 cooperetur,
1134 884 1193 924 non
1206 868 1293 927 modo

86 940 140 998 vim
152 939 320 1017 prolificem
334 939 431 998 dendo
444 948 475 999 et
488 941 686 1000 conservando
699 942 818 1018 homini,
834 942 886 1002 sed
899 952 929 1003 et
942 944 1055 1023 corpori
1075 945 1216 1024 disposito
1230 948 1292 1007 eni·

87 1039 156 1077 mem
170 1019 366 1078 infundendo.

122 1099 217 1158 XIII.
241 1099 314 1157 Non
326 1117 444 1158 necesse
458 1107 511 1175 est,
529 1107 562 1158 ut
582 1101 669 1159 homo
689 1100 835 1160 bominem
856 1121 993 1180 generare
1007 1102 1129 1180 dicetur,
1144 1112 1178 1164 ut
1192 1125 1293 1166 omnes

88 1187 207 1254 neturus,
223 1177 276 1237 vel
298 1187 395 1256 portes
417 1179 585 1238 essentiales
606 1180 758 1257 compositi
800 1190 905 1257 eneret,
928 1183 1007 1259 elios,
1023 1202 1125 1242 verum
1148 1185 1242 1244 Deum
1263 1195 1294 1246 et

86 1258 226 1317 hominem
241 1277 305 1316 non
319 1258 467 1336 genuisset
481 1259 517 1318 Β.
532 1259 644 1336 Virgo:
665 1259 717 1319 sed
732 1279 746 1318 s
796 1261 882 1321 citet
901 1271 1043 1340 prosperet
1056 1272 1086 1322 et
1100 1264 1217 1342 subiget
1229 1285 1290 1324 me·

87 1338 189 1413 terium,
205 1345 237 1397 et
251 1337 390 1396 idoneum
409 1337 512 1397 reddet
531 1338 569 1397 ed
590 1339 830 1399 introductionem
850 1340 959 1418 iormae,
975 1351 1005 1401 et
1019 1344 1143 1421 attinget
1156 1344 1292 1404 unionem

87 1417 182 1475 enimn
196 1437 267 1476 curn
282 1437 411 1494 corpore,
430 1436 582 1495 perquem
604 1419 691 1477 homo
712 1419 896 1480 constituitur
917 1422 948 1479 in
968 1441 1032 1481 esse
1054 1423 1187 1500 hominis,
1209 1433 1239 1484 et
1259 1425 1293 1485 fit

88 1497 139 1554 tsle
152 1498 351 1575 compositum
371 1497 532 1574 physicum.
575 1497 732 1558 Generetio
750 1499 828 1557 euim
848 1501 941 1560 tendit
961 1501 998 1559 ed
1019 1503 1217 1581 compositum,
1233 1523 1293 1563 non

89 1595 151 1634 vero
164 1577 201 1635 ed
215 1576 438 1654 productionem
453 1577 602 1654 utriusque
622 1579 729 1655 pertis;
752 1579 792 1637 Et
805 1587 838 1638 ut
857 1579 944 1639 homo
964 1580 1110 1640 hominem
1130 1582 1292 1643 interficere

88 1653 193 1732 dicitnr,
209 1656 262 1734 qui
286 1655 375 1714 solvit
387 1656 527 1715 unionem·
538 1657 641 1716 enime
654 1677 721 1716 cum
735 1677 873 1736 corpore;
894 1660 964 1719 licet
977 1661 1102 1719 enimem
1116 1680 1152 1720 ne
1167 1663 1293 1741 attinget

90 1735 216 1810 quidem:
238 1737 291 1795 Ite
303 1736 390 1794 homo
404 1736 548 1795 hominem
563 1745 690 1814 generet,
703 1738 771 1814 quie
784 1747 881 1842 pertes
894 1740 966 1799 istus
979 1741 1055 1799 inter
1069 1761 1099 1800 se
1114 1743 1237 1818 copulet,
1253 1763 1292 1801 ex
1311 1787 1312 1790 1

90 1815 187 1890 quibus
206 1816 299 1874 bomo
318 1815 443 1893 exurgit,
464 1815 534 1875 licet
553 1833 612 1875 non
631 1817 670 1876 sit
681 1815 842 1894 ψνχογονοςς
865 1839 918 1878 nec
938 1819 989 1896 qui
1009 1828 1129 1896 generet
1143 1830 1229 1880 totum
1242 1824 1290 1882 ho·

91 1895 192 1970 minen,
206 1895 309 1955 stetim
324 1905 410 1954 totum
423 1895 540 1954 homines
553 1895 641 1955 debet
653 1896 821 1973 producere.

130 1973 212 2032 XIV.
241 1974 381 2034 Ademus
402 1982 498 2052 potest
519 1974 577 2034 dici
599 1977 735 2053 genuisse
755 1975 848 2036 filium
870 1975 907 2034 ed
929 1975 1084 2054 imaginem
1107 1997 1197 2054 suem,
1222 1979 1293 2039 licet

91 2052 204 2112 animem
217 2073 281 2114 non
295 2053 444 2132 producet,
457 2055 525 2133 quie
538 2074 626 2115 censo
637 2055 834 2114 similitudinis
844 2074 902 2114 non
913 2064 958 2116 est
967 2056 1111 2116 treductio
1121 2057 1291 2134 euimerum,

94 2131 139 2190 sed
151 2153 303 2211 corporum
313 2134 444 2212 ejusdem
454 2135 673 2212 temperamenti
684 2153 750 2193 cum
760 2135 927 2212 perentibus
941 2134 1092 2212 productio
1102 2158 1109 2213 3
1127 2157 1166 2195 ex
1177 2135 1292 2196 diverse

92 2212 160 2270 enim
174 2233 330 2292 corporum
351 2223 380 2274 et
400 2214 552 2308 humorum
573 2215 719 2292 temperie,
735 2214 859 2273 diverses
873 2234 988 2293 quoque
1008 2215 1039 2272 in
1060 2216 1164 2275 enimis
1184 2216 1292 2276 nostris

93 2293 733 2451 pmdedilffiddtffidodiddffiuddrudem
753 2393 791 2433 ex
802 2376 914 2449 femere
934 2375 1044 2451 Jacobt‘,
1063 2375 1138 2436 Gen.
1153 2374 1226 2435 xlvi.
1242 2378 1290 2452 26,

92 2469 143 2508 non
161 2455 279 2532 proprie
300 2453 509 2530 intelliguntur,
526 2453 577 2512 sed
598 2454 733 2532 synecdo.
756 2474 808 2533 pro
828 2455 1041 2531 personisque
1059 2455 1204 2516 locutione
1219 2455 1292 2514 nihil

93 2531 214 2591 usitatius
235 2543 285 2594 est
305 2533 337 2591 in
359 2533 522 2610 Scriptum
544 2553 598 2592 nec
618 2543 770 2612 propteree
783 2553 855 2612 opus
869 2542 915 2593 est
932 2542 966 2593 ut
978 2535 1109 2594 Jecobus
1123 2535 1234 2612 eliquid
1254 2535 1293 2594 ed

92 2611 303 2684 productionem
314 2613 433 2672 isterum
445 2613 603 2672 enimerum
617 2614 786 2690 contulerit;
803 2613 908 2673 sufficit
917 2622 950 2674 ut
960 2614 1183 2674 concurrerit'ed
1194 2634 1293 2674 cerum

94 2692 313 2768 conjunctionem,
325 2693 374 2751 vel
383 2693 583 2751 eebebtentium
597 2693 627 2750 iu
638 2713 757 2772 corpore
771 2693 904 2768 mediete,
917 2694 965 2753 vel
979 2694 1160 2770 immediet03
1184 2694 1292 2772 Egres-

94 2787 127 2826 se
140 2789 205 2848 ergo
219 2773 368 2847 dicuntur,
383 2791 442 2830 non
455 2772 551 2850 quood
572 2791 635 2832 esse
654 2793 706 2832 seu
726 2773 917 2833 substantiem
931 2774 1108 2852 simpliciter,
1124 2773 1176 2833 sed
1196 2774 1293 2852 quoed

94 2849 288 2912 subsistentiam
301 2852 332 2910 in
345 2870 473 2930 corpore,
488 2860 518 2911 et
530 2852 666 2911 unionem
681 2873 746 2913 cnm
761 2873 805 2914 eo.

129 2929 213 2990 XVI.
236 2931 325 2991 Licet
339 2931 470 2991 Christus
483 2950 541 2989 non
555 2931 652 2991 minus
665 2931 751 2991 fuerit
767 2933 797 2989 in
812 2931 979 2990 Abrehemo
994 2931 1153 2991 secundum
1167 2951 1291 3010 cemem,

95 3025 172 3082 quem
186 3011 272 3088 Levi,
294 3010 345 3088 qui
364 3010 524 3070 decimatus
545 3011 600 3070 fuit
619 3011 650 3068 in
671 3011 735 3088 ejus
756 3010 871 3086 lumbis,
888 3011 965 3070 Heb.
980 3011 1030 3068 vii.
1046 3013 1074 3086 9,
1090 3029 1148 3069 non
1163 3013 1294 3088 sequitur

97 3084 161 3146 Levi
180 3089 272 3150 inisse
292 3090 324 3149 in
343 3090 406 3167 ipso
428 3090 586 3150 secundum
600 3090 734 3165 enimem,
756 3097 790 3149 ut
812 3089 907 3148 enims
922 3089 996 3148 Levi
1015 3107 1067 3166 per
1085 3089 1235 3148 tredueem
1255 3091 1293 3149 sit

96 3179 249 3246 propegete,
267 3179 300 3229 ut
309 3170 463 3229 discrimen
475 3177 623 3246 servetur5
644 3169 702 3228 Sed
711 3177 825 3228 tentum
836 3169 910 3227 Levi
920 3177 1053 3246 respectu
1062 3185 1193 3245 persone
1203 3167 1293 3228 brisso

96 3243 122 3301 iu
134 3245 301 3309 Abrehemo
315 3250 473 3309 secundum
493 3249 633 3308 rationem
648 3248 824 3324 seminelem,
846 3257 876 3307 et
889 3247 966 3306 vires
986 3247 1133 3306 netureles
1152 3247 1243 3324 petris
1264 3256 1294 3308 et

97 3327 193 3403 mettis,
208 3329 349 3408 equibus
362 3329 500 3389 oriundus
520 3328 590 3405 fuit3
614 3329 760 3388 Christum
774 3347 844 3387 vero
865 3327 954 3387 firisse
971 3335 1083 3387 tentum
1104 3328 1134 3385 in
1148 3346 1182 3385 eo
1197 3327 1293 3405 quood

96 3413 217 3466 uenirem
229 3410 395 3484 humanam,
410 3410 521 3468 retione
542 3409 651 3485 metris,
666 3427 724 3466 non
738 3427 809 3466 vero
822 3408 918 3486 quoad
939 3416 1070 3467 neturem
1091 3415 1120 3466 et
1141 3427 1292 3485 personum

97 3481 232 3548 divinem:
255 3489 328 3548 Ideo
349 3509 471 3566 persone
491 3489 582 3566 ipsius
596 3507 654 3547 non
672 3487 767 3566 potuit
780 3487 925 3564 decimeri,
946 3487 998 3548 sed
1011 3495 1149 3565 tenquem
1163 3489 1294 3566 superior

98 3560 264 3645 Abrehemo,
281 3569 363 3628 ilium
377 3567 541 3644 decimavit,
554 3567 637 3646 eique
650 3567 801 3628 benedixit
814 3568 844 3627 in
859 3567 1082 3644 Melchisedeco,
1097 3567 1147 3645 qui
1161 3569 1224 3646 ejus
1238 3569 1293 3628 fuit

96 3647 257 3783 typueffiuon
270 3657 304 3708 ut
317 3649 413 3723 homo,
432 3648 483 3706 sed
500 3655 535 3707 ut
548 3647 693 3708 Mediator
705 3647 870 3730 bedegene,
884 3649 978 3726 Regio
992 3657 1022 3708 et
1037 3647 1214 3706 Sacerdoteli
1228 3668 1292 3707 mu·

98 3737 158 3780 uere
201 3745 220 3784 n
241 3746 304 3786 ens.

133 3747 241 3865 xvng
260 3807 376 3866 Pecceti
390 3806 539 3885 originalis
552 3808 723 3886 propegetio
739 3827 798 3867 non
812 3806 899 3866 debet
913 3805 1032 3879 efficere,
1055 3811 1088 3863 ut
1102 3804 1216 3862 Greetio
1231 3804 1292 3862 eni-

98 3895 200 3941 merum
212 3895 343 3964 negetur,
366 3895 395 3946 et
409 3887 528 3946 '1¹redux
542 3895 693 3961 statuetur,
716 3887 785 3962 quie
805 3885 980 3945 sufficienter
994 3883 1101 3942 selveri
1120 3891 1216 3959 potest
1230 3882 1292 3942 sine

98 3955 147 4016 hec
160 3961 320 4042 hypothesi,
335 3973 369 4025 ut
382 3985 435 4025 suo
448 3966 513 4025 loco
527 3965 779 4025 demonstrebitur.
822 3964 906 4022 Licet
918 3963 1014 4020 enims
1034 3981 1093 4020 non
1107 3961 1145 4019 sit
1158 3962 1291 4020 maresa-

99 4035 156 4094 liter
167 4042 202 4100 eb
217 4044 341 4122 Ademo,
357 4045 453 4124 quood
465 4045 655 4120 edewntiam,
671 4051 716 4102 est
729 4051 825 4101 temen
839 4043 1015 4118 originaliter
1028 4040 1065 4099 eb
1075 4059 1110 4098 eo
1121 4040 1217 4116 quoed
1230 4043 1291 4100 eub-

98 4115 248 4199 mensam,
270 4133 300 4183 et
320 4133 353 4184 ut
373 4125 459 4184 homo
479 4125 625 4183 hominem
647 4131 723 4182 recte
745 4122 864 4199 gignere
878 4121 992 4194 dicitnr,
1013 4119 1082 4178 licet
1095 4119 1220 4176 animem
1234 4138 1292 4178 non

101 4194 200 4278 gignet,
216 4203 257 4262 ite
270 4205 399 4281 impurus
413 4204 557 4282 impurum
571 4209 751 4281 progeneret,
774 4201 899 4268 maxime
908 4198 1064 4258 secedente
1075 4199 1156 4276 justo
1172 4199 1227 4257 Dei
1244 4199 1292 4275 ju-

100 4271 176 4352 dicio,
191 4301 247 4358 quo
259 4283 400 4343 sancitum
412 4283 474 4360 fuit,
489 4291 523 4342 ut
536 4302 601 4360 que
609 4283 702 4360 primo
710 4279 821 4340 homini
832 4279 1000 4354 contuleret,
1012 4278 1062 4336 ille
1072 4287 1131 4337 tem
1143 4277 1199 4336 sibi
1207 4295 1293 4353 quem

99 4359 212 4426 posteris
226 4363 287 4422 suis
300 4363 421 4422 heberet
434 4362 528 4438 simul,
544 4371 574 4422 et
586 4362 727 4440 perderet.
750 4361 809 4419 eur
822 4367 918 4418 eutem
933 4359 1015 4418 Deus
1028 4356 1160 4416 infundet
1168 4357 1293 4415 enimem

100 4445 210 4506 peseto
223 4441 413 4518 inficiendum,
429 4451 458 4501 et
476 4443 634 4520 conjunget
647 4443 759 4518 impuro
779 4441 898 4518 corporI,
914 4438 986 4497 iicet
1000 4456 1127 4516 quaerere
1145 4437 1183 4494 sit
1201 4437 1293 4496 curio-

101 4527 167 4588 111111,
182 4526 210 4576 et
222 4520 340 4594 definire
355 4521 546 4596 temererium,
561 4523 617 4581 hoc
631 4529 710 4581 certo
724 4528 845 4595 constet,
863 4519 958 4578 Deum
971 4517 1099 4576 noluisse
1113 4525 1228 4594 propter
1241 4517 1293 4576 ho·

100 4589 179 4654 niuis
190 4608 339 4675 peccetum
360 4601 481 4680 primam
496 4601 610 4661 ebolere
632 4601 818 4677 senctionem,
840 4599 876 4660 de
897 4597 1084 4678 propagando
1103 4615 1156 4674 per
1175 4616 1294 4675 genere
