<?xml version="1.0" encoding="UTF-8"?>
<!DOCTYPE html PUBLIC "-//W3C//DTD XHTML 1.0 Transitional//EN"
    "http://www.w3.org/TR/xhtml1/DTD/xhtml1-transitional.dtd">
<html xmlns="http://www.w3.org/1999/xhtml" xml:lang="en" lang="en">
 <head>
  <title>
</title>
<meta http-equiv="Content-Type" content="text/html;charset=utf-8" />
  <meta name='ocr-system' content='tesseract 3.04.00' />
  <meta name='ocr-capabilities' content='ocr_page ocr_carea ocr_par ocr_line ocrx_word'/>
</head>
<body>
  <div class='ocr_page' id='page_1' title='image "./francisciturret01pictgoog_0032.png"; bbox 0 0 3160 5194; ppageno 0'>
   <div class='ocr_carea' id='block_1_1' title="bbox 496 378 1441 460">
    <p class='ocr_par' dir='ltr' id='par_1_1' title="bbox 496 378 1441 460">
     <span class='ocr_line' id='line_1_1' title="bbox 496 378 1441 460; baseline 0 -2"><span class='ocrx_word' id='word_1_1' title='bbox 496 411 682 460; x_wconf 66' lang='lat' dir='ltr'><strong>ruarmo</strong></span> <span class='ocrx_word' id='word_1_2' title='bbox 699 413 745 459; x_wconf 74' lang='lat' dir='ltr'><strong>sn</strong></span> <span class='ocrx_word' id='word_1_3' title='bbox 764 411 957 458; x_wconf 72' lang='lat' dir='ltr'><strong>sucronem</strong></span> <span class='ocrx_word' id='word_1_4' title='bbox 1281 415 1343 458; x_wconf 82' lang='lat' dir='ltr'><strong>xxv</strong></span> <span class='ocrx_word' id='word_1_5' title='bbox 1438 378 1441 384; x_wconf 70' lang='grc'><strong>’</strong></span> 
     </span>
    </p>
   </div>
   <div class='ocr_carea' id='block_1_2' title="bbox 125 569 1344 3190">
    <p class='ocr_par' dir='ltr' id='par_1_2' title="bbox 125 569 1344 3190">
     <span class='ocr_line' id='line_1_2' title="bbox 125 569 1343 654; baseline 0.004 -22"><span class='ocrx_word' id='word_1_6' title='bbox 125 576 278 643; x_wconf 58' lang='lat' dir='ltr'><strong>omnam</strong></span> <span class='ocrx_word' id='word_1_7' title='bbox 305 569 407 635; x_wconf 85' lang='lat' dir='ltr'><strong>Error</strong></span> <span class='ocrx_word' id='word_1_8' title='bbox 431 573 636 638; x_wconf 87' lang='lat' dir='ltr'><strong>destruendus</strong></span> <span class='ocrx_word' id='word_1_9' title='bbox 662 573 790 639; x_wconf 83' lang='lat' dir='ltr'><strong>reniret.</strong></span> <span class='ocrx_word' id='word_1_10' title='bbox 842 573 917 651; x_wconf 78' lang='lat' dir='ltr'><strong>Quae</strong></span> <span class='ocrx_word' id='word_1_11' title='bbox 944 572 1004 635; x_wconf 91' lang='lat' dir='ltr'><strong>duo</strong></span> <span class='ocrx_word' id='word_1_12' title='bbox 1021 573 1095 636; x_wconf 90' lang='lat' dir='ltr'><strong>mibi</strong></span> <span class='ocrx_word' id='word_1_13' title='bbox 1121 573 1247 654; x_wconf 89' lang='lat' dir='ltr'><strong>insuper</strong></span> <span class='ocrx_word' id='word_1_14' title='bbox 1271 594 1343 637; x_wconf 85' lang='lat' dir='ltr'><strong>exe-</strong></span> 
     </span>
     <span class='ocr_line' id='line_1_3' title="bbox 129 669 1343 753; baseline 0.003 -23"><span class='ocrx_word' id='word_1_15' title='bbox 129 669 254 749; x_wconf 88' lang='lat' dir='ltr'><strong>quenda</strong></span> <span class='ocrx_word' id='word_1_16' title='bbox 268 673 439 751; x_wconf 82' lang='lat' dir='ltr'><strong>proposui3</strong></span> <span class='ocrx_word' id='word_1_17' title='bbox 465 691 526 736; x_wconf 91' lang='lat' dir='ltr'><strong>uon</strong></span> <span class='ocrx_word' id='word_1_18' title='bbox 541 678 577 735; x_wconf 95' lang='grc' dir='ltr'><strong>ιιι</strong></span> <span class='ocrx_word' id='word_1_19' title='bbox 592 672 729 735; x_wconf 90' lang='lat' dir='ltr'><strong>rationes</strong></span> <span class='ocrx_word' id='word_1_20' title='bbox 753 692 857 736; x_wconf 90' lang='lat' dir='ltr'><strong>omues</strong></span> <span class='ocrx_word' id='word_1_21' title='bbox 874 691 1002 752; x_wconf 88' lang='lat' dir='ltr'><strong>operose</strong></span> <span class='ocrx_word' id='word_1_22' title='bbox 1016 691 1212 753; x_wconf 83' lang='lat' dir='ltr'>congererem</span> <span class='ocrx_word' id='word_1_23' title='bbox 1228 693 1295 750; x_wconf 88' lang='lat' dir='ltr'><strong>quae</strong></span> <span class='ocrx_word' id='word_1_24' title='bbox 1310 673 1343 734; x_wconf 91' lang='lat' dir='ltr'><strong>in</strong></span> 
     </span>
     <span class='ocr_line' id='line_1_4' title="bbox 129 767 1342 851; baseline 0.002 -22"><span class='ocrx_word' id='word_1_25' title='bbox 129 767 267 831; x_wconf 89' lang='lat' dir='ltr'><strong>medium</strong></span> <span class='ocrx_word' id='word_1_26' title='bbox 283 769 390 832; x_wconf 84' lang='lat' dir='ltr'><strong>afferri</strong></span> <span class='ocrx_word' id='word_1_27' title='bbox 406 769 508 833; x_wconf 87' lang='lat' dir='ltr'><strong>solent</strong></span> <span class='ocrx_word' id='word_1_28' title='bbox 522 770 737 834; x_wconf 70' lang='lat' dir='ltr'><strong>confirmando</strong></span> <span class='ocrx_word' id='word_1_29' title='bbox 751 769 888 851; x_wconf 80' lang='lat' dir='ltr'><strong>veritati,</strong></span> <span class='ocrx_word' id='word_1_30' title='bbox 907 769 980 848; x_wconf 90' lang='lat' dir='ltr'><strong>quia</strong></span> <span class='ocrx_word' id='word_1_31' title='bbox 993 769 1043 832; x_wconf 91' lang='lat' dir='ltr'><strong>bic</strong></span> <span class='ocrx_word' id='word_1_32' title='bbox 1060 790 1121 832; x_wconf 91' lang='lat' dir='ltr'><strong>non</strong></span> <span class='ocrx_word' id='word_1_33' title='bbox 1135 776 1201 830; x_wconf 86' lang='lat' dir='ltr'><strong>tam</strong></span> <span class='ocrx_word' id='word_1_34' title='bbox 1216 789 1342 832; x_wconf 87' lang='lat' dir='ltr'><strong>numero</strong></span> 
     </span>
     <span class='ocr_line' id='line_1_5' title="bbox 134 866 1341 947; baseline 0.002 -20"><span class='ocrx_word' id='word_1_35' title='bbox 134 885 225 944; x_wconf 90' lang='lat' dir='ltr'><strong>quam</strong></span> <span class='ocrx_word' id='word_1_36' title='bbox 242 866 382 946; x_wconf 89' lang='lat' dir='ltr'><strong>pondero</strong></span> <span class='ocrx_word' id='word_1_37' title='bbox 394 867 589 942; x_wconf 70' lang='lat' dir='ltr'><strong>certandum</strong></span> <span class='ocrx_word' id='word_1_38' title='bbox 616 867 671 932; x_wconf 89' lang='lat' dir='ltr'><strong>sed</strong></span> <span class='ocrx_word' id='word_1_39' title='bbox 689 873 727 929; x_wconf 91' lang='lat' dir='ltr'><strong>ut</strong></span> <span class='ocrx_word' id='word_1_40' title='bbox 741 867 879 947; x_wconf 88' lang='lat' dir='ltr'><strong>potiores</strong></span> <span class='ocrx_word' id='word_1_41' title='bbox 895 875 928 932; x_wconf 88' lang='lat' dir='ltr'><strong>et</strong></span> <span class='ocrx_word' id='word_1_42' title='bbox 944 866 1103 930; x_wconf 78' lang='lat' dir='ltr'><strong>solidiores</strong></span> <span class='ocrx_word' id='word_1_43' title='bbox 1115 867 1225 946; x_wconf 91' lang='lat' dir='ltr'><strong>quibus</strong></span> <span class='ocrx_word' id='word_1_44' title='bbox 1239 867 1341 930; x_wconf 86' lang='lat' dir='ltr'><strong>fulciri</strong></span> 
     </span>
     <span class='ocr_line' id='line_1_6' title="bbox 132 964 1341 1047; baseline 0.001 -21"><span class='ocrx_word' id='word_1_45' title='bbox 132 970 241 1043; x_wconf 85' lang='lat' dir='ltr'><strong>potest</strong></span> <span class='ocrx_word' id='word_1_46' title='bbox 257 983 327 1027; x_wconf 87' lang='lat' dir='ltr'><strong>cum</strong></span> <span class='ocrx_word' id='word_1_47' title='bbox 340 965 460 1044; x_wconf 90' lang='lat' dir='ltr'><strong>judicio</strong></span> <span class='ocrx_word' id='word_1_48' title='bbox 473 964 671 1047; x_wconf 81' lang='lat' dir='ltr'><strong>sublegerem,</strong></span> <span class='ocrx_word' id='word_1_49' title='bbox 684 967 796 1028; x_wconf 85' lang='lat' dir='ltr'>robore</span> <span class='ocrx_word' id='word_1_50' title='bbox 806 965 909 1040; x_wconf 90' lang='lat' dir='ltr'><strong>etiam,</strong></span> <span class='ocrx_word' id='word_1_51' title='bbox 921 964 975 1027; x_wconf 91' lang='lat' dir='ltr'><strong>ubi</strong></span> <span class='ocrx_word' id='word_1_52' title='bbox 992 985 1069 1044; x_wconf 93' lang='lat' dir='ltr'><strong>opus</strong></span> <span class='ocrx_word' id='word_1_53' title='bbox 1083 965 1155 1044; x_wconf 83' lang='lat' dir='ltr'><strong>fuit,</strong></span> <span class='ocrx_word' id='word_1_54' title='bbox 1171 964 1209 1027; x_wconf 92' lang='lat' dir='ltr'><strong>iis</strong></span> <span class='ocrx_word' id='word_1_55' title='bbox 1225 964 1341 1042; x_wconf 87' lang='lat' dir='ltr'><strong>addito,</strong></span> 
     </span>
     <span class='ocr_line' id='line_1_7' title="bbox 132 1061 1343 1144; baseline 0.002 -20"><span class='ocrx_word' id='word_1_56' title='bbox 132 1069 168 1124; x_wconf 91' lang='lat' dir='ltr'><strong>et</strong></span> <span class='ocrx_word' id='word_1_57' title='bbox 194 1061 442 1142; x_wconf 87' lang='lat' dir='ltr'><strong>Exceptionibus</strong></span> <span class='ocrx_word' id='word_1_58' title='bbox 469 1063 632 1144; x_wconf 72' lang='lat' dir='ltr'><strong>praecipuis</strong></span> <span class='ocrx_word' id='word_1_59' title='bbox 649 1070 699 1126; x_wconf 69' lang='grc' dir='ltr'><strong>τῶν</strong></span> <span class='ocrx_word' id='word_1_60' title='bbox 728 1065 758 1144; x_wconf 72' lang='grc' dir='ltr'><strong>ἐξ</strong></span> <span class='ocrx_word' id='word_1_61' title='bbox 781 1069 899 1132; x_wconf 69' lang='grc' dir='ltr'><strong>ἐναντίας</strong></span> <span class='ocrx_word' id='word_1_62' title='bbox 915 1061 1031 1126; x_wconf 88' lang='lat' dir='ltr'><strong>dilutis.</strong></span> <span class='ocrx_word' id='word_1_63' title='bbox 1083 1061 1201 1139; x_wconf 76' lang='lat' dir='ltr'><strong>Quibus</strong></span> <span class='ocrx_word' id='word_1_64' title='bbox 1218 1062 1343 1126; x_wconf 88' lang='lat' dir='ltr'><strong>tandem</strong></span> 
     </span>
     <span class='ocr_line' id='line_1_8' title="bbox 133 1157 1341 1242; baseline 0.001 -21"><span class='ocrx_word' id='word_1_65' title='bbox 133 1157 253 1222; x_wconf 79' lang='lat' dir='ltr'><strong>Fontes</strong></span> <span class='ocrx_word' id='word_1_66' title='bbox 270 1159 464 1223; x_wconf 91' lang='lat' dir='ltr'><strong>Solutionum</strong></span> <span class='ocrx_word' id='word_1_67' title='bbox 481 1160 687 1240; x_wconf 89' lang='lat' dir='ltr'><strong>subjiciendos</strong></span> <span class='ocrx_word' id='word_1_68' title='bbox 699 1161 812 1237; x_wconf 89' lang='lat' dir='ltr'><strong>censui,</strong></span> <span class='ocrx_word' id='word_1_69' title='bbox 822 1167 860 1222; x_wconf 90' lang='lat' dir='ltr'><strong>ut</strong></span> <span class='ocrx_word' id='word_1_70' title='bbox 870 1159 976 1240; x_wconf 90' lang='lat' dir='ltr'><strong>paucis</strong></span> <span class='ocrx_word' id='word_1_71' title='bbox 985 1167 1018 1223; x_wconf 88' lang='lat' dir='ltr'><strong>et</strong></span> <span class='ocrx_word' id='word_1_72' title='bbox 1033 1179 1095 1223; x_wconf 92' lang='lat' dir='ltr'><strong>uno</strong></span> <span class='ocrx_word' id='word_1_73' title='bbox 1108 1159 1204 1224; x_wconf 84' lang='lat' dir='ltr'><strong>veluti</strong></span> <span class='ocrx_word' id='word_1_74' title='bbox 1219 1160 1341 1242; x_wconf 84' lang='lat' dir='ltr'><strong>obtutu,</strong></span> 
     </span>
     <span class='ocr_line' id='line_1_9' title="bbox 134 1255 1342 1339; baseline 0.002 -20"><span class='ocrx_word' id='word_1_75' title='bbox 134 1257 231 1319; x_wconf 87' lang='lat' dir='ltr'><strong>missa</strong></span> <span class='ocrx_word' id='word_1_76' title='bbox 246 1255 370 1337; x_wconf 79' lang='lat' dir='ltr'><strong>prolixa</strong></span> <span class='ocrx_word' id='word_1_77' title='bbox 387 1266 634 1339; x_wconf 77' lang='lat' dir='ltr'><strong>argumentorum</strong></span> <span class='ocrx_word' id='word_1_78' title='bbox 652 1259 740 1334; x_wconf 87' lang='lat' dir='ltr'><strong>serie,</strong></span> <span class='ocrx_word' id='word_1_79' title='bbox 767 1257 984 1322; x_wconf 82' lang='lat' dir='ltr'><strong>distinctiones</strong></span> <span class='ocrx_word' id='word_1_80' title='bbox 1009 1263 1214 1334; x_wconf 87' lang='lat' dir='ltr'><strong>occurrerent,</strong></span> <span class='ocrx_word' id='word_1_81' title='bbox 1231 1257 1342 1337; x_wconf 87' lang='lat' dir='ltr'><strong>quibus</strong></span> 
     </span>
     <span class='ocr_line' id='line_1_10' title="bbox 134 1353 1341 1436; baseline 0.002 -21"><span class='ocrx_word' id='word_1_82' title='bbox 134 1353 200 1416; x_wconf 84' lang='lat' dir='ltr'><strong>tela</strong></span> <span class='ocrx_word' id='word_1_83' title='bbox 216 1353 477 1418; x_wconf 80' lang='lat' dir='ltr'><strong>Adversariorum</strong></span> <span class='ocrx_word' id='word_1_84' title='bbox 490 1356 624 1431; x_wconf 89' lang='lat' dir='ltr'><strong>rotundi,</strong></span> <span class='ocrx_word' id='word_1_85' title='bbox 639 1363 673 1420; x_wconf 92' lang='lat' dir='ltr'><strong>et</strong></span> <span class='ocrx_word' id='word_1_86' title='bbox 689 1356 775 1419; x_wconf 77' lang='lat' dir='ltr'><strong>nervi</strong></span> <span class='ocrx_word' id='word_1_87' title='bbox 800 1355 1026 1436; x_wconf 80' lang='lat' dir='ltr'><strong>praeeipuarum</strong></span> <span class='ocrx_word' id='word_1_88' title='bbox 1042 1354 1258 1434; x_wconf 89' lang='lat' dir='ltr'><strong>Objectionum</strong></span> <span class='ocrx_word' id='word_1_89' title='bbox 1274 1356 1341 1418; x_wconf 88' lang='lat' dir='ltr'><strong>sine</strong></span> 
     </span>
     <span class='ocr_line' id='line_1_11' title="bbox 134 1451 1342 1533; baseline 0.002 -20"><span class='ocrx_word' id='word_1_90' title='bbox 134 1471 248 1532; x_wconf 81' lang='lat' dir='ltr'><strong>magno</strong></span> <span class='ocrx_word' id='word_1_91' title='bbox 261 1451 368 1515; x_wconf 88' lang='lat' dir='ltr'><strong>labore</strong></span> <span class='ocrx_word' id='word_1_92' title='bbox 384 1452 479 1516; x_wconf 91' lang='lat' dir='ltr'><strong>incidi</strong></span> <span class='ocrx_word' id='word_1_93' title='bbox 495 1461 630 1533; x_wconf 84' lang='lat' dir='ltr'><strong>possent.</strong></span> <span class='ocrx_word' id='word_1_94' title='bbox 683 1453 757 1531; x_wconf 72' lang='lat' dir='ltr'><strong>Qua</strong></span> <span class='ocrx_word' id='word_1_95' title='bbox 783 1453 887 1516; x_wconf 85' lang='lat' dir='ltr'><strong>omnia</strong></span> <span class='ocrx_word' id='word_1_96' title='bbox 906 1453 1057 1515; x_wconf 81' lang='lat' dir='ltr'><strong>brevitate</strong></span> <span class='ocrx_word' id='word_1_97' title='bbox 1073 1460 1106 1516; x_wconf 89' lang='lat' dir='ltr'><strong>et</strong></span> <span class='ocrx_word' id='word_1_98' title='bbox 1121 1453 1342 1533; x_wconf 79' lang='lat' dir='ltr'><strong>perspicuitate</strong></span> 
     </span>
     <span class='ocr_line' id='line_1_12' title="bbox 134 1548 1342 1632; baseline 0.002 -20"><span class='ocrx_word' id='word_1_99' title='bbox 134 1548 247 1628; x_wconf 83' lang='lat' dir='ltr'><strong>exequi</strong></span> <span class='ocrx_word' id='word_1_100' title='bbox 263 1555 393 1612; x_wconf 89' lang='lat' dir='ltr'><strong>conatus</strong></span> <span class='ocrx_word' id='word_1_101' title='bbox 409 1569 486 1632; x_wconf 89' lang='lat' dir='ltr'><strong>sum,</strong></span> <span class='ocrx_word' id='word_1_102' title='bbox 512 1557 550 1613; x_wconf 93' lang='lat' dir='ltr'><strong>ut</strong></span> <span class='ocrx_word' id='word_1_103' title='bbox 573 1571 630 1614; x_wconf 90' lang='lat' dir='ltr'><strong>nec</strong></span> <span class='ocrx_word' id='word_1_104' title='bbox 657 1551 754 1614; x_wconf 87' lang='lat' dir='ltr'><strong>nimia</strong></span> <span class='ocrx_word' id='word_1_105' title='bbox 767 1550 904 1614; x_wconf 79' lang='lat' dir='ltr'><strong>brevitas</strong></span> <span class='ocrx_word' id='word_1_106' title='bbox 920 1551 1148 1626; x_wconf 73' lang='lat' dir='ltr'><strong>obscuritatem,</strong></span> <span class='ocrx_word' id='word_1_107' title='bbox 1164 1571 1221 1614; x_wconf 89' lang='lat' dir='ltr'><strong>nec</strong></span> <span class='ocrx_word' id='word_1_108' title='bbox 1246 1551 1342 1614; x_wconf 87' lang='lat' dir='ltr'><strong>nimia</strong></span> 
     </span>
     <span class='ocr_line' id='line_1_13' title="bbox 135 1645 1342 1729; baseline 0.003 -22"><span class='ocrx_word' id='word_1_109' title='bbox 135 1645 301 1726; x_wconf 71' lang='lat' dir='ltr'><strong>prolixitas</strong></span> <span class='ocrx_word' id='word_1_110' title='bbox 315 1646 443 1709; x_wconf 75' lang='lat' dir='ltr'><strong>tedium</strong></span> <span class='ocrx_word' id='word_1_111' title='bbox 457 1655 591 1727; x_wconf 88' lang='lat' dir='ltr'><strong>pareret.</strong></span> <span class='ocrx_word' id='word_1_112' title='bbox 627 1647 719 1712; x_wconf 86' lang='lat' dir='ltr'><strong>Unde</strong></span> <span class='ocrx_word' id='word_1_113' title='bbox 735 1649 819 1711; x_wconf 87' lang='lat' dir='ltr'><strong>nuda</strong></span> <span class='ocrx_word' id='word_1_114' title='bbox 833 1656 866 1711; x_wconf 91' lang='lat' dir='ltr'><strong>et</strong></span> <span class='ocrx_word' id='word_1_115' title='bbox 882 1647 1013 1728; x_wconf 87' lang='lat' dir='ltr'><strong>simplici</strong></span> <span class='ocrx_word' id='word_1_116' title='bbox 1027 1669 1131 1712; x_wconf 91' lang='lat' dir='ltr'><strong>rerum</strong></span> <span class='ocrx_word' id='word_1_117' title='bbox 1147 1648 1342 1729; x_wconf 82' lang='lat' dir='ltr'><strong>expositione</strong></span> 
     </span>
     <span class='ocr_line' id='line_1_14' title="bbox 135 1745 1342 1826; baseline 0.002 -19"><span class='ocrx_word' id='word_1_118' title='bbox 135 1749 312 1824; x_wconf 86' lang='lat' dir='ltr'><strong>contentus,</strong></span> <span class='ocrx_word' id='word_1_119' title='bbox 341 1745 454 1808; x_wconf 82' lang='lat' dir='ltr'><strong>omissa</strong></span> <span class='ocrx_word' id='word_1_120' title='bbox 479 1765 606 1826; x_wconf 90' lang='lat' dir='ltr'><strong>operosa</strong></span> <span class='ocrx_word' id='word_1_121' title='bbox 630 1746 876 1810; x_wconf 89' lang='lat' dir='ltr'><strong>testimoniorum</strong></span> <span class='ocrx_word' id='word_1_122' title='bbox 900 1766 968 1826; x_wconf 86' lang='lat' dir='ltr'><strong>quse</strong></span> <span class='ocrx_word' id='word_1_123' title='bbox 993 1747 1164 1810; x_wconf 82' lang='lat' dir='ltr'><strong>coacervari</strong></span> <span class='ocrx_word' id='word_1_124' title='bbox 1195 1753 1342 1826; x_wconf 87' lang='lat' dir='ltr'><strong>poterant</strong></span> 
     </span>
     <span class='ocr_line' id='line_1_15' title="bbox 133 1840 1342 1925; baseline 0.002 -21"><span class='ocrx_word' id='word_1_125' title='bbox 133 1840 296 1917; x_wconf 88' lang='lat' dir='ltr'><strong>citatione,</strong></span> <span class='ocrx_word' id='word_1_126' title='bbox 312 1842 455 1922; x_wconf 89' lang='lat' dir='ltr'><strong>omnique</strong></span> <span class='ocrx_word' id='word_1_127' title='bbox 470 1842 651 1906; x_wconf 89' lang='lat' dir='ltr'><strong>eruditionis</strong></span> <span class='ocrx_word' id='word_1_128' title='bbox 665 1849 825 1924; x_wconf 85' lang='lat' dir='ltr'><strong>apparatu,</strong></span> <span class='ocrx_word' id='word_1_129' title='bbox 836 1843 980 1907; x_wconf 81' lang='lat' dir='ltr'><strong>brevibus</strong></span> <span class='ocrx_word' id='word_1_130' title='bbox 994 1844 1118 1924; x_wconf 87' lang='lat' dir='ltr'><strong>punctis</strong></span> <span class='ocrx_word' id='word_1_131' title='bbox 1131 1843 1253 1925; x_wconf 84' lang='lat' dir='ltr'><strong>signare</strong></span> <span class='ocrx_word' id='word_1_132' title='bbox 1266 1843 1342 1906; x_wconf 85' lang='lat' dir='ltr'><strong>satis</strong></span> 
     </span>
     <span class='ocr_line' id='line_1_16' title="bbox 133 1937 1341 2021; baseline 0.002 -21"><span class='ocrx_word' id='word_1_133' title='bbox 133 1937 241 2019; x_wconf 85' lang='lat' dir='ltr'><strong>habui,</strong></span> <span class='ocrx_word' id='word_1_134' title='bbox 260 1958 329 2018; x_wconf 86' lang='lat' dir='ltr'><strong>quse</strong></span> <span class='ocrx_word' id='word_1_135' title='bbox 346 1939 422 2002; x_wconf 90' lang='lat' dir='ltr'><strong>alias</strong></span> <span class='ocrx_word' id='word_1_136' title='bbox 437 1940 572 2019; x_wconf 88' lang='lat' dir='ltr'><strong>injusta</strong></span> <span class='ocrx_word' id='word_1_137' title='bbox 585 1941 757 2021; x_wconf 79' lang='lat' dir='ltr'><strong>argumenti</strong></span> <span class='ocrx_word' id='word_1_138' title='bbox 784 1941 972 2003; x_wconf 86' lang='lat' dir='ltr'><strong>tractatione</strong></span> <span class='ocrx_word' id='word_1_139' title='bbox 998 1941 1149 2004; x_wconf 89' lang='lat' dir='ltr'><strong>deducere</strong></span> <span class='ocrx_word' id='word_1_140' title='bbox 1163 1941 1341 2020; x_wconf 87' lang='lat' dir='ltr'><strong>potuissem.</strong></span> 
     </span>
     <span class='ocr_line' id='line_1_17' title="bbox 135 2034 1342 2118; baseline 0.002 -21"><span class='ocrx_word' id='word_1_141' title='bbox 135 2034 264 2098; x_wconf 85' lang='lat' dir='ltr'><strong>Nemini</strong></span> <span class='ocrx_word' id='word_1_142' title='bbox 281 2043 385 2098; x_wconf 86' lang='lat' dir='ltr'><strong>autem</strong></span> <span class='ocrx_word' id='word_1_143' title='bbox 409 2037 521 2100; x_wconf 89' lang='lat' dir='ltr'><strong>mirum</strong></span> <span class='ocrx_word' id='word_1_144' title='bbox 535 2037 634 2100; x_wconf 81' lang='lat' dir='ltr'><strong>videri</strong></span> <span class='ocrx_word' id='word_1_145' title='bbox 658 2037 764 2118; x_wconf 86' lang='lat' dir='ltr'><strong>debet,</strong></span> <span class='ocrx_word' id='word_1_146' title='bbox 791 2037 817 2098; x_wconf 91' lang='lat' dir='ltr'><strong>si</strong></span> <span class='ocrx_word' id='word_1_147' title='bbox 843 2035 905 2099; x_wconf 86' lang='lat' dir='ltr'><strong>Vel</strong></span> <span class='ocrx_word' id='word_1_148' title='bbox 923 2035 1113 2112; x_wconf 73' lang='lat' dir='ltr'><strong>Questiones</strong></span> <span class='ocrx_word' id='word_1_149' title='bbox 1127 2037 1228 2100; x_wconf 81' lang='lat' dir='ltr'><strong>varias</strong></span> <span class='ocrx_word' id='word_1_150' title='bbox 1244 2037 1342 2116; x_wconf 88' lang='lat' dir='ltr'><strong>prole·</strong></span> 
     </span>
     <span class='ocr_line' id='line_1_18' title="bbox 134 2132 1342 2215; baseline 0.001 -20"><span class='ocrx_word' id='word_1_151' title='bbox 134 2132 232 2196; x_wconf 82' lang='lat' dir='ltr'><strong>terias</strong></span> <span class='ocrx_word' id='word_1_152' title='bbox 247 2132 409 2213; x_wconf 85' lang='lat' dir='ltr'><strong>attingam,</strong></span> <span class='ocrx_word' id='word_1_153' title='bbox 426 2135 498 2214; x_wconf 86' lang='lat' dir='ltr'><strong>quia</strong></span> <span class='ocrx_word' id='word_1_154' title='bbox 511 2135 658 2215; x_wconf 88' lang='lat' dir='ltr'><strong>prodesse</strong></span> <span class='ocrx_word' id='word_1_155' title='bbox 671 2134 722 2196; x_wconf 92' lang='lat' dir='ltr'><strong>hic</strong></span> <span class='ocrx_word' id='word_1_156' title='bbox 735 2134 854 2213; x_wconf 87' lang='lat' dir='ltr'><strong>studeo,</strong></span> <span class='ocrx_word' id='word_1_157' title='bbox 864 2152 927 2196; x_wconf 91' lang='lat' dir='ltr'><strong>nou</strong></span> <span class='ocrx_word' id='word_1_158' title='bbox 942 2133 1071 2196; x_wconf 88' lang='lat' dir='ltr'><strong>eruditis</strong></span> <span class='ocrx_word' id='word_1_159' title='bbox 1083 2140 1117 2196; x_wconf 91' lang='lat' dir='ltr'><strong>et</strong></span> <span class='ocrx_word' id='word_1_160' title='bbox 1124 2133 1342 2212; x_wconf 79' lang='lat' dir='ltr'><strong>mysteriorum</strong></span> 
     </span>
     <span class='ocr_line' id='line_1_19' title="bbox 135 2230 1344 2312; baseline 0 -20"><span class='ocrx_word' id='word_1_161' title='bbox 135 2237 313 2293; x_wconf 85' lang='lat' dir='ltr'><strong>nostrorum</strong></span> <span class='ocrx_word' id='word_1_162' title='bbox 339 2238 478 2310; x_wconf 63' lang='lat' dir='ltr'><strong>leonae,</strong></span> <span class='ocrx_word' id='word_1_163' title='bbox 500 2232 552 2312; x_wconf 93' lang='lat' dir='ltr'><strong>qui</strong></span> <span class='ocrx_word' id='word_1_164' title='bbox 581 2231 707 2312; x_wconf 87' lang='lat' dir='ltr'><strong>scriptis</strong></span> <span class='ocrx_word' id='word_1_165' title='bbox 728 2231 798 2294; x_wconf 90' lang='lat' dir='ltr'><strong>istis</strong></span> <span class='ocrx_word' id='word_1_166' title='bbox 819 2230 1055 2311; x_wconf 87' lang='lat' dir='ltr'><strong>haudquaquam</strong></span> <span class='ocrx_word' id='word_1_167' title='bbox 1080 2237 1180 2311; x_wconf 85' lang='lat' dir='ltr'><strong>egent,</strong></span> <span class='ocrx_word' id='word_1_168' title='bbox 1211 2231 1266 2294; x_wconf 90' lang='lat' dir='ltr'><strong>sed</strong></span> <span class='ocrx_word' id='word_1_169' title='bbox 1291 2243 1344 2302; x_wconf 67' lang='grc' dir='ltr'><strong>τοῖς</strong></span> 
     </span>
     <span class='ocr_line' id='line_1_20' title="bbox 137 2328 1342 2410; baseline 0.002 -22"><span class='ocrx_word' id='word_1_170' title='bbox 137 2333 360 2410; x_wconf 56' lang='lat' dir='ltr'><strong>maxaminus,</strong></span> <span class='ocrx_word' id='word_1_171' title='bbox 377 2337 411 2392; x_wconf 87' lang='lat' dir='ltr'><strong>ot</strong></span> <span class='ocrx_word' id='word_1_172' title='bbox 427 2330 560 2392; x_wconf 92' lang='lat' dir='ltr'><strong>nondum</strong></span> <span class='ocrx_word' id='word_1_173' title='bbox 575 2329 718 2410; x_wconf 87' lang='lat' dir='ltr'><strong>initiatis,</strong></span> <span class='ocrx_word' id='word_1_174' title='bbox 736 2329 789 2408; x_wconf 92' lang='lat' dir='ltr'><strong>qui</strong></span> <span class='ocrx_word' id='word_1_175' title='bbox 805 2328 919 2392; x_wconf 90' lang='lat' dir='ltr'><strong>erudiri</strong></span> <span class='ocrx_word' id='word_1_176' title='bbox 944 2329 1071 2402; x_wconf 81' lang='lat' dir='ltr'><strong>volunt3</strong></span> <span class='ocrx_word' id='word_1_177' title='bbox 1099 2348 1228 2408; x_wconf 93' lang='lat' dir='ltr'><strong>quorum</strong></span> <span class='ocrx_word' id='word_1_178' title='bbox 1252 2328 1342 2392; x_wconf 88' lang='lat' dir='ltr'><strong>insti-</strong></span> 
     </span>
     <span class='ocr_line' id='line_1_21' title="bbox 135 2424 1341 2507; baseline 0.003 -20"><span class='ocrx_word' id='word_1_179' title='bbox 135 2424 263 2500; x_wconf 89' lang='lat' dir='ltr'><strong>tutioni,</strong></span> <span class='ocrx_word' id='word_1_180' title='bbox 280 2431 318 2487; x_wconf 92' lang='lat' dir='ltr'><strong>ut</strong></span> <span class='ocrx_word' id='word_1_181' title='bbox 331 2445 437 2490; x_wconf 83' lang='lat' dir='ltr'><strong>rocem</strong></span> <span class='ocrx_word' id='word_1_182' title='bbox 453 2427 615 2506; x_wconf 89' lang='lat' dir='ltr'><strong>loquendo,</strong></span> <span class='ocrx_word' id='word_1_183' title='bbox 630 2427 676 2489; x_wconf 85' lang='lat' dir='ltr'><strong>ita</strong></span> <span class='ocrx_word' id='word_1_184' title='bbox 695 2427 810 2506; x_wconf 81' lang='lat' dir='ltr'><strong>stylum</strong></span> <span class='ocrx_word' id='word_1_185' title='bbox 827 2426 998 2507; x_wconf 87' lang='lat' dir='ltr'><strong>scribendo,</strong></span> <span class='ocrx_word' id='word_1_186' title='bbox 1010 2427 1238 2490; x_wconf 81' lang='lat' dir='ltr'><strong>accommodare</strong></span> <span class='ocrx_word' id='word_1_187' title='bbox 1250 2427 1341 2491; x_wconf 88' lang='lat' dir='ltr'><strong>debe·</strong></span> 
     </span>
     <span class='ocr_line' id='line_1_22' title="bbox 135 2521 1342 2604; baseline 0.004 -21"><span class='ocrx_word' id='word_1_188' title='bbox 135 2542 223 2592; x_wconf 80' lang='lat' dir='ltr'><strong>mus:</strong></span> <span class='ocrx_word' id='word_1_189' title='bbox 250 2521 311 2585; x_wconf 91' lang='lat' dir='ltr'><strong>Vel</strong></span> <span class='ocrx_word' id='word_1_190' title='bbox 328 2522 404 2586; x_wconf 88' lang='lat' dir='ltr'><strong>alias</strong></span> <span class='ocrx_word' id='word_1_191' title='bbox 427 2524 561 2588; x_wconf 86' lang='lat' dir='ltr'><strong>intactas</strong></span> <span class='ocrx_word' id='word_1_192' title='bbox 584 2523 770 2604; x_wconf 87' lang='lat' dir='ltr'><strong>reliquerim,</strong></span> <span class='ocrx_word' id='word_1_193' title='bbox 794 2543 922 2603; x_wconf 90' lang='lat' dir='ltr'><strong>quarum</strong></span> <span class='ocrx_word' id='word_1_194' title='bbox 949 2523 982 2588; x_wconf 92' lang='lat' dir='ltr'><strong>in</strong></span> <span class='ocrx_word' id='word_1_195' title='bbox 1008 2523 1099 2588; x_wconf 87' lang='lat' dir='ltr'><strong>Locis</strong></span> <span class='ocrx_word' id='word_1_196' title='bbox 1125 2523 1342 2588; x_wconf 78' lang='lat' dir='ltr'><strong>Communibus</strong></span> 
     </span>
     <span class='ocr_line' id='line_1_23' title="bbox 135 2619 1341 2702; baseline 0.001 -19"><span class='ocrx_word' id='word_1_197' title='bbox 135 2619 254 2683; x_wconf 86' lang='lat' dir='ltr'><strong>mentio</strong></span> <span class='ocrx_word' id='word_1_198' title='bbox 269 2639 351 2700; x_wconf 79' lang='lat' dir='ltr'><strong>saepe</strong></span> <span class='ocrx_word' id='word_1_199' title='bbox 368 2621 435 2684; x_wconf 91' lang='lat' dir='ltr'><strong>lieri</strong></span> <span class='ocrx_word' id='word_1_200' title='bbox 450 2621 546 2685; x_wconf 87' lang='lat' dir='ltr'><strong>solet:</strong></span> <span class='ocrx_word' id='word_1_201' title='bbox 572 2621 649 2684; x_wconf 82' lang='lat' dir='ltr'><strong>Cum</strong></span> <span class='ocrx_word' id='word_1_202' title='bbox 674 2621 756 2684; x_wconf 89' lang='lat' dir='ltr'><strong>cuim</strong></span> <span class='ocrx_word' id='word_1_203' title='bbox 773 2621 1058 2698; x_wconf 71' lang='lat' dir='ltr'><strong>Controversiam</strong></span> <span class='ocrx_word' id='word_1_204' title='bbox 1072 2621 1151 2684; x_wconf 93' lang='lat' dir='ltr'><strong>mole</strong></span> <span class='ocrx_word' id='word_1_205' title='bbox 1165 2622 1235 2702; x_wconf 91' lang='lat' dir='ltr'><strong>plus</strong></span> <span class='ocrx_word' id='word_1_206' title='bbox 1250 2621 1341 2684; x_wconf 90' lang='lat' dir='ltr'><strong>nimis</strong></span> 
     </span>
     <span class='ocr_line' id='line_1_24' title="bbox 130 2717 1342 2800; baseline 0.002 -21"><span class='ocrx_word' id='word_1_207' title='bbox 130 2718 200 2796; x_wconf 85' lang='lat' dir='ltr'><strong>jam</strong></span> <span class='ocrx_word' id='word_1_208' title='bbox 214 2717 345 2792; x_wconf 87' lang='lat' dir='ltr'><strong>laboret,</strong></span> <span class='ocrx_word' id='word_1_209' title='bbox 361 2725 395 2780; x_wconf 89' lang='lat' dir='ltr'><strong>et</strong></span> <span class='ocrx_word' id='word_1_210' title='bbox 421 2726 544 2780; x_wconf 89' lang='lat' dir='ltr'><strong>tantum</strong></span> <span class='ocrx_word' id='word_1_211' title='bbox 567 2738 628 2781; x_wconf 89' lang='lat' dir='ltr'><strong>uon</strong></span> <span class='ocrx_word' id='word_1_212' title='bbox 656 2719 807 2782; x_wconf 91' lang='lat' dir='ltr'><strong>obruatur</strong></span> <span class='ocrx_word' id='word_1_213' title='bbox 836 2717 1004 2800; x_wconf 78' lang='lat' dir='ltr'><strong>Theologia</strong></span> <span class='ocrx_word' id='word_1_214' title='bbox 1033 2726 1149 2795; x_wconf 89' lang='lat' dir='ltr'><strong>nostra,</strong></span> <span class='ocrx_word' id='word_1_215' title='bbox 1175 2718 1342 2798; x_wconf 80' lang='lat' dir='ltr'><strong>exquibus</strong></span> 
     </span>
     <span class='ocr_line' id='line_1_25' title="bbox 134 2814 1343 2894; baseline 0.002 -18"><span class='ocrx_word' id='word_1_216' title='bbox 134 2833 199 2876; x_wconf 93' lang='lat' dir='ltr'><strong>non</strong></span> <span class='ocrx_word' id='word_1_217' title='bbox 215 2833 322 2894; x_wconf 80' lang='lat' dir='ltr'><strong>paucae</strong></span> <span class='ocrx_word' id='word_1_218' title='bbox 338 2815 440 2879; x_wconf 89' lang='lat' dir='ltr'><strong>minus</strong></span> <span class='ocrx_word' id='word_1_219' title='bbox 463 2815 641 2879; x_wconf 74' lang='lat' dir='ltr'><strong>necessarie</strong></span> <span class='ocrx_word' id='word_1_220' title='bbox 667 2823 748 2891; x_wconf 79' lang='lat' dir='ltr'><strong>sunt,</strong></span> <span class='ocrx_word' id='word_1_221' title='bbox 763 2814 867 2878; x_wconf 80' lang='lat' dir='ltr'><strong>multae</strong></span> <span class='ocrx_word' id='word_1_222' title='bbox 883 2815 978 2879; x_wconf 88' lang='lat' dir='ltr'><strong>etiam</strong></span> <span class='ocrx_word' id='word_1_223' title='bbox 992 2823 1107 2880; x_wconf 89' lang='lat' dir='ltr'><strong>temere</strong></span> <span class='ocrx_word' id='word_1_224' title='bbox 1127 2823 1289 2880; x_wconf 80' lang='lat' dir='ltr'><strong>moventur</strong></span> <span class='ocrx_word' id='word_1_225' title='bbox 1304 2817 1343 2878; x_wconf 87' lang='lat' dir='ltr'><strong>ab</strong></span> 
     </span>
     <span class='ocr_line' id='line_1_26' title="bbox 134 2911 1344 2993; baseline 0.002 -19"><span class='ocrx_word' id='word_1_226' title='bbox 134 2911 313 2974; x_wconf 87' lang='lat' dir='ltr'><strong>hominibus</strong></span> <span class='ocrx_word' id='word_1_227' title='bbox 326 2912 507 2976; x_wconf 88' lang='lat' dir='ltr'><strong>malesanis</strong></span> <span class='ocrx_word' id='word_1_228' title='bbox 524 2913 586 2992; x_wconf 92' lang='lat' dir='ltr'><strong>qui,</strong></span> <span class='ocrx_word' id='word_1_229' title='bbox 608 2914 657 2976; x_wconf 84' lang='lat' dir='ltr'><strong>rel</strong></span> <span class='ocrx_word' id='word_1_230' title='bbox 671 2913 785 2976; x_wconf 82' lang='lat' dir='ltr'><strong>iulelici</strong></span> <span class='ocrx_word' id='word_1_231' title='bbox 813 2913 1001 2989; x_wconf 88' lang='lat' dir='ltr'><strong>curiositate,</strong></span> <span class='ocrx_word' id='word_1_232' title='bbox 1019 2914 1214 2977; x_wconf 82' lang='lat' dir='ltr'><strong>fastidientes</strong></span> <span class='ocrx_word' id='word_1_233' title='bbox 1233 2921 1344 2993; x_wconf 89' lang='lat' dir='ltr'><strong>aperta</strong></span> 
     </span>
     <span class='ocr_line' id='line_1_27' title="bbox 135 3005 1341 3092; baseline 0.002 -22"><span class='ocrx_word' id='word_1_234' title='bbox 135 3008 171 3071; x_wconf 92' lang='lat' dir='ltr'><strong>in</strong></span> <span class='ocrx_word' id='word_1_235' title='bbox 186 3005 368 3089; x_wconf 75' lang='lat' dir='ltr'><strong>scripturis,</strong></span> <span class='ocrx_word' id='word_1_236' title='bbox 379 3009 414 3072; x_wconf 92' lang='lat' dir='ltr'><strong>in</strong></span> <span class='ocrx_word' id='word_1_237' title='bbox 429 3007 534 3074; x_wconf 89' lang='lat' dir='ltr'><strong>clausa</strong></span> <span class='ocrx_word' id='word_1_238' title='bbox 544 3017 576 3073; x_wconf 89' lang='lat' dir='ltr'><strong>et</strong></span> <span class='ocrx_word' id='word_1_239' title='bbox 587 3011 750 3092; x_wconf 84' lang='lat' dir='ltr'><strong>obsignata</strong></span> <span class='ocrx_word' id='word_1_240' title='bbox 764 3010 797 3072; x_wconf 95' lang='lat' dir='ltr'><strong>in</strong></span> <span class='ocrx_word' id='word_1_241' title='bbox 808 3010 892 3074; x_wconf 87' lang='lat' dir='ltr'><strong>coelis</strong></span> <span class='ocrx_word' id='word_1_242' title='bbox 902 3019 1054 3090; x_wconf 81' lang='lat' dir='ltr'><strong>quaeruut,</strong></span> <span class='ocrx_word' id='word_1_243' title='bbox 1065 3018 1099 3073; x_wconf 89' lang='lat' dir='ltr'><strong>et</strong></span> <span class='ocrx_word' id='word_1_244' title='bbox 1109 3011 1150 3073; x_wconf 90' lang='lat' dir='ltr'><strong>iu&#39;</strong></span> <span class='ocrx_word' id='word_1_245' title='bbox 1161 3030 1272 3073; x_wconf 89' lang='lat' dir='ltr'><strong>aroana</strong></span> <span class='ocrx_word' id='word_1_246' title='bbox 1281 3009 1341 3072; x_wconf 89' lang='lat' dir='ltr'><strong>Dei</strong></span> 
     </span>
     <span class='ocr_line' id='line_1_28' title="bbox 137 3105 1342 3190; baseline 0 -22"><span class='ocrx_word' id='word_1_247' title='bbox 137 3105 314 3185; x_wconf 56' lang='lat' dir='ltr'><strong>pensualin</strong></span> <span class='ocrx_word' id='word_1_248' title='bbox 320 3106 492 3187; x_wconf 78' lang='lat' dir='ltr'><strong>irrumpere</strong></span> <span class='ocrx_word' id='word_1_249' title='bbox 500 3115 656 3188; x_wconf 70' lang='lat' dir='ltr'><strong>satagunt,</strong></span> <span class='ocrx_word' id='word_1_250' title='bbox 665 3109 856 3183; x_wconf 74' lang='grc' dir='ltr'><strong>ὶμβαηὺοντις</strong></span> <span class='ocrx_word' id='word_1_251' title='bbox 866 3115 903 3177; x_wconf 72' lang='grc' dir='ltr'><strong>εἰς</strong></span> <span class='ocrx_word' id='word_1_252' title='bbox 914 3111 978 3181; x_wconf 67' lang='lat' dir='ltr'><strong>cipri</strong></span> <span class='ocrx_word' id='word_1_253' title='bbox 991 3114 1133 3190; x_wconf 70' lang='lat' dir='ltr'><strong>impetitam,</strong></span> <span class='ocrx_word' id='word_1_254' title='bbox 1142 3106 1191 3170; x_wconf 73' lang='lat' dir='ltr'><strong>vel</strong></span> <span class='ocrx_word' id='word_1_255' title='bbox 1199 3106 1342 3168; x_wconf 72' lang='lat' dir='ltr'><strong>illiberali</strong></span> 
     </span>
    </p>
   </div>
   <div class='ocr_carea' id='block_1_3' title="bbox 139 3201 1449 3286">
    <p class='ocr_par' dir='ltr' id='par_1_3' title="bbox 139 3201 1449 3286">
     <span class='ocr_line' id='line_1_29' title="bbox 139 3201 1449 3286; baseline 0.003 -23"><span class='ocrx_word' id='word_1_256' title='bbox 139 3213 314 3286; x_wconf 65' lang='grc' dir='ltr'><strong>ιαςφολιγία</strong></span> <span class='ocrx_word' id='word_1_257' title='bbox 343 3203 451 3267; x_wconf 83' lang='lat' dir='ltr'><strong>inanes</strong></span> <span class='ocrx_word' id='word_1_258' title='bbox 475 3207 637 3276; x_wconf 81' lang='lat' dir='ltr'><strong>verborum</strong></span> <span class='ocrx_word' id='word_1_259' title='bbox 663 3205 766 3284; x_wconf 89' lang='lat' dir='ltr'><strong>apices</strong></span> <span class='ocrx_word' id='word_1_260' title='bbox 792 3211 960 3278; x_wconf 88' lang='lat' dir='ltr'><strong>sectantur,</strong></span> <span class='ocrx_word' id='word_1_261' title='bbox 986 3211 1019 3266; x_wconf 91' lang='lat' dir='ltr'><strong>et</strong></span> <span class='ocrx_word' id='word_1_262' title='bbox 1043 3205 1157 3266; x_wconf 91' lang='lat' dir='ltr'><strong>nodum</strong></span> <span class='ocrx_word' id='word_1_263' title='bbox 1178 3203 1211 3264; x_wconf 93' lang='lat' dir='ltr'><strong>in</strong></span> <span class='ocrx_word' id='word_1_264' title='bbox 1241 3201 1344 3284; x_wconf 88' lang='lat' dir='ltr'><strong>scirpo</strong></span> <span class='ocrx_word' id='word_1_265' title='bbox 1442 3267 1449 3281; x_wconf 63' lang='grc'>,</span> 
     </span>
    </p>
   </div>
   <div class='ocr_carea' id='block_1_4' title="bbox 136 3299 1344 4650">
    <p class='ocr_par' dir='ltr' id='par_1_4' title="bbox 136 3299 1344 4650">
     <span class='ocr_line' id='line_1_30' title="bbox 137 3299 1342 3383; baseline 0.003 -21"><span class='ocrx_word' id='word_1_266' title='bbox 137 3306 303 3382; x_wconf 80' lang='lat' dir='ltr'><strong>quaerunt3</strong></span> <span class='ocrx_word' id='word_1_267' title='bbox 341 3299 506 3380; x_wconf 89' lang='lat' dir='ltr'><strong>plurimum</strong></span> <span class='ocrx_word' id='word_1_268' title='bbox 531 3322 651 3383; x_wconf 88' lang='lat' dir='ltr'><strong>semper</strong></span> <span class='ocrx_word' id='word_1_269' title='bbox 674 3301 824 3364; x_wconf 89' lang='lat' dir='ltr'><strong>interesse</strong></span> <span class='ocrx_word' id='word_1_270' title='bbox 851 3301 926 3362; x_wconf 87' lang='lat' dir='ltr'><strong>duxi</strong></span> <span class='ocrx_word' id='word_1_271' title='bbox 950 3301 990 3364; x_wconf 87' lang='lat' dir='ltr'><strong>ad</strong></span> <span class='ocrx_word' id='word_1_272' title='bbox 1014 3301 1198 3364; x_wconf 89' lang='lat' dir='ltr'><strong>discentium</strong></span> <span class='ocrx_word' id='word_1_273' title='bbox 1223 3303 1342 3382; x_wconf 82' lang='lat' dir='ltr'><strong>profec-</strong></span> 
     </span>
     <span class='ocr_line' id='line_1_31' title="bbox 137 3397 1339 3482; baseline 0.002 -22"><span class='ocrx_word' id='word_1_274' title='bbox 137 3407 215 3474; x_wconf 90' lang='lat' dir='ltr'><strong>tum,</strong></span> <span class='ocrx_word' id='word_1_275' title='bbox 231 3403 266 3461; x_wconf 89' lang='lat' dir='ltr'><strong>et</strong></span> <span class='ocrx_word' id='word_1_276' title='bbox 275 3397 403 3478; x_wconf 86' lang='lat' dir='ltr'><strong>pietatis</strong></span> <span class='ocrx_word' id='word_1_277' title='bbox 412 3399 645 3476; x_wconf 88' lang='lat' dir='ltr'><strong>incrementum,</strong></span> <span class='ocrx_word' id='word_1_278' title='bbox 655 3397 847 3476; x_wconf 79' lang='lat' dir='ltr'><strong>Quaestiones</strong></span> <span class='ocrx_word' id='word_1_279' title='bbox 858 3398 994 3462; x_wconf 89' lang='lat' dir='ltr'><strong>minuere</strong></span> <span class='ocrx_word' id='word_1_280' title='bbox 1004 3399 1208 3480; x_wconf 89' lang='lat' dir='ltr'><strong>potiusquam</strong></span> <span class='ocrx_word' id='word_1_281' title='bbox 1217 3419 1339 3482; x_wconf 74' lang='lat' dir='ltr'><strong>augere,</strong></span> 
     </span>
     <span class='ocr_line' id='line_1_32' title="bbox 137 3495 1341 3578; baseline 0.001 -19"><span class='ocrx_word' id='word_1_282' title='bbox 137 3503 289 3576; x_wconf 88' lang='lat' dir='ltr'><strong>quantum</strong></span> <span class='ocrx_word' id='word_1_283' title='bbox 306 3496 449 3560; x_wconf 80' lang='lat' dir='ltr'><strong>raritatis</strong></span> <span class='ocrx_word' id='word_1_284' title='bbox 477 3496 559 3560; x_wconf 87' lang='lat' dir='ltr'><strong>ratio</strong></span> <span class='ocrx_word' id='word_1_285' title='bbox 581 3497 722 3577; x_wconf 87' lang='lat' dir='ltr'><strong>patitur:</strong></span> <span class='ocrx_word' id='word_1_286' title='bbox 769 3495 846 3560; x_wconf 89' lang='lat' dir='ltr'><strong>Ideo</strong></span> <span class='ocrx_word' id='word_1_287' title='bbox 870 3517 923 3561; x_wconf 87' lang='lat' dir='ltr'><strong>eas</strong></span> <span class='ocrx_word' id='word_1_288' title='bbox 947 3497 1076 3578; x_wconf 85' lang='lat' dir='ltr'><strong>seligere</strong></span> <span class='ocrx_word' id='word_1_289' title='bbox 1092 3497 1184 3572; x_wconf 81' lang='lat' dir='ltr'><strong>volui,</strong></span> <span class='ocrx_word' id='word_1_290' title='bbox 1209 3518 1278 3578; x_wconf 86' lang='lat' dir='ltr'><strong>quse</strong></span> <span class='ocrx_word' id='word_1_291' title='bbox 1292 3497 1341 3562; x_wconf 77' lang='lat' dir='ltr'><strong>rel</strong></span> 
     </span>
     <span class='ocr_line' id='line_1_33' title="bbox 136 3592 1341 3676; baseline 0.002 -20"><span class='ocrx_word' id='word_1_292' title='bbox 136 3593 265 3673; x_wconf 88' lang='lat' dir='ltr'><strong>majoris</strong></span> <span class='ocrx_word' id='word_1_293' title='bbox 279 3595 438 3676; x_wconf 91' lang='lat' dir='ltr'><strong>momenti,</strong></span> <span class='ocrx_word' id='word_1_294' title='bbox 450 3595 499 3658; x_wconf 80' lang='lat' dir='ltr'><strong>vol</strong></span> <span class='ocrx_word' id='word_1_295' title='bbox 509 3594 607 3674; x_wconf 80' lang='lat' dir='ltr'><strong>magis</strong></span> <span class='ocrx_word' id='word_1_296' title='bbox 621 3592 801 3658; x_wconf 74' lang='lat' dir='ltr'><strong>necessarias</strong></span> <span class='ocrx_word' id='word_1_297' title='bbox 817 3593 875 3658; x_wconf 90' lang='lat' dir='ltr'><strong>hoc</strong></span> <span class='ocrx_word' id='word_1_298' title='bbox 889 3600 1028 3674; x_wconf 90' lang='lat' dir='ltr'><strong>tempore</strong></span> <span class='ocrx_word' id='word_1_299' title='bbox 1037 3595 1111 3660; x_wconf 78' lang='lat' dir='ltr'><strong>riser</strong></span> <span class='ocrx_word' id='word_1_300' title='bbox 1126 3601 1208 3671; x_wconf 91' lang='lat' dir='ltr'><strong>suut,</strong></span> <span class='ocrx_word' id='word_1_301' title='bbox 1220 3595 1341 3659; x_wconf 84' lang='lat' dir='ltr'><strong>caeteris</strong></span> 
     </span>
     <span class='ocr_line' id='line_1_34' title="bbox 137 3691 1339 3773; baseline 0.001 -19"><span class='ocrx_word' id='word_1_302' title='bbox 137 3691 252 3772; x_wconf 82' lang='lat' dir='ltr'><strong>udssis,</strong></span> <span class='ocrx_word' id='word_1_303' title='bbox 269 3710 338 3770; x_wconf 73' lang='lat' dir='ltr'><strong>que</strong></span> <span class='ocrx_word' id='word_1_304' title='bbox 353 3692 402 3754; x_wconf 83' lang='lat' dir='ltr'><strong>vel</strong></span> <span class='ocrx_word' id='word_1_305' title='bbox 419 3692 523 3755; x_wconf 76' lang='lat' dir='ltr'><strong>ardue</strong></span> <span class='ocrx_word' id='word_1_306' title='bbox 544 3699 619 3754; x_wconf 90' lang='lat' dir='ltr'><strong>suut</strong></span> <span class='ocrx_word' id='word_1_307' title='bbox 633 3691 724 3756; x_wconf 90' lang='lat' dir='ltr'><strong>nimis</strong></span> <span class='ocrx_word' id='word_1_308' title='bbox 749 3697 782 3754; x_wconf 90' lang='lat' dir='ltr'><strong>et</strong></span> <span class='ocrx_word' id='word_1_309' title='bbox 807 3691 936 3756; x_wconf 74' lang='lat' dir='ltr'><strong>curiosas</strong></span> <span class='ocrx_word' id='word_1_310' title='bbox 962 3692 1011 3757; x_wconf 82' lang='lat' dir='ltr'><strong>vel</strong></span> <span class='ocrx_word' id='word_1_311' title='bbox 1032 3693 1139 3756; x_wconf 90' lang='lat' dir='ltr'><strong>inanes</strong></span> <span class='ocrx_word' id='word_1_312' title='bbox 1162 3701 1194 3756; x_wconf 89' lang='lat' dir='ltr'><strong>et</strong></span> <span class='ocrx_word' id='word_1_313' title='bbox 1213 3693 1339 3773; x_wconf 71' lang='lat' dir='ltr'><strong>jejuna,</strong></span> 
     </span>
     <span class='ocr_line' id='line_1_35' title="bbox 137 3788 1341 3873; baseline 0.002 -23"><span class='ocrx_word' id='word_1_314' title='bbox 137 3808 215 3868; x_wconf 72' lang='lat' dir='ltr'><strong>quas</strong></span> <span class='ocrx_word' id='word_1_315' title='bbox 233 3788 411 3868; x_wconf 69' lang='lat' dir='ltr'><strong>Apostolus</strong></span> <span class='ocrx_word' id='word_1_316' title='bbox 428 3793 550 3872; x_wconf 68' lang='grc' dir='ltr'><strong>ζητήσεις</strong></span> <span class='ocrx_word' id='word_1_317' title='bbox 564 3797 660 3873; x_wconf 68' lang='grc' dir='ltr'><em>μωρὰς</em></span> <span class='ocrx_word' id='word_1_318' title='bbox 675 3798 726 3850; x_wconf 70' lang='grc' dir='ltr'><strong>καὶ</strong></span> <span class='ocrx_word' id='word_1_319' title='bbox 740 3795 902 3872; x_wconf 66' lang='grc' dir='ltr'><strong>ἀπεράντους</strong></span> <span class='ocrx_word' id='word_1_320' title='bbox 918 3799 1018 3866; x_wconf 75' lang='lat' dir='ltr'><strong>vocet,</strong></span> <span class='ocrx_word' id='word_1_321' title='bbox 1033 3810 1101 3870; x_wconf 78' lang='lat' dir='ltr'><strong>quae</strong></span> <span class='ocrx_word' id='word_1_322' title='bbox 1113 3810 1170 3854; x_wconf 81' lang='lat' dir='ltr'><strong>neo</strong></span> <span class='ocrx_word' id='word_1_323' title='bbox 1185 3789 1341 3870; x_wconf 79' lang='lat' dir='ltr'><strong>ignoranti</strong></span> 
     </span>
     <span class='ocr_line' id='line_1_36' title="bbox 137 3885 1341 3967; baseline -0.001 -18"><span class='ocrx_word' id='word_1_324' title='bbox 137 3891 260 3960; x_wconf 87' lang='lat' dir='ltr'><strong>nocent,</strong></span> <span class='ocrx_word' id='word_1_325' title='bbox 287 3904 344 3948; x_wconf 92' lang='lat' dir='ltr'><strong>nec</strong></span> <span class='ocrx_word' id='word_1_326' title='bbox 370 3885 517 3950; x_wconf 89' lang='lat' dir='ltr'><strong>scientem</strong></span> <span class='ocrx_word' id='word_1_327' title='bbox 537 3887 670 3967; x_wconf 80' lang='lat' dir='ltr'><strong>jurant3</strong></span> <span class='ocrx_word' id='word_1_328' title='bbox 696 3885 743 3948; x_wconf 90' lang='lat' dir='ltr'><strong>Ut</strong></span> <span class='ocrx_word' id='word_1_329' title='bbox 767 3905 861 3949; x_wconf 87' lang='lat' dir='ltr'><strong>aurea</strong></span> <span class='ocrx_word' id='word_1_330' title='bbox 874 3907 995 3967; x_wconf 91' lang='lat' dir='ltr'><strong>semper</strong></span> <span class='ocrx_word' id='word_1_331' title='bbox 1025 3887 1165 3950; x_wconf 87' lang='lat' dir='ltr'><strong>obtineat</strong></span> <span class='ocrx_word' id='word_1_332' title='bbox 1195 3885 1341 3965; x_wconf 85' lang='lat' dir='ltr'><strong>Apostoli</strong></span> 
     </span>
     <span class='ocr_line' id='line_1_37' title="bbox 137 3981 1341 4068; baseline 0 -24"><span class='ocrx_word' id='word_1_333' title='bbox 137 3983 254 4064; x_wconf 75' lang='lat' dir='ltr'><strong>regida,</strong></span> <span class='ocrx_word' id='word_1_334' title='bbox 273 3993 366 4066; x_wconf 61' lang='lat' dir='ltr'><strong>penno</strong></span> <span class='ocrx_word' id='word_1_335' title='bbox 379 3991 415 4053; x_wconf 70' lang='lat' dir='ltr'><strong>alc</strong></span> <span class='ocrx_word' id='word_1_336' title='bbox 433 3993 463 4046; x_wconf 76' lang='lat' dir='ltr'><strong>rt</strong></span> <span class='ocrx_word' id='word_1_337' title='bbox 478 3995 615 4068; x_wconf 68' lang='lat' dir='ltr'><strong>supporto.</strong></span> <span class='ocrx_word' id='word_1_338' title='bbox 667 3983 775 4063; x_wconf 87' lang='lat' dir='ltr'><strong>Atque</strong></span> <span class='ocrx_word' id='word_1_339' title='bbox 790 3984 838 4045; x_wconf 85' lang='lat' dir='ltr'><strong>ita</strong></span> <span class='ocrx_word' id='word_1_340' title='bbox 851 3984 982 4048; x_wconf 88' lang='lat' dir='ltr'><strong>sollicite</strong></span> <span class='ocrx_word' id='word_1_341' title='bbox 1006 3983 1180 4064; x_wconf 80' lang='lat' dir='ltr'><strong>fugiendam</strong></span> <span class='ocrx_word' id='word_1_342' title='bbox 1203 3981 1341 4060; x_wconf 84' lang='lat' dir='ltr'><strong>judicavi</strong></span> 
     </span>
     <span class='ocr_line' id='line_1_38' title="bbox 137 4077 1341 4162; baseline -0.002 -18"><span class='ocrx_word' id='word_1_343' title='bbox 137 4081 300 4160; x_wconf 78' lang='lat' dir='ltr'><strong>profanam</strong></span> <span class='ocrx_word' id='word_1_344' title='bbox 322 4079 408 4144; x_wconf 91' lang='lat' dir='ltr'><strong>illam</strong></span> <span class='ocrx_word' id='word_1_345' title='bbox 433 4081 624 4162; x_wconf 82' lang='lat' dir='ltr'><strong>ingeniorum</strong></span> <span class='ocrx_word' id='word_1_346' title='bbox 651 4081 818 4155; x_wconf 89' lang='lat' dir='ltr'><strong>libidinem,</strong></span> <span class='ocrx_word' id='word_1_347' title='bbox 845 4083 885 4144; x_wconf 89' lang='lat' dir='ltr'><strong>ad</strong></span> <span class='ocrx_word' id='word_1_348' title='bbox 901 4099 981 4144; x_wconf 81' lang='lat' dir='ltr'><strong>nova</strong></span> <span class='ocrx_word' id='word_1_349' title='bbox 1007 4087 1041 4142; x_wconf 87' lang='lat' dir='ltr'><strong>et</strong></span> <span class='ocrx_word' id='word_1_350' title='bbox 1067 4078 1188 4142; x_wconf 85' lang='lat' dir='ltr'><strong>curiosa</strong></span> <span class='ocrx_word' id='word_1_351' title='bbox 1201 4077 1341 4157; x_wconf 86' lang='lat' dir='ltr'><strong>prurien-</strong></span> 
     </span>
     <span class='ocr_line' id='line_1_39' title="bbox 138 4175 1341 4260; baseline 0.002 -22"><span class='ocrx_word' id='word_1_352' title='bbox 138 4176 229 4258; x_wconf 89' lang='lat' dir='ltr'><strong>tium,</strong></span> <span class='ocrx_word' id='word_1_353' title='bbox 246 4176 386 4256; x_wconf 88' lang='lat' dir='ltr'><strong>nihilque</strong></span> <span class='ocrx_word' id='word_1_354' title='bbox 402 4177 569 4242; x_wconf 87' lang='lat' dir='ltr'><strong>studiosius</strong></span> <span class='ocrx_word' id='word_1_355' title='bbox 594 4179 653 4260; x_wconf 74' lang='lat' dir='ltr'><strong>egi,</strong></span> <span class='ocrx_word' id='word_1_356' title='bbox 670 4199 761 4258; x_wconf 91' lang='lat' dir='ltr'><strong>quam</strong></span> <span class='ocrx_word' id='word_1_357' title='bbox 781 4198 821 4240; x_wconf 93' lang='lat' dir='ltr'><strong>ne</strong></span> <span class='ocrx_word' id='word_1_358' title='bbox 835 4177 1029 4241; x_wconf 84' lang='lat' dir='ltr'><strong>deflecterem</strong></span> <span class='ocrx_word' id='word_1_359' title='bbox 1044 4195 1063 4237; x_wconf 86' lang='lat' dir='ltr'><strong>a</strong></span> <span class='ocrx_word' id='word_1_360' title='bbox 1076 4177 1175 4237; x_wconf 79' lang='lat' dir='ltr'><strong>forma</strong></span> <span class='ocrx_word' id='word_1_361' title='bbox 1188 4175 1341 4240; x_wconf 82' lang='lat' dir='ltr'><strong>saniorum</strong></span> 
     </span>
     <span class='ocr_line' id='line_1_40' title="bbox 139 4275 1343 4357; baseline 0 -19"><span class='ocrx_word' id='word_1_362' title='bbox 139 4294 323 4350; x_wconf 70' lang='lat' dir='ltr'><strong>monum,</strong></span> <span class='ocrx_word' id='word_1_363' title='bbox 349 4282 381 4337; x_wconf 91' lang='lat' dir='ltr'><strong>et</strong></span> <span class='ocrx_word' id='word_1_364' title='bbox 403 4283 441 4337; x_wconf 92' lang='grc' dir='ltr'><strong>ιιι</strong></span> <span class='ocrx_word' id='word_1_365' title='bbox 465 4275 537 4339; x_wconf 88' lang='lat' dir='ltr'><strong>fidei</strong></span> <span class='ocrx_word' id='word_1_366' title='bbox 562 4277 702 4357; x_wconf 83' lang='lat' dir='ltr'><strong>pristinae</strong></span> <span class='ocrx_word' id='word_1_367' title='bbox 727 4275 907 4354; x_wconf 84' lang='lat' dir='ltr'><strong>simplicitas</strong></span> <span class='ocrx_word' id='word_1_368' title='bbox 924 4280 957 4336; x_wconf 89' lang='lat' dir='ltr'><strong>et</strong></span> <span class='ocrx_word' id='word_1_369' title='bbox 983 4281 1142 4357; x_wconf 67' lang='grc' dir='ltr'>ιιλννιςίνεια,</span> <span class='ocrx_word' id='word_1_370' title='bbox 1167 4293 1257 4355; x_wconf 90' lang='lat' dir='ltr'><strong>quam</strong></span> <span class='ocrx_word' id='word_1_371' title='bbox 1271 4281 1343 4354; x_wconf 90' lang='lat' dir='ltr'><strong>post</strong></span> 
     </span>
     <span class='ocr_line' id='line_1_41' title="bbox 139 4369 1344 4454; baseline 0 -20"><span class='ocrx_word' id='word_1_372' title='bbox 139 4369 298 4435; x_wconf 69' lang='lat' dir='ltr'><strong>cunnum</strong></span> <span class='ocrx_word' id='word_1_373' title='bbox 322 4379 355 4434; x_wconf 91' lang='lat' dir='ltr'><strong>et</strong></span> <span class='ocrx_word' id='word_1_374' title='bbox 377 4372 548 4452; x_wconf 84' lang='lat' dir='ltr'><strong>Apostolos</strong></span> <span class='ocrx_word' id='word_1_375' title='bbox 574 4374 620 4454; x_wconf 92' lang='lat' dir='ltr'><strong>pii</strong></span> <span class='ocrx_word' id='word_1_376' title='bbox 646 4373 831 4436; x_wconf 85' lang='lat' dir='ltr'><strong>Decessores</strong></span> <span class='ocrx_word' id='word_1_377' title='bbox 856 4370 955 4434; x_wconf 88' lang='lat' dir='ltr'><strong>nostri</strong></span> <span class='ocrx_word' id='word_1_378' title='bbox 971 4371 1059 4435; x_wconf 91' lang='lat' dir='ltr'><strong>uobis</strong></span> <span class='ocrx_word' id='word_1_379' title='bbox 1080 4372 1287 4453; x_wconf 84' lang='lat' dir='ltr'><strong>tradiderunt,</strong></span> <span class='ocrx_word' id='word_1_380' title='bbox 1311 4381 1344 4436; x_wconf 89' lang='lat' dir='ltr'><strong>et</strong></span> 
     </span>
     <span class='ocr_line' id='line_1_42' title="bbox 139 4468 1344 4550; baseline -0.002 -18"><span class='ocrx_word' id='word_1_381' title='bbox 139 4489 206 4548; x_wconf 76' lang='lat' dir='ltr'><strong>qum</strong></span> <span class='ocrx_word' id='word_1_382' title='bbox 221 4473 404 4533; x_wconf 74' lang='lat' dir='ltr'><strong>temtantes·</strong></span> <span class='ocrx_word' id='word_1_383' title='bbox 419 4471 470 4534; x_wconf 89' lang='lat' dir='ltr'><strong>hie</strong></span> <span class='ocrx_word' id='word_1_384' title='bbox 493 4471 639 4548; x_wconf 89' lang='lat' dir='ltr'><strong>obtinuit,</strong></span> <span class='ocrx_word' id='word_1_385' title='bbox 656 4471 842 4533; x_wconf 88' lang='lat' dir='ltr'><strong>intemerata</strong></span> <span class='ocrx_word' id='word_1_386' title='bbox 861 4489 1015 4550; x_wconf 90' lang='lat' dir='ltr'><strong>sempera</strong></span> <span class='ocrx_word' id='word_1_387' title='bbox 1038 4490 1096 4545; x_wconf 90' lang='lat' dir='ltr'><strong>me,</strong></span> <span class='ocrx_word' id='word_1_388' title='bbox 1114 4476 1261 4549; x_wconf 86' lang='lat' dir='ltr'><strong>quantum</strong></span> <span class='ocrx_word' id='word_1_389' title='bbox 1278 4468 1344 4532; x_wconf 88' lang='lat' dir='ltr'><strong>lieri</strong></span> 
     </span>
     <span class='ocr_line' id='line_1_43' title="bbox 138 4565 1344 4650; baseline -0.002 -22"><span class='ocrx_word' id='word_1_390' title='bbox 138 4575 251 4646; x_wconf 78' lang='lat' dir='ltr'><strong>posset,</strong></span> <span class='ocrx_word' id='word_1_391' title='bbox 279 4572 466 4630; x_wconf 84' lang='lat' dir='ltr'><strong>servaretur.</strong></span> <span class='ocrx_word' id='word_1_392' title='bbox 517 4567 589 4631; x_wconf 87' lang='lat' dir='ltr'><strong>Non</strong></span> <span class='ocrx_word' id='word_1_393' title='bbox 615 4568 724 4650; x_wconf 80' lang='lat' dir='ltr'><strong>ignoro</strong></span> <span class='ocrx_word' id='word_1_394' title='bbox 745 4566 885 4646; x_wconf 89' lang='lat' dir='ltr'><strong>equidem</strong></span> <span class='ocrx_word' id='word_1_395' title='bbox 905 4567 962 4630; x_wconf 90' lang='lat' dir='ltr'><strong>boc</strong></span> <span class='ocrx_word' id='word_1_396' title='bbox 985 4567 1065 4630; x_wconf 79' lang='lat' dir='ltr'><strong>forte</strong></span> <span class='ocrx_word' id='word_1_397' title='bbox 1088 4566 1187 4629; x_wconf 88' lang='lat' dir='ltr'><strong>miuus</strong></span> <span class='ocrx_word' id='word_1_398' title='bbox 1213 4567 1279 4627; x_wconf 83' lang='lat' dir='ltr'><strong>fore</strong></span> <span class='ocrx_word' id='word_1_399' title='bbox 1304 4565 1344 4626; x_wconf 88' lang='lat' dir='ltr'><strong>ad</strong></span> 
     </span>
    </p>
   </div>
   <div class='ocr_carea' id='block_1_5' title="bbox 0 0 1590 5194">
    <p class='ocr_par' dir='ltr' id='par_1_5' title="bbox 0 0 1590 5194">
     <span class='ocr_line' id='line_1_44' title="bbox 0 0 1590 5194; baseline 0 0"><span class='ocrx_word' id='word_1_400' title='bbox 0 0 1590 5194; x_wconf 95' lang='lat' dir='ltr'><strong> </strong></span> 
     </span>
    </p>
   </div>
  </div>
 </body>
</html>
