3044 5180
106 340 225 390 numer.
239 317 316 401 run]
543 340 583 380 ne
597 340 891 383 rnnnssrrnsrroue.
1253 329 1311 386 333

109 482 172 540 Jo.
181 483 215 540 ri.
225 483 269 540 70.
291 480 352 540 Nec
361 479 509 574 perticuli
522 485 594 559 sipi,
609 482 631 542 J
633 501 659 542 ο.
671 482 744 542 xvii.
755 485 802 559 la,
810 482 912 562 (quum
926 479 1130 542 riome'dicitur
1143 483 1262 560 periisse
1276 505 1314 544 cx

110 561 246 619 omnibus
259 559 303 635 iis,
319 577 370 636 qni
386 559 667 637 meminerimus,
686 564 743 622 nse
751 563 833 642 filisu
840 561 1022 643 perditionis)
1037 571 1082 622 eet
1095 564 1247 640 ecceptbc,
1263 564 1316 624 sed

109 641 299 716 adrerum
315 646 348 699 ut
369 657 446 718 sepe
465 639 544 718 slibi,
559 662 618 702 non
631 651 664 702 ut
686 643 847 720 excipiatur
860 642 956 704 Judas
970 663 1008 702 ex
1025 642 1148 719 illisqui
1167 643 1227 704 dati
1248 652 1316 705 sunt

112 721 235 793 Christo,
260 728 290 779 et
312 738 371 778 non
389 720 544 798 perierunt,
568 721 620 780 sed
640 723 745 782 utillis
765 730 944 800 opponatur;
974 731 1007 780 nt
1028 730 1126 800 pateat
1147 741 1206 783 non
1226 723 1315 784 finisse

21 789 23 836 l
112 798 212 858 dntnni
233 799 359 874 Christo,
387 799 458 876 quie.
483 800 569 878 periit
595 809 629 862 ut
655 801 733 864 filius
759 801 939 880 perditionis,
968 801 1008 860 id.
1037 801 1126 861 exitio
1145 803 1207 880 jem
1230 811 1316 863 antea

114 879 245 938 devotus.

159 958 261 1017 XXV.
281 957 383 1017 Inaiti'o
403 959 433 1017 in
454 961 553 1035 oleant,
576 961 634 1019 elic
654 969 698 1020 est
718 970 844 1020 extense
863 961 1015 1020 mentionis
1033 979 1085 1038 per
1098 961 1314 1040 professionem,

113 1038 173 1096 alia
185 1046 228 1096 est
240 1037 359 1096 interne
379 1039 578 1098 communiente
598 1040 749 1117 perfidem
770 1040 948 1117 salvificam
970 1041 1007 1100 nb
1027 1041 1079 1100 'ille
1097 1051 1254 1120 potuerunt
1272 1063 1314 1102 rc·

17 1141 18 1160 ι
114 1116 206 1176 scindi
227 1115 336 1192 Judori,
359 1119 409 1195 qui
431 1137 484 1194 pro
505 1119 612 1196 popule
636 1120 691 1180 Dei
712 1121 901 1197 habebuntur,
926 1121 980 1180 Ro.
995 1121 1036 1180 xi.
1056 1123 1104 1198 23,
1129 1121 1257 1180 sednon
1279 1121 1316 1180 eb

16 1211 18 1230 ι
114 1196 178 1272 iste,
198 1215 262 1272 que
284 1196 386 1256 electis
406 1198 522 1275 propria
543 1206 596 1275 est,
617 1208 646 1258 ct
667 1208 711 1258 est
724 1199 921 1260 immutabilis.
964 1200 1034 1259 Alie
1056 1210 1123 1262 sunt
1145 1209 1316 1280 argumenta

14 1303 17 1406 l

112 1295 241 1414 ‘timelio
257 1275 416 1354 Apostesia
432 1277 602 1337 Sanctorum
617 1277 784 1356 afferuntur,
794 1297 858 1357 qnae
867 1280 932 1340 leco
945 1280 983 1339 de
996 1282 1212 1341 Perseveruntic
1226 1301 1313 1341 excu-

140 1375 173 1413 en
219 1399 228 1414 .

561 1595 748 1671 Qunsmo
769 1597 865 1657 xm.

113 1752 258 1831 infidelit
267 1753 360 1828 possit
372 1771 429 1812 esre
442 1762 534 1812 cerne
547 1757 582 1814 de
595 1757 740 1816 Electione
752 1775 814 1832 eun,
829 1757 1002 1834 certitudine,
1016 1777 1074 1817 non
1088 1767 1194 1817 mntem
1208 1762 1312 1836 conpec-

153 1832 295 1970 ffitret
316 1833 428 1909 ιιιοναὶὶ,
445 1835 496 1893 red
510 1834 658 1912 infcutbtti,
676 1845 703 1895 et
714 1836 810 1915 ficiet!
839 1835 899 1894 Ait.
919 1845 1011 1897 contr.
1026 1837 1193 1898 Pontificios
1209 1847 1240 1898 et
1257 1839 1313 1897 Re-

154 2069 178 2129 1.
200 2069 325 2129 Asserta
350 2070 524 2131 Gertimdine
551 2075 683 2150 objectim
711 2073 877 2149 Electicnis,
908 2074 953 2133 De
979 2075 1130 2150 subjectiva
1151 2073 1314 2150 dicendum,

113 2169 199 2227 quum
214 2148 363 2209 Pontificii
387 2158 417 2208 et
439 2151 604 2212 Armininni
625 2153 732 2232 puriter
754 2153 946 2232 impugnent:
975 2153 1115 2228 Quamvis
1136 2171 1206 2212 vcro
1230 2154 1316 2231 plene

113 2231 176 2306 eins
188 2229 324 2288 ιιιοιιιὶο
346 2228 384 2287 ad
399 2229 495 2290 locum
509 2231 545 2291 de
559 2233 773 2293 Justificatione
793 2241 823 2293 et
838 2232 1057 2292 Perseverautia
1076 2232 1226 2310 pertineat,
1248 2233 1317 2312 quia

113 2319 210 2368 temen
223 2309 302 2367 cirea
315 2308 474 2370 Electionis
488 2311 648 2371 doctrinam
662 2321 796 2372 movetur
816 2312 903 2372 etiam
918 2313 1045 2388 Questio
1066 2313 1128 2372 hsce
1149 2313 1186 2372 cb
1200 2312 1315 2372 Adver-

112 2387 205 2462 scriis,
221 2387 259 2447 de
274 2407 309 2446 ea
322 2391 421 2466 paucis
435 2399 480 2450 cst
493 2391 647 2468 egendum.

132 2536 137 2552 ,
329 2532 335 2544 ,
435 2470 478 2530 ΙΙ.
502 2471 715 2532 Pontificiorum
738 2472 880 2532 sententia
893 2490 951 2531 non
972 2472 1078 2532 certius
1098 2479 1194 2550 potest
1207 2471 1315 2550 colligi,

121 2531 346 2637 cugiffict·
372 2569 458 2626 quam
473 2570 511 2609 ox
526 2551 648 2610 conscii
662 2551 823 2611 Tridentini
836 2551 961 2628 aemio,
975 2553 1052 2612 een.
1065 2555 1092 2611 c.
1105 2573 1130 2612 o.
1146 2553 1174 2611 s.
1189 2553 1315 2612 sicano.

378 2631 756 2708 13,14‚15,qu0cNegat
776 2651 942 2708 quemquam
961 2633 1032 2692 scire
1047 2652 1132 2708 posse
1153 2633 1317 2692 certitudine

102 2709 184 2787 fidei,
195 2709 243 2767 cni
254 2729 310 2768 non
318 2717 413 2785 potest
423 2711 530 2768 cedmae
535 2713 653 2786 falsum,
669 2731 698 2770 se
708 2711 835 2788 predum
848 2713 907 2770 Dei
919 2721 1100 2772 coraeecutnm.
1123 2712 1219 2789 Negat
1232 2731 1314 2790 opor·

112 2798 182 2864 tere,
199 2789 314 2866 eosqui
328 2807 395 2847 vere
405 2788 557 2866 justificati
574 2798 650 2864 sunt,
665 2791 773 2867 absque
790 2790 851 2849 ullu
864 2792 981 2851 omnino
994 2791 1174 2850 dubitatione
1191 2791 1269 2870 cpud
1286 2809 1317 2849 sc

112 2877 240 2928 statuere
252 2887 282 2926 se
293 2887 356 2926 csse
364 2867 546 2946 justificatos.
569 2870 609 2928 Et
618 2869 770 2928 anctheme
784 2869 939 2929 denunciet
947 2871 990 2928 illi
1001 2870 1051 2947 qui
1058 2871 1170 2945 detumit,
1182 2871 1318 2930 boniacus

111 2957 277 3006 meamet
277 2947 599 3025 juen'ficunimteneriex
598 2951 660 3028 fide
668 2951 881 3007 adcredenduni
888 2969 918 3006 se
926 2959 1000 3008 certo
1009 2969 1066 3008 ecre
1075 2969 1235 3008 eenumero
1238 2969 1318 3026 prc-

114 3027 325 3086 datirintcrum.
367 3027 450 3088 Licet
463 3047 533 3087 vcro
547 3028 583 3088 de
598 3028 740 3088 mittentia
760 3026 869 3086 decreti
891 3027 1028 3105 Synodici
1042 3047 1100 3086 non
1114 3027 1185 3086 setis
1199 3028 1274 3087 inter
1287 3047 1319 3086 se

116 3107 297 3166 consentiant
319 3104 498 3183 Adversarii,
521 3107 586 3167 ullis
607 3127 671 3166 eam
692 3106 730 3165 ad
750 3106 930 3166 certitudinis
952 3106 1206 3180 confirmationem,
1231 3125 1318 3183 quern

113 3186 277 3261 tuebuntur,
292 3185 357 3243 aliis
370 3185 409 3244 ad
422 3187 486 3264 ejus
500 3187 743 3265 oppugnationem
764 3185 953 3261 trahentibus,
975 3185 1099 3264 singulis
1113 3203 1228 3244 sensum
1244 3185 1317 3245 Con·

114 3266 175 3325 essii
189 3264 354 3324 versatilem
369 3265 406 3323 ud
427 3285 508 3324 suam
522 3267 694 3344 vertig'nem
709 3265 938 3341 inflectentibus;
962 3265 1078 3325 Certum
1092 3273 1189 3324 nmen
1209 3266 1317 3344 pleros-

113 3363 179 3422 que,
194 3353 225 3404 et
238 3345 261 3403 J
261 3344 370 3404 esnitas
383 3345 515 3424 inprimis
535 3347 576 3405 ite
589 3345 662 3405 illud
675 3345 865 3423 interpretari,
887 3345 966 3422 quod
979 3343 1073 3405 fidelis
1094 3365 1132 3404 ex
1146 3345 1320 3423 conjecturis

113 3433 143 3483 et
157 3424 251 3502 signis
271 3423 468 3500 probabilibus
482 3425 616 3504 equidem
637 3425 674 3484 de
687 3425 783 3484 future
796 3424 933 3484 felicitate
948 3444 1000 3485 sua
1019 3425 1093 3486 bene
1107 3445 1231 3502 sperare,
1247 3423 1321 3486 nihil

113 3513 213 3563 minen
227 3511 306 3562 certo
321 3504 500 3580 concludere,
516 3505 564 3563 vel
578 3505 748 3564 certitudine
762 3504 831 3563 fidei
844 3504 880 3564 de
894 3523 929 3564 ee
942 3525 1116 3584 cognoscere
1130 3505 1231 3582 possit

273 3647 279 3660 ,
441 3584 502 3643 ΙΙΙ.
524 3583 687 3642 Arminieni
703 3593 812 3662 negent
832 3583 894 3644 duri
919 3585 1008 3646 ullum
1034 3605 1150 3644 sensnm
1171 3583 1321 3646 electionis

161 3649 196 3695 Β*
207 3647 330 3748 ffb
380 3663 410 3720 in
423 3665 478 3721 hec
492 3663 554 3723 vita
573 3663 629 3722 nisi
643 3663 879 3739 conditionatum,
901 3673 931 3723 ct
943 3664 1089 3724 landabile
1110 3685 1144 3722 ac
1163 3663 1234 3722 utile
1256 3681 1320 3722 esse

195 3720 211 3749 ⁰
258 3719 290 3749 m.
379 3742 489 3802 ducunt
497 3741 637 3819 dubitare,
649 3743 716 3801 cuii
727 3763 838 3820 semper
852 3743 940 3803 futuri
955 3745 1053 3818 simus,
1064 3743 1114 3818 qui
1124 3761 1201 3800 nunc
1212 3760 1320 3817 sumus,

115 3833 150 3882 nt
161 3824 321 3900 lequuntur
335 3821 494 3881 Collctorcs
509 3822 598 3898 Heg'u
637 3822 783 3882 Verentur
796 3842 836 3882 sc.
851 3841 887 3880 no
902 3821 1044 3881 certitudo
1057 3821 1124 3880 talis
1139 3820 1177 3878 sit
1189 3827 1321 3896 peccato·

119 3901 200 3960 ribus
215 3903 279 3961 loco
299 3900 468 3980 pulvinaris,
491 3921 549 3978 quo
570 3901 680 3979 seipsos
700 3901 825 3960 molliter
844 3900 951 3975 fovere,
973 3910 1002 3960 et
1011 3901 1139 3960 suaviter
1158 3898 1321 3957 demulcere

120 3981 246 4056 possint,
268 3980 357 4042 Unde
371 3979 499 4039 sufficere
521 3981 696 4039 arbitrentur
715 3999 778 4038 cem
798 3979 1008 4055 certitudinem,
1030 3999 1088 4056 qun
1101 3976 1202 4036 fideles
1216 3977 1320 4051 sciunt,

118 4079 156 4136 se,
172 4059 314 4140 siquidem
328 4059 359 4118 in
372 4057 429 4118 fide
442 4069 635 4138 perseverent,
647 4077 849 4136 permansuros
862 4057 893 4115 in
908 4059 964 4116 Dei
978 4058 1080 4134 gretie,
1092 4063 1121 4116 et
1134 4057 1225 4114 vitem
1239 4064 1320 4114 ceter·

117 4159 181 4198 nem
195 4148 421 4213 consecuturos3
442 4138 482 4199 id.
497 4139 697 4198 certitudinem
718 4136 949 4213 conditionalem,
971 4157 1030 4196 non
1046 4134 1218 4210 absolutam,
1233 4134 1321 4210 idque

117 4217 152 4278 de
167 4219 305 4297 praesenti
319 4216 508 4294 solummodo,
531 4237 589 4277 non
603 4218 640 4277 de
654 4216 759 4276 nnio.
802 4215 881 4274 Fons
902 4216 1005 4274 erroris
1025 4223 1078 4290 est,
1100 4214 1178 4273 falsu
1192 4215 1228 4272 dc
1249 4213 1323 4273 elec·

116 4299 193 4358 tione
207 4298 316 4376 opinio,
338 4315 425 4374 quum
439 4296 555 4357 demum
575 4298 606 4355 in
626 4295 748 4354 articulo
768 4294 869 4353 mortis
889 4294 1026 4371 compleri
1046 4295 1135 4370 cium,
1151 4314 1224 4353 curn
1238 4301 1322 4352 antec

116 4377 291 4456 incompleta
311 4375 406 4450 buerit,
422 4383 454 4434 nt
467 4377 596 4454 quandiu
609 4375 675 4453 quis
688 4375 718 4431 in
732 4373 810 4432 vivis
823 4380 876 4449 est,
897 4373 1019 4451 singulis
1033 4374 1186 4434 momentis
1200 4371 1322 4432 deficere

115 4457 330 4535 possitneque
344 4454 429 4532 plane
443 4456 575 4516 dubitare
588 4455 692 4514 debent
706 4454 742 4513 de
757 4453 896 4514 electione
911 4473 971 4528 sue,
986 4451 1064 4531 quod
1078 4453 1106 4514 ei
1119 4472 1177 4512 non
1191 4461 1322 4512 constare

107 4538 211 4615 possit,
227 4557 266 4596 an
282 4535 321 4595 ad
334 4533 421 4592 finem
434 4553 526 4613 nsque
541 4535 578 4594 sit
591 4541 834 4612 perseveraturus.
