3152 5178
91 370 223 422 oum.
237 351 339 434 mu]
530 369 570 410 nr
584 369 643 412 oso
657 328 726 429 uro,
741 369 780 411 nr
793 371 892 412 narso.
1256 357 1314 415 237

140 511 247 574 XIX.
270 511 361 572 Falso
369 509 541 589 Epibcopius
553 509 698 589 pertendit
712 510 831 572 Petrum
841 509 1120 572 Ante-Nicaenorum
1133 511 1219 572 eliam
1229 512 1317 573 fidem

88 592 218 652 sitisse:
240 593 319 652 Nam
343 599 510 652 constanter
530 590 586 652 hoc
606 590 713 669 dogma
732 599 763 650 et
783 593 923 651 creditum
944 599 974 650 et
994 591 1156 652 consessum
1176 592 1265 652 titisse
1279 613 1318 652 ex

89 673 238 748 Justino,
254 671 457 750 Athenagora,
479 671 603 749 Ignetio,
625 680 656 731 et
675 671 740 730 eliis
760 671 845 732 feeile
864 671 977 732 ostendi
998 681 1110 750 potest;
1133 673 1173 731 Et
1186 672 1237 730 ille
1255 673 1319 751 ipss

91 751 253 812 confessio
263 752 336 812 fidei
348 771 437 831 quem
448 751 621 829 Episcopiue
630 759 771 811 memoret
783 751 839 811 hoc
853 752 924 811 setis
937 759 1073 812 testetur:
1088 752 1232 846 puomodo
1241 754 1318 812 euim

88 839 243 910 poterunt
257 831 379 892 credere
397 831 429 890 in
443 830 568 907 Putrem,
584 829 693 891 Filium
707 839 738 891 et
760 832 780 892 S
801 831 898 892 iritum
915 831 1060 908 Sanctum,
1074 832 1134 891 mei
1147 832 1319 892 Trinitatem

88 910 328 972 credidissent?
348 912 411 972 Nee
425 911 538 989 concipi
550 918 647 989 petest
667 930 754 988 quom
794 919 884 971 otsrn
899 911 994 971 subito
1008 922 1038 972 et
1051 912 1198 990 inopinato
1213 912 1319 972 Arium

86 991 304 1051 reluctantem
328 999 388 1050 tam
401 990 575 1052 unanimiter
589 992 648 1050 318
670 989 772 1051 Patres
793 991 1041 1068 condemnassent,
1056 991 1114 1051 uisi
1126 1001 1205 1052 certe
1217 991 1320 1053 fuisset

86 1070 182 1148 apud
197 1071 331 1130 Veteres
344 1071 407 1131 hece
422 1069 573 1131 sententie.
616 1069 739 1130 Socinus
753 1089 822 1130 saue
835 1071 960 1149 ingenue
974 1071 1087 1149 letetur,
1106 1091 1138 1132 se
1151 1092 1170 1131 a
1183 1072 1320 1132 Patribus

87 1163 123 1210 et
139 1151 298 1210 Consiliis
311 1151 367 1210 hac
380 1151 412 1209 in
425 1159 507 1229 parte
520 1149 682 1210 dissentire.

134 1230 227 1290 XX.
245 1230 318 1290 Hoc
330 1250 401 1290 vero
415 1229 457 1290 ite
470 1249 501 1290 se
511 1229 625 1306 hebere,
638 1249 676 1288 ex
686 1228 789 1308 priscis
799 1228 954 1307 primorum
969 1231 1130 1292 seculorum
1141 1251 1206 1309 que
1220 1251 1319 1310 super·

86 1317 168 1370 sunt
183 1309 392 1370 monumentis
405 1329 464 1370 non
477 1308 598 1369 obscure
612 1309 711 1388 colligi
724 1317 837 1388 petest;
860 1309 957 1370 Peuce
970 1319 1082 1371 tautum
1100 1332 1138 1371 ex
1156 1312 1255 1372 multis
1269 1312 1319 1371 de·

87 1409 175 1450 mus.
189 1390 317 1449 Plinius
330 1389 437 1451 Juuior
449 1388 481 1447 in
493 1389 577 1466 epist.
592 1388 630 1448 ed
643 1389 801 1467 Trejeu'um
814 1390 865 1450 lib.
885 1411 916 1450 x.
925 1391 1019 1469 epist.
1034 1393 1082 1468 97,
1098 1390 1135 1451 de
1149 1391 1321 1452 Christianis

86 1470 241 1548 loquens,
254 1469 401 1529 doceteos
410 1468 534 1528 coluisse
543 1467 689 1529 Christum
699 1479 733 1530 ut
742 1470 836 1530 Deum
847 1493 854 1530 :
867 1472 885 1504 “
897 1469 947 1529 Illi
956 1472 1098 1548 tentum,’'
1108 1471 1210 1550 inquit,
1222 1471 1320 1531 “affir-

88 1549 229 1609 mnbaut
243 1550 324 1608 hano
338 1548 427 1609 luisse
441 1567 583 1609 summam
596 1549 645 1608 vel
659 1549 751 1628 eulpae
765 1569 833 1627 eure,
848 1549 897 1610 vel
911 1550 1023 1628 erroris,
1039 1551 1118 1630 quod
1131 1560 1229 1612 essent
1243 1551 1322 1611 soliti

89 1638 179 1690 stato
196 1629 251 1689 die
261 1637 331 1688 ante
344 1629 439 1689 lucem
453 1627 616 1706 convenire,
627 1647 799 1707 carmenque
808 1629 923 1690 Christo
931 1631 1015 1710 qussi
1026 1632 1089 1691 Deo
1103 1631 1207 1709 dicere,
1223 1651 1321 1691 secum

89 1709 247 1786 invicem,
258 1727 350 1786 seque
358 1715 539 1788 recremento
547 1727 606 1767 non
619 1708 650 1767 in
659 1709 753 1768 scelus
762 1709 880 1788 aliquod
889 1711 1077 1789 obstringere,
1084 1711 1136 1771 sed
1144 1731 1180 1772 ne
1189 1711 1274 1788 furta,
1284 1731 1322 1772 ne

89 1789 275 1864 lenocinia,
282 1807 320 1848 ue
327 1787 471 1848 adulteris
480 1787 699 1865 committerent,
708 1807 746 1848 ne
753 1788 841 1849 fidem
846 1789 987 1866 fallerent,
997 1809 1034 1850 ne
1043 1790 1206 1869 depositum
1214 1791 1321 1870 spella-

88 1871 116 1930 ti
131 1869 361 1947 abnegares&
391 1866 504 1943 Quibus
521 1867 619 1928 verbis
632 1875 755 1929 testatur
768 1868 881 1928 Plinius
895 1869 1082 1947 Christienos,
1099 1870 1256 1930 Dominum
1269 1871 1322 1932 Je-

90 1970 166 2010 sum
180 1948 341 2010 Christum
354 1955 493 2026 tanquam
504 1947 599 2008 Deum
611 1948 757 2025 habuisse,
766 1957 797 2008 et
809 1949 892 2007 illum
906 1949 986 2008 cultu
1000 1948 1108 2024 divino,
1123 1957 1153 2009 et
1166 1949 1324 2028 doxologis

90 2029 253 2108 religiose
266 2047 331 2090 esse
339 2036 511 2104 veneretos3
534 2027 613 2105 quod
626 2026 823 2088 testimonium
837 2027 874 2086 eb
887 2028 958 2107 ipsis
971 2028 1105 2088 hostibus
1117 2029 1248 2106 petitum,
1263 2048 1323 2089 non

91 2112 221 2188 patitur
241 2128 300 2168 nos
313 2108 446 2169 dubitere
460 2107 497 2166 de
516 2107 574 2166 fide
594 2108 751 2187 primorum
766 2107 1002 2168 Christianorum.
1044 2107 1165 2168 Tertull.
1185 2128 1219 2168 eo
1232 2110 1323 2187 respi-

92 2191 200 2264 ciens,
213 2188 326 2266 Apolo.
338 2209 363 2249 c.
378 2188 409 2248 ii.
425 2186 551 2248 Plinium
560 2187 719 2248 secundum
732 2187 770 2247 ed
784 2187 941 2265 Trcjsnum
952 2187 1125 2248 scribentem
1139 2187 1175 2248 de
1185 2188 1322 2248 Christis·

92 2271 157 2344 nis,
175 2269 261 2328 nihil
275 2268 356 2328 aliud
366 2287 398 2328 se
411 2267 448 2328 de
462 2286 560 2326 eorum
571 2267 757 2328 sacrementis
771 2267 944 2344 comperisse
958 2267 1007 2345 eit,
1022 2288 1109 2346 quem
1123 2277 1206 2328 cese
1216 2271 1323 2328 ceule·

96 2369 200 2410 curros
213 2351 262 2409 ad
272 2350 430 2408 canendum
446 2347 557 2408 Ctn'rto
570 2357 602 2407 et
614 2350 687 2424 Deo,
703 2347 745 2407 sie
758 2347 836 2407 enim
849 2347 1006 2426 legendum
1023 2367 1095 2426 esse,
1110 2369 1170 2409 non
1182 2356 1216 2409 ut
1232 2349 1323 2427 vulgo

95 2429 232 2509 legitur,
250 2428 365 2489 Cler'eto
378 2437 406 2488 et
417 2430 490 2504 Dec,
504 2428 595 2488 verbe
615 2427 704 2488 Plinii
715 2427 827 2506 liquido
840 2428 1005 2505 ostendunt,
1021 2437 1051 2489 et
1071 2447 1109 2488 ex
1129 2448 1164 2490 eo
1178 2429 1324 2490 Eusebius

97 2509 133 2569 in
148 2509 272 2569 Chron
286 2527 316 2588 p.
330 2509 399 2586 209,
415 2506 495 2568 Edit.
511 2507 618 2586 Soalig.
1021 2521 1027 2538 ‘

143 2589 257 2648 XXI.
279 2589 414 2649 Clemens
428 2587 576 2648 &munus
590 2587 621 2646 in
634 2587 717 2666 epist.
738 2587 777 2648 ad
790 2589 919 2650 Corinth.
938 2609 1024 2669 opere
1042 2589 1169 2668 genuino
1183 2598 1213 2650 et
1225 2597 1323 2650 vetus-

100 2669 183 2731 tatis
199 2668 386 2745 veuerendae,
408 2667 445 2728 de
466 2667 581 2728 Christo
600 2667 729 2746 loquitur
748 2688 807 2728 nou
826 2678 860 2730 ut
879 2671 995 2730 homine
1015 2679 1137 2748 tuntum,
1160 2670 1212 2730 sed
1232 2670 1268 2728 de
1289 2688 1324 2730 eo

100 2769 205 2828 quem
220 2749 288 2808 Deo
309 2749 484 2827 conjungere
504 2766 563 2808 non
575 2757 693 2808 veretur
711 2767 770 2808 une
790 2768 856 2808 cum
879 2750 988 2828 Spiritu
1011 2751 1041 2810 S.
1062 2771 1129 2829 pag.
1144 2753 1193 2827 20,
1213 2753 1270 2826 οὐχὶ
1284 2748 1325 2808 iia

100 2831 164 2890 Νι
178 2827 282 2905 ἐ’χιμα,
296 2833 342 2887 ui
355 2832 396 2888 int
407 2854 518 2910 maner,
532 2832 578 2886 ui
591 2825 612 2887 ἵν
621 2833 716 2906 πνεῦμα
727 2829 830 2910 pipern
840 2835 868 2888 ri
882 2831 979 2908 laxetir
989 2829 1026 2900 ἰφ’
1034 2832 1112 2907 ν’μὶςς
1128 2831 1231 2889 Annon
1239 2850 1326 2889 unum

103 2913 254 2972 taem
266 2911 361 2968 Deum
369 2919 397 2969 et
408 2929 494 2968 unum
509 2907 658 2984 Clo-istam,
674 2917 702 2969 et
713 2929 799 2968 unum
812 2911 950 2986 Spiritum
961 2913 1064 2988 pratiae
1077 2911 1106 2969 in
1119 2929 1170 2968 noe
1184 2911 1326 2986 splenem!

103 3001 137 3052 et
152 2989 274 3050 ibidem
288 3009 356 3049 eum
368 2997 455 3049 vocet
467 2998 607 3066 coeptum
619 2990 780 3065 Majcrtoteb
793 2990 903 3065 divim,
917 2997 951 3049 ut
970 2991 1052 3049 illum
1066 2990 1103 3049 ab
1117 2988 1220 3048 humili
1233 2989 1325 3048 homi·

104 3091 188 3132 num
203 3077 285 3130 sorte
298 3069 415 3128 eximet.
438 3067 583 3130 Aristides
597 3069 647 3148 qui
661 3068 738 3128 vixit
749 3068 836 3146 peulo
849 3076 916 3146 post
925 3069 1101 3129 Clementem
1116 3069 1201 3128 Rom.
1216 3075 1325 3145 tempo-

105 3153 201 3212 ribus
215 3149 295 3209 AElii
308 3148 432 3210 Adriani
444 3149 523 3209 idem
537 3149 687 3209 confirmet
699 3147 731 3207 iu
745 3147 894 3226 Apologis
907 3168 959 3209 sue
972 3147 1070 3208 oblate
1082 3146 1215 3206 Adriano
1230 3147 1326 3226 Impe-

106 3231 219 3306 neon,
235 3229 321 3309 cujus
333 3229 465 3290 meminit
473 3229 581 3289 Euseb.
596 3229 627 3287 in
635 3227 752 3288 Chroni.
767 3235 797 3288 et
811 3227 913 3288 Hiero.
923 3228 954 3287 in
968 3227 1060 3287 Cetel.
1076 3227 1254 3306 Scriptorum
1269 3227 1326 3287 Ec-

108 3309 360 3385 clesiasticorum,
374 3317 404 3369 et
416 3308 557 3386 imprimis
566 3307 809 3388 Martyrologium
818 3309 904 3369 Rom.
913 3307 1151 3384 vetustissimum,
1166 3307 1250 3386 eujus
1264 3308 1327 3368 brec

111 3399 191 3452 sunt
204 3390 316 3450 verba:
335 3390 467 3449 Adriano
480 3389 611 3466 Prmapi
622 3391 657 3450 dc
669 3389 816 3466 Relipione
832 3388 995 3449 Chre'etium
1014 3391 1141 3449 columen
1155 3389 1251 3448 obtulit
1263 3409 1326 3448 noe·

112 3470 656 3549 eidoqvnaceemmtmratmm,
678 3479 704 3528 et
724 3469 942 3546 quedCtn'stroe
957 3471 1042 3530 Jeeue
1061 3472 1136 3528 soture
1156 3472 1326 3546 essteree

109 3559 260 3630 prasente
270 3551 332 3628 t'pm
340 3551 525 3628 Imperatore,
536 3550 745 3608 tremerem
750 3550 908 3627 peroravit.
937 3551 1004 3611 Non
1014 3549 1140 3610 absimili
1148 3550 1267 3626 ratione,
1277 3552 1327 3627 Ip-

114 3633 216 3691 mte'rc
226 3630 348 3708 inepist
358 3629 396 3688 ed
405 3629 548 3707 Ephesios
556 3628 633 3689 idem
638 3629 807 3707 mysterium
816 3629 973 3708 confirmet,
979 3628 1074 3708 ἰ’χομιι,
1086 3631 1187 3708 inquit,
1198 3635 1242 3690 tar
1256 3635 1279 3688 tv
1288 3630 1329 3688 τόν

118 3711 208 3793 Kdg'ur
221 3713 289 3786 simiis
300 3713 355 3768 Scir
365 3716 445 3774 lenire
455 3715 566 3790 Xprrrlr,
581 3735 621 3767 rer
634 3714 681 3790 egl
695 3709 782 3770 sirim
796 3711 844 3769 ot'ir
856 3717 969 3787 patrastri
980 3723 1025 3771 ui
1039 3712 1121 3784 λὲγων,
1137 3709 1234 3792 durgis
1242 3658 1271 3768 le
1283 3715 1329 3768 ul

119 3791 249 3932 m
256 3793 291 3931 'B
305 3795 410 3932 Mangnr
428 3796 471 3856 ris
482 3786 713 3948 51:ngqu
726 3791 1152 3946 Hablplmppamumppummm
1174 3790 1329 3928 Dgrpt'mum

290 3891 355 3932 cum
390 3891 467 3930 mum
525 3891 566 3930 ru
648 3889 668 3929 a
725 3889 789 3930 secu
953 3891 1020 3948 cnsp
1146 3889 1202 3946 pos
1261 3889 1329 3928 vero

125 3961 153 4010 et
177 3953 318 4012 mnenon
331 3971 369 4012 ex
380 3951 485 4011 Mare
503 3950 625 4027 Vmpim,
641 3968 699 4027 quo
712 3949 848 4011 disertius
861 3950 921 4011 diei
932 3951 1005 4010 nihil
1019 3948 1122 4028 potuit.
1163 3947 1328 4008 Theodore-

125 4039 181 4110 tus,
196 4032 275 4092 Diul.
292 4034 320 4092 1.
334 4030 424 4108 hujus
442 4031 501 4090 loci
514 4030 652 4090 meminit.
673 4029 757 4090 Alibi
776 4030 808 4089 in
822 4030 916 4108 Epist.
931 4031 969 4090 ed
987 4031 1072 4089 Rom.
1088 4029 1231 4089 Clet'etum
1243 4035 1330 4088 vocet

122 4113 217 4174 Deum
229 4133 322 4188 mame,
337 4119 368 4170 et
380 4111 411 4170 in
425 4111 509 4189 epist.
523 4110 561 4170 ed
575 4109 761 4188 Magnesios,
778 4110 921 4170 Meam
934 4107 1006 4169 dicit
1023 4109 1144 4167 Verbum
1161 4107 1260 4166 Paene
1272 4127 1330 4168 nme

116 4195 300 4270 prolatitium
313 4193 366 4252 scd
373 4192 524 4252 stendale.
545 4190 751 4269 Athenagoras
762 4189 952 4283 Atheniensis
966 4187 1160 4281 Philosophus
1173 4187 1205 4245 in
1216 4185 1328 4279 Apolo-

147 4289 321 4414 ..Sitss
326 4265 1330 4430 tttttttttttttbt..writttttttt

124 4431 319 4494 bibliothece
334 4430 454 4490 Petrum
468 4431 588 4492 Fronto.
605 4429 716 4506 Ducaei,
731 4429 819 4488 fidem
835 4429 865 4489 S.
880 4427 1030 4488 lhiuitetis
1043 4446 1102 4486 non
1116 4426 1205 4486 semel
1219 4428 1328 4505 perspi·

122 4532 174 4574 cuc
187 4523 219 4576 et
231 4510 330 4574 solide
343 4509 475 4572 adstrrdt.
501 4513 540 4572 Ut
551 4514 645 4571 Deum
658 4509 816 4586 asserimus,
832 4508 974 4568 etFrtr'om
987 4507 1073 4586 epm
1091 4508 1212 4568 Verbum
1224 4517 1252 4566 et
1312 4509 1329 4555 '-

122 4591 719 4668 nemsmmmeundempoemem
741 4587 1250 4668 PutrmmFrlr'emetSpr‘ritumS.
1321 4633 1329 4650 .

123 4672 261 4736 Jmtinm
275 4671 394 4750 blsrtyr
406 4671 575 4733 veriisloeis
588 4670 665 4732 idem
678 4669 837 4750 confirmet,
853 4690 919 4751 quse
932 4669 1096 4733 exscribere
1109 4669 1229 4748 longum
1242 4669 1329 4730 nimis
