3250 5176
180 325 186 337 ·
254 309 311 367 558
753 323 845 366 16666
860 321 963 364 nonos.
1275 299 1408 384 [611661.
1424 324 1467 366 11.

254 465 341 526 Ratio
355 466 491 543 1616ρὶ616
506 464 621 540 divinae,
636 473 666 524 et
679 465 701 524 J
703 465 808 523 ustitiae
822 465 980 542 originalis,
996 483 1083 540 quam
1098 462 1231 523 Adamus
1240 485 1290 542 pro
1305 483 1337 524 se
1352 473 1384 524 et
1399 465 1468 524 suis

254 555 412 624 acceperat,
428 567 486 605 non
499 555 533 605 ut
546 546 653 604 bonum
667 545 826 621 personale,
842 554 872 604 et
886 544 941 602 sibi
958 544 1111 621 peculiare,
1127 544 1179 602 sed
1199 553 1232 604 ut
1250 545 1354 602 bonum
1376 565 1465 604 com·

253 647 348 702 mune,
365 626 445 704 quod
454 623 705 686 uansmittendum
720 624 774 682 fuit
785 624 823 682 ad
836 633 976 701 posteros,
992 625 1017 682 si
1032 625 1159 682 stetisset
1172 624 1204 681 in
1217 624 1389 702 integritate,
1402 625 1466 683 sed

254 727 312 786 quo
327 707 413 765 etiarn
428 705 569 784 privanda
588 705 643 763 fuit
663 705 727 781 ejus
747 705 910 781 posteritas,
925 705 976 763 ubi
997 705 1087 762 semel
1103 704 1204 780 lapsus
1217 704 1334 780 luisset3
1358 714 1392 764 ut
1407 705 1461 764 hic

254 786 387 845 Adamns
401 786 486 844 fuerit
499 786 590 843 instar
610 783 794 859 beneficiarii,
811 785 861 860 qui
882 784 1000 842 tendum
1019 783 1164 860 accipiens
1184 803 1203 841 6
1222 783 1339 842 domino
1350 785 1462 862 accipit

253 867 327 924 illud
345 875 375 924 et
397 865 451 924 sibi
474 872 503 922 et
524 863 656 941 posteris,
679 863 731 922 sed
751 883 786 922 ea
806 862 880 942 lege,
895 873 929 923 ut
950 864 975 923 si
995 863 1116 922 rebellet
1136 864 1276 923 adversus
1298 865 1459 942 dominum,

253 946 424 1005 beneficium
438 963 496 1002 nou
511 944 567 1002 sibi
580 943 732 1019 duntaxat,
749 943 801 1002 sed
815 955 844 1003 et
856 944 981 1021 posteris
995 944 1055 1002 suis
1069 945 1191 1003 amittat
1234 943 1318 1018 Quod
1326 943 1463 1004 Confess.

255 1025 342 1084 Galli.
354 1033 407 1082 art.
420 1026 465 1082 10.
477 1023 553 1082 61616
567 1025 695 1100 exponit,
710 1026 727 1056 ‘⁴
737 1024 808 1098 Quae
821 1024 901 1083 Deus
916 1023 1031 1083 Adam0
1040 1024 1163 1101 largitus
1177 1033 1246 1100 6161,
1262 1044 1322 1082 666
1329 1025 1384 1102 ipsi
1392 1024 1460 1099 soli,

254 1105 305 1164 sed
318 1105 405 1162 etiam
420 1103 473 1162 toti
488 1103 579 1180 ipsius
592 1104 755 1180 posteritati
764 1103 880 1163 fnemnt
894 1104 978 1163 data:
993 1123 1027 1162 ac
1044 1103 1165 1180 proinde
1178 1123 1232 1162 nos
1244 1104 1278 1162 in
1291 1103 1382 1181 ipsius
1395 1125 1463 1181 per-

254 1203 324 1243 sona
339 1183 453 1260 spoliati
467 1183 552 1242 bonis
562 1183 620 1240 illis
634 1184 777 1260 omnibns,
787 1184 819 1241 in
829 1203 942 1242 omnem
952 1185 1027 1242 hanc
1035 1184 1181 1242 miseriam
1191 1193 1220 1242 61
1228 1183 1464 1243 maledictionem

253 1264 435 1324 incidimus.’'
489 1266 517 1322 3.
541 1263 705 1323 Communia
713 1284 865 1340 panarum
884 1272 943 1322 tarn
964 1264 1151 1342 generalium,
1173 1284 1261 1342 quam
1283 1264 1465 1341 specialium,

253 1362 318 1423 quse
331 1345 362 1401 in
373 1351 504 1421 posteros
514 1362 572 1402 non
586 1343 681 1402 minus
692 1363 726 1402 ac
739 1345 771 1402 in
784 1343 931 1403 Adamum
945 1343 1136 1421 dimanarunt,
1152 1364 1217 1421 quse
1229 1345 1308 1422 juste
1322 1365 1383 1402 nou
1396 1365 1465 1422 pos·

255 1433 319 1484 sent
336 1424 438 1502 infligi,
453 1423 511 1482 nisi
532 1433 740 1500 supponeretur
760 1425 919 1484 communis
935 1424 1007 1499 Lex,
1023 1431 1053 1482 et
1073 1424 1234 1482 communis
1254 1433 1371 1499 reatus,
1394 1444 1464 1483 6661

255 1506 280 1564 si
294 1525 380 1582 poena
403 1503 518 1562 infracti
541 1503 659 1562 foederis
682 1504 720 1562 ad
741 1523 840 1564 omnes
861 1503 1035 1577 extenditur,
1051 1503 1146 1563 foedus
1166 1523 1283 1581 quoqne
1304 1505 1401 1563 611611
1421 1504 1463 1564 ad

255 1605 355 1644 omnes
370 1583 488 1644 extendi
503 1584 598 1642 debet.
639 1586 668 1641 4.
685 1585 806 1644 06116116
814 1585 922 1642 Adami
934 1592 961 1642 et
975 1583 1087 1659 &aaa
1102 1603 1190 1662 quam
1210 1584 1337 1644 instituit
1350 1579 1463 1644 Paulus¹

256 1666 341 1724 Rom.
356 1685 394 1739 v.,
411 1671 440 1722 61
456 1667 470 1721 1
488 1663 552 1722 Cor.
568 1681 628 1738 xv,
644 1682 708 1739 quae
722 1685 780 1723 non
794 1671 890 1741 potest
904 1663 1077 1723 sufficienter
1091 1665 1205 1742 salvari,
1220 1664 1280 1722 nisi
1292 1664 1385 1742 posita
1403 1665 1462 1722 im·

253 1745 401 1882 palpatione
424 1743 545 1821 peccati,
571 1762 636 1820 quae
659 1743 832 1822 respondeat
855 1744 1039 1822 imputationi
1057 1743 1187 1822 justitie,
1211 1754 1245 1803 ut
1270 1753 1372 1824 666166
1391 1765 1459 1823 616-

254 1825 292 1884 ba
313 1825 379 1884 itur.

295 1905 386 1964 XIV.
409 1903 501 1962 Poena
514 1923 601 1981 qnam
615 1913 765 1981 peccatum
786 1904 894 1964 Adami
915 1905 945 1965 in
965 1925 1019 1964 nos
1040 1905 1168 1982 accersit,
1183 1905 1232 1964 vel
1253 1914 1299 1964 est
1315 1907 1464 1982 privative

254 1985 441 2062 velpoaitioa.
483 1983 567 2042 Prior
576 1993 621 2044 661
631 1985 758 2045 carentia
768 1994 797 2045 61
810 1986 935 2064 privatio
946 1985 1069 2065 justitiae
1083 1985 1239 2062 originalis,
1254 1985 1406 2046 Posterior
1418 1995 1465 2046 est

255 2085 333 2125 mors
347 2075 409 2126 tum
423 2064 598 2142 temporalis,
614 2073 676 2126 tum
690 2073 805 2142 aeterna,
821 2075 850 2125 et
864 2066 895 2124 in
909 2087 1013 2145 genere
1024 2066 1100 2124 mala
1120 2065 1224 2140 omnia,
1240 2085 1306 2142 qum
1327 2075 1465 2144 peceato-

255 2147 336 2206 ribus
361 2145 564 2205 immittuntur.
605 2146 670 2206 Etsi
685 2147 812 2206 secunda
824 2147 987 2206 necessario
1009 2147 1138 2223 sequitur
1155 2145 1276 2222 primam
1298 2166 1337 2204 ex
1358 2155 1464 2206 natura

255 2228 306 2302 rei,
322 2227 379 2286 nisi
397 2225 558 2286 intercedat
572 2226 629 2285 Dei
648 2226 853 2302 misericordia,
869 2247 928 2286 nou
942 2227 1029 2286 debet
1048 2235 1146 2286 tamen
1166 2245 1231 2285 cum
1256 2245 1292 2284 ea
1311 2227 1463 2286 confundi.

257 2307 360 2382 Quoad
381 2308 503 2385 primam
526 2305 648 2366 dicimus
667 2305 775 2365 Adami
799 2317 948 2384 peccatum
971 2307 1055 2366 nobis
1079 2305 1215 2383 imputari
1235 2305 1404 2366 immediate
1424 2307 1464 2366 ad

254 2407 369 2466 poenam
394 2385 576 2464 privativam,
602 2386 669 2463 quia
693 2394 737 2444 est
758 2407 845 2444 causa
865 2387 1036 2463 privationis
1053 2386 1177 2462 justitie
1198 2386 1356 2464 originalis,
1373 2395 1403 2446 61
1420 2388 1464 2447 616

254 2467 466 2542 corruptionem
480 2464 649 2523 antecedere
663 2465 757 2539 debet,
770 2466 873 2523 saltem
887 2465 988 2524 ordine
1001 2473 1126 2541 naturae;
1145 2465 1204 2524 Sed
1215 2466 1311 2542 quoad
1320 2468 1463 2545 posterio-

253 2565 315 2604 rem
328 2553 424 2622 potest
438 2544 496 2602 dici
509 2543 645 2621 imputari
658 2544 781 2602 mediate
795 2544 892 2621 quoad
906 2564 1020 2622 poenam
1034 2545 1200 2622 positivam,
1216 2547 1285 2624 quia
1297 2546 1346 2606 isti
1365 2567 1465 2624 pcenm

253 2625 373 2684 obnoxii
387 2643 445 2682 non
460 2641 568 2698 661666,
583 2623 639 2682 nisi
653 2633 805 2700 postquam
819 2625 881 2682 nati
895 2632 924 2683 et
938 2625 1064 2702 corrupti
1078 2643 1188 2684 sumus.

295 2705 367 2763 XV.
390 2703 518 2780 Questio
532 2702 607 2761 redit
620 2703 658 2761 ad
670 2703 725 2762 bos
745 2704 893 2780 terminos,
909 2704 959 2762 An
979 2712 1131 2783 peceatum
1152 2705 1274 2784 Adami,
1288 2725 1343 2766 non
1364 2707 1461 2784 quod·

251 2785 331 2861 11161,
348 2785 399 2844 sed
412 2783 544 2862 primum,
559 2801 618 2842 non
631 2783 787 2861 habituale,
803 2783 855 2842 sed
869 2785 990 2862 actuale,
1005 2783 1129 2862 posteris
1150 2786 1216 2863 ejus
1230 2788 1362 2847 omnibus
1374 2797 1463 2848 6616-

255 2866 355 2924 taliter
368 2866 405 2924 ab
419 2885 453 2924 66
468 2863 598 2923 oriundis
612 2863 777 2942 imputetur,
793 2864 990 2942 imputatione,
1005 2885 1064 2924 666
1073 2865 1201 2925 mediata
1215 2876 1245 2926 et
1257 2877 1462 2945 consequente,

255 2946 307 3005 sed
320 2945 487 3005 immediata
501 2951 530 3004 61
544 2945 741 3005 antecedente.
783 2945 833 3003 Illi
854 2965 919 3005 cum
940 2945 1046 3023 quibus
1066 2945 1115 3004 hic
1136 2947 1257 3022 agimus,
1280 2948 1330 3006 val
1352 2959 1464 3025 negant

254 3027 386 3087 absolute
404 3026 632 3104 imputationem,
647 3026 696 3084 vel
716 3025 872 3085 mediatam
892 3035 1005 3086 tantum
1029 3025 1195 3096 admittunt;
1217 3025 1280 3083 Nos
1302 3047 1375 3086 vero
1396 3049 1464 3088 6616

256 3107 434 3167 Ortbodoxis
452 3115 606 3185 utrumque
621 3106 804 3182 affirmamus,
819 3115 849 3166 et
862 3105 926 3166 dari
945 3106 1167 3184 imputationem,
1182 3109 1212 3160 ct
1232 3120 1296 3160 earn
1319 3125 1387 3167 6666
1409 3110 1466 3168 im-

254 3189 410 3247 mediatam
424 3196 454 3248 et
467 3186 693 3246 antecedentem.

254 3291 378 3338 Probatur
399 3293 495 3339 6666
558 3267 648 3327 XVI.
671 3267 811 3327 Rationes
827 3275 902 3327 6661.
946 3271 973 3327 1.
989 3267 1063 3343 Quia
1078 3264 1185 3324 Paulus
1198 3263 1234 3322 ad
1249 3264 1334 3324 Rom.
1350 3285 1416 3345 cap.
1430 3289 1466 3329 v.

283 3352 415 3410 imputatio
425 3351 494 3396 Lux
518 3349 563 3421 12,
582 3349 627 3422 13,
646 3350 692 3422 14,
705 3347 769 3421 dre,
779 3349 997 3426 imputationem
1012 3349 1096 3407 istam
1110 3347 1186 3404 clare
1197 3343 1328 3422 adstruit,
1345 3348 1363 3379 “
1378 3347 1468 3412 Sicut

284 3408 354 3453 ⁸⁰⁰¹·
365 3423 387 3452 v.
399 3408 434 3454 ¹²·
516 3445 567 3503 per
581 3445 670 3484 unum
684 3427 830 3486 hominem
843 3436 993 3504 peccatum
1014 3427 1124 3486 introiit
1144 3427 1174 3484 in
1194 3425 1343 3502 mundum,
1359 3437 1389 3488 et
1409 3449 1467 3506 per

253 3509 403 3581 peccatum
417 3523 503 3578 mors,
519 3503 603 3562 etita
623 3505 654 3562 in
668 3525 768 3564 661666
782 3507 914 3566 16161666
927 3527 1005 3566 61616
1018 3506 1142 3582 transiit,
1156 3507 1187 3564 in
1201 3525 1258 3584 quo
1273 3525 1372 3566 616666
1392 3527 1462 3584 pec·

253 3589 363 3656 cerunt,
375 3579 449 3640 &c.’'
466 3582 513 3639 Ex
523 3582 629 3660 quibua
638 3585 1061 3663 1666661661616166166616.
1070 3587 1151 3646 Lllx
1160 3606 1246 3664 66666
1254 3586 1462 3663 Apostoli,qui

253 3672 298 3722 661
311 3663 432 3740 probare
441 3662 547 3741 illustri
561 3671 631 3741 typo
642 3663 859 3742 justificationis
873 3665 1033 3724 doctrinam
1046 3687 1099 3744 per
1112 3666 1327 3745 imputationem
1334 3665 1459 3743 justitiae

255 3743 370 3819 Christi,
382 3743 417 3802 de
431 3762 489 3821 qua
503 3743 618 3804 1666166
626 3744 719 3805 fuerat
728 3765 790 3822 cap.
802 3744 842 3804 iii.
853 3753 882 3804 61
891 3745 946 3822 iv.;
962 3745 1032 3823 quia
1042 3749 1120 3806 enim
1130 3747 1233 3806 mirum
1244 3745 1338 3805 videri
1345 3753 1460 3824 poterat

253 3834 283 3885 et
297 3824 445 3884 insolitum
460 3824 554 3884 aliena
564 3825 680 3903 justitia
700 3826 825 3904 aliquem
843 3825 1005 3904 justificari,
1023 3826 1182 3906 Apostolus
1202 3845 1255 3902 per
1275 3827 1461 3887 collationem

253 3905 363 3964 Adami
378 3913 407 3964 et
421 3905 529 3964 Christi
534 3909 753 3980 fiandamentum
767 3905 803 3966 ab
818 3906 950 3984 opposito
964 3907 1049 3967 istius
1066 3905 1195 3986 mysterii
1207 3905 1314 3984 probat
1333 3928 1372 3967 ex
1392 3927 1462 3967 con·

253 3985 445 4060 demnatione,
471 4005 558 4063 quam
580 3987 661 4046 Deus
684 3987 779 4047 voluit
798 3987 829 4044 in
849 4007 950 4046 omnes
969 3987 1094 4048 derivari
1113 3995 1230 4066 propter
1242 3987 1330 4046 66166
1349 3989 1465 4066 peccati

252 4065 480 4143 imputationem,
495 4075 529 4125 ut
542 4066 786 4144 quemadmodum
799 4067 933 4127 Adamas
948 4088 966 4127 a
987 4069 1050 4127 Deo
1065 4069 1158 4145 Caput
1178 4075 1208 4126 et
1231 4067 1324 4144 Stirps
1344 4069 1462 4143 generis

253 4145 372 4204 humani
386 4145 561 4206 constitutus
575 4155 627 4222 est,
643 4148 908 4225 611661666666611
923 4149 976 4222 sui,
992 4155 1021 4206 et
1035 4166 1072 4205 ex
1086 4165 1213 4206 6661616
1228 4147 1258 4204 in
1272 4165 1371 4206 omnes
1384 4147 1460 4207 deri-

252 4235 389 4285 varetur:
405 4225 451 4285 Ita
466 4225 597 4286 Christus
611 4227 685 4286 61161
699 4227 832 4286 Adamus
848 4228 941 4306 Caput
959 4228 1052 4287 factus
1072 4227 1112 4286 611
1131 4227 1262 4286 61661616
1284 4227 1460 4304 Electorurn,

252 4313 285 4364 ut
298 4325 350 4383 per
364 4305 428 4382 ejus
442 4305 636 4365 obedientiam
647 4307 817 4385 justificatio
831 4309 861 4366 in
876 4327 975 4368 omnes
990 4307 1097 4367 electos
1115 4306 1236 4366 veniret.
1278 4309 1307 4365 2.
1319 4307 1463 4386 Loquitur

202 4434 203 4438 ,
252 4385 413 4462 deprecato
422 4385 501 4463 quod
515 4387 622 4446 introiit
631 4389 661 4446 ia
671 4390 814 4462 mnndum,
827 4398 854 4447 61
857 4409 916 4466 per
923 4390 1001 4465 quod
1009 4408 1085 4447 more
1096 4388 1126 4446 ia
1136 4405 1229 4446 666166
1234 4389 1371 4464 pacarit,
1382 4387 1463 4465 quod

253 4483 312 4522 non
326 4465 364 4523 ad
378 4465 518 4542 originale
533 4473 563 4525 et
576 4467 720 4527 inhaerens
734 4475 830 4545 potest
844 4468 951 4542 referri,
967 4468 1047 4544 quod
1061 4467 1240 4546 supponebat
1261 4467 1325 4544 jam
1338 4467 1459 4544 actuale,

253 4543 304 4600 sed
319 4545 355 4601 ad
364 4545 487 4620 primum
499 4548 619 4623 actuale,
631 4568 683 4625 per
693 4547 772 4625 quod
785 4567 887 4607 revera
899 4565 979 4606 mors
993 4557 1022 4606 et
1036 4548 1066 4606 in
1081 4547 1228 4606 Adamum
1243 4557 1273 4606 at
1286 4547 1317 4605 16
1330 4555 1460 4625 66616166

251 4619 315 4695 ejus
321 4623 456 4698 pervasit,
463 4625 627 4703 quodpatat
633 4647 670 4686 ex
676 4647 705 4687 v.
715 4629 760 4704 18,
768 4627 819 4688 ubi
825 4627 960 4706 epodosis
967 4626 1311 4703 similitudinisredditur',
1318 4625 1460 4687 etmentio
