3158 5190
225 320 283 378 100
679 324 770 369 rocus
785 323 944 368 sacuuous.
1249 303 1379 386 [eumer.
1394 324 1424 366 x.

223 475 365 553 scriptum,
381 445 432 530 seu
445 469 557 529 literam
571 487 629 545 qua
642 467 724 545 pueri
738 467 915 526 elementarii
923 465 1128 542 irrfomrantur;
1142 485 1201 543 qua
1214 485 1286 525 voce
1300 485 1372 526 ersus
1382 475 1428 526 est

225 558 283 616 Isa.
310 550 414 611 xxviii.
440 552 486 626 10,
499 543 543 607 ¹ut
564 547 665 607 rudem
687 546 837 607 infantiam
858 547 959 624 populi
982 546 1134 605 Israiilitici
1156 543 1331 623 designaret,
1354 547 1425 606 dum

218 641 394 714 praeceptam
403 638 470 708 post
476 637 659 706 preceptum,
675 628 778 686 lineam
787 635 853 704 post
867 629 976 702 lineam,
992 627 1130 704 populum
1145 617 1226 684 illum
1239 625 1281 684 ait
1295 645 1359 684 esse
1374 625 1424 684 do-

224 715 348 777 cendum
361 710 452 769 instar
465 727 627 786 puerorum.
651 705 700 766 Sic
710 706 832 781 Psaltes‚
843 707 922 780 Dies,
932 707 1034 784 inquit,
1047 707 1120 764 diem
1133 708 1219 780 docet,
1235 714 1262 764 et
1274 725 1334 764 nox
1342 707 1428 765 alteri

223 794 342 856 ostendit
353 790 504 850 amentiam.
547 787 625 846 Huic
639 796 735 846 autem
749 786 816 845 voci
829 805 887 844 non
900 787 974 845 male
989 785 1142 864 respondet
1156 785 1272 860 φθὲγγος,
1288 803 1354 862 quae
1368 806 1427 844 non

223 874 310 936 modo
323 890 375 949 pro
390 888 469 943 sono,
485 867 537 927 sed
550 875 580 926 et
592 886 645 944 pro
661 865 809 944 Scriptura
821 865 913 925 literae
927 866 1058 941 sumitur,
1072 885 1129 924 non
1144 867 1228 925 aliter
1240 884 1328 942 quam
1343 865 1426 943 diph-

223 957 365 1030 thongum
380 958 409 1008 et
422 947 554 1006 vocalem
568 946 704 1024 scriptam
718 945 850 1005 dicimus.
887 945 999 1004 Deinde
1010 946 1118 1005 Paulus
1127 965 1184 1002 non
1195 946 1303 1020 allegat
1311 945 1426 1022 proprie

223 1035 301 1094 hune
317 1033 422 1104 locum,
440 1027 492 1086 sed
508 1035 620 1086 tantum
643 1025 764 1084 ellusive
787 1033 816 1084 et
832 1026 991 1102 anagogice
1012 1025 1208 1084 accommodat
1228 1025 1267 1083 ad
1286 1025 1424 1102 praedica-

224 1114 332 1174 tionem
347 1107 502 1185 Evangelii
520 1107 557 1166 ab
577 1105 728 1184 Apostolis
742 1103 856 1180 factam,
876 1105 915 1162 ad
933 1123 1049 1164 sensum
1067 1105 1263 1184 potiusquam
1284 1103 1322 1162 ad
1337 1105 1427 1163 verba

223 1213 270 1254 res
291 1189 412 1250 iciendo.

265 1213 355 1331 ivl.
377 1265 448 1326 Alia
461 1274 505 1325 est
518 1263 684 1342 ἅφναυαΐίο
697 1265 864 1340 verbormm5
885 1263 955 1323 Aha
968 1283 1038 1322 vero
1053 1263 1296 1340 interpretationes.
1326 1263 1349 1324 J
1351 1263 1426 1323 udaei

223 1356 379 1432 potuerunt
406 1363 587 1439 corrumpere
613 1345 877 1440 interpretationem
904 1344 969 1419 loci,
998 1345 1056 1402 Isa.
1085 1343 1126 1403 ix.
1149 1346 1176 1420 6,
1197 1352 1231 1437 ut
1253 1343 1344 1402 verba
1371 1345 1427 1403 ista

223 1422 1346 1582 {totthttttrttttthttttttmtrtttrtrttrttt
1360 1444 1427 1581 ,22¹3

225 1584 296 1660 sive,
312 1587 374 1645 sive
388 1585 482 1645 active
496 1584 654 1643 reddantur
666 1603 713 1642 res
733 1583 836 1642 eodem
848 1583 931 1659 redit,
947 1583 1089 1661 siquidem
1103 1603 1141 1642 ex
1155 1583 1301 1642 idiotismo
1315 1582 1425 1660 linguae

225 1665 388 1742 Hebraicae,
404 1665 531 1725 futurum
545 1665 672 1724 activum
686 1663 748 1722 sine
762 1664 910 1740 supposito
927 1683 1003 1741 saepe
1016 1663 1162 1740 passivam
1176 1663 1264 1722 habet
1280 1662 1426 1739 signitica-

223 1744 341 1822 tionem,
355 1755 389 1805 ut
401 1744 606 1804 habetRibera
619 1744 649 1802 in
664 1743 754 1802 Mioh.
764 1743 793 1802 ii.
811 1747 856 1818 17,
871 1752 901 1802 et
915 1742 956 1802 ita
969 1742 1058 1802 verba
1071 1743 1163 1802 tertiae
1177 1761 1307 1819 personae
1321 1743 1426 1820 imper·

224 1825 362 1886 sonaliter
375 1832 493 1902 accepta
514 1823 600 1884 modo
614 1823 717 1898 active,
732 1822 818 1880 modo
832 1823 947 1900 passive
967 1822 1050 1881 reddi
1070 1831 1200 1900 possunt.
1243 1823 1347 1898 Itaque
1369 1843 1428 1880 non

224 1905 364 1965 mutanda
377 1914 422 1964 est
435 1905 522 1964 lectio
537 1904 670 1980 Hebrraa
686 1912 713 1962 et
725 1903 833 1962 vocabit
845 1923 943 1962 nomen
958 1906 1024 1978 ejua
1037 1902 1089 1961 sed
1103 1902 1274 1980 explicanda
1288 1903 1427 1962 subaudi·

223 1984 299 2044 endo
320 1985 491 2064 subjectum,
513 2003 571 2044 non
584 1987 663 2042 Deus
676 1984 774 2058 Pater,
790 1983 868 2060 quod
881 1983 903 2042 J
905 1983 979 2042 udaei
1001 1983 1143 2060 supplent,
1165 1982 1217 2041 sed
1231 1983 1429 2059 unusquisqne,

223 2063 358 2125 nimirum
373 2065 511 2140 fidelium,
526 2063 642 2123 vocabit
655 2081 759 2121 nomen
774 2063 838 2140 ejus
852 2063 915 2122 scil.
940 2061 1055 2136 Christi,
1070 2061 1149 2139 quod
1163 2071 1195 2121 ut
1214 2063 1319 2120 clarius
1332 2063 1426 2139 lique·

222 2153 276 2222 ret,
292 2145 436 2204 redditum
450 2153 494 2203 est
507 2144 630 2221 passive,
651 2143 801 2201 Vocabitur
814 2163 912 2202 nomen
926 2145 994 2218 q'am
1033 2142 1082 2201 Sic
1095 2142 1117 2201 J
1119 2160 1205 2200 erem.
1220 2141 1303 2200 xxiii.
1319 2143 1347 2216 6,
1363 2162 1427 2201 cor·

223 2224 337 2302 ruptela
350 2223 438 2283 estin
451 2223 686 2298 interpretatione
706 2240 765 2279 non
778 2221 809 2280 iu
823 2222 928 2297 verbis,
943 2241 1009 2299 quae
1023 2230 1099 2280 recte
1116 2221 1291 2296 redduntur;
1316 2221 1374 2280 Vel
1396 2223 1428 2280 in

217 2301 364 2439 'pingppari
383 2303 498 2439 poufft
518 2300 645 2437 enffitp
672 2307 776 2359 sonant
798 2299 886 2438 milti
913 2301 950 2360 ad
972 2301 1190 2440 rlromilriraffi
1204 2300 1426 2378 praecedentem,

103 2431 105 2436 ’
222 2390 377 2536 rigardi,
397 2388 539 2536 racilii,
559 2388 816 2518 raa'riffait
828 2401 894 2536 pir
908 2401 1084 2536 ffhffim,
1102 2390 1228 2538 cymi}
1240 2389 1428 2520 lirim

225 2539 393 2616 vulgatam.
435 2539 633 2616 Hieronymus
654 2538 685 2596 in
706 2539 737 2598 h.
758 2538 779 2597 l.
801 2547 953 2617 utramque
975 2539 1127 2600 lectionem
1150 2540 1237 2600 hahet
1263 2541 1373 2599 vocabit
1398 2549 1427 2598 et

221 2621 357 2758 plorabunt
368 2643 381 2695 ,·
415 2637 469 2678 uec
495 2619 573 2696 apud
600 2618 723 2678 Veteres
749 2617 827 2680 ullus
854 2627 899 2680 est
925 2619 976 2698 qui
1006 2621 1103 2680 locum
1129 2619 1207 2680 hunc
1234 2618 1426 2696 depravatum

244 2700 339 2758 'xerit

262 2777 370 2837 XVII.
392 2779 465 2838 Cum
493 2777 568 2840 Gen.
599 2778 673 2838 xlix.
696 2781 742 2854 10,
770 2799 822 2857 per
847 2784 910 2842 aim
936 2778 992 2839 tria
1022 2779 1198 2857 Targumim,
1229 2778 1323 2840 Onke.
1354 2778 1426 2838 Hie·

219 2878 295 2920 roso.
311 2867 340 2918 et
353 2857 474 2919 Jonath.
488 2867 517 2919 et
532 2859 650 2918 Kimchi
663 2859 827 2937 intelligant
840 2860 983 2936 Messium,
998 2859 1089 2937 liquet
1103 2859 1224 2919 Judaeos
1237 2859 1334 2918 locum
1348 2859 1427 2918 hune

219 2961 279 3002 non
292 2939 461 3016 corrupisse,
476 2947 509 2999 ut
515 2940 677 3018 probarent
691 2939 829 3000 Messiam
842 2940 971 2998 nondum
983 2940 1118 3000 venisse:
1139 2939 1213 2998 adde
1227 2937 1306 3017 quod
1321 2957 1427 2998 nomen

219 3023 291 3096 ate,
320 3020 399 3096 quod
428 3019 459 3079 iu
483 3021 619 3079 Tolmade
647 3019 765 3079 Messiae
794 3019 960 3079 attribuitur
986 3019 1067 3079 Codi.
1094 3020 1216 3079 Sanhcd.
1238 3039 1263 3078 c.
1291 3021 1338 3094 ll,
1366 3039 1426 3076 uon

218 3096 316 3158 minus
341 3100 512 3158 adversatur
537 3099 651 3160 Judaeis
676 3109 706 3160 et
728 3099 874 3160 Christum
897 3099 1014 3173 indicat,
1039 3119 1126 3176 quam
1152 3119 1213 3158 vox
1232 3103 1296 3162 ete
1316 3099 1425 3172 narsus

220 3196 306 3254 quam
320 3179 362 3238 ibi
376 3179 464 3239 luisse
478 3180 671 3256 pertendunt;
702 3179 763 3239 sive
786 3183 867 3241 aare
888 3177 1054 3253 deducatur,
1069 3198 1135 3255 quse
1156 3177 1248 3238 filium
1270 3177 1425 3255 signifieat,

218 3256 282 3315 sive
309 3277 326 3316 a
352 3263 404 3320 erte
431 3279 496 3335 quse
516 3259 669 3338 pacificum
690 3279 754 3320 esse
773 3258 875 3332 innuit,
899 3257 962 3318 sive
982 3258 1060 3336 quod
1078 3257 1182 3318 LXX.
1205 3266 1374 3335 sequuntur,
1396 3265 1426 3318 et

218 3335 399 3394 commodius
427 3337 543 3396 videtur
570 3357 622 3416 pro
646 3341 670 3398 rt
684 3358 734 3400 aaa
755 3335 775 3413 ᾆ
806 3337 937 3398 iaham
964 3341 1041 3415 cujus
1061 3347 1102 3398 est
1120 3357 1247 3416 regnum,
1268 3346 1301 3398 ut
1322 3337 1425 3398 similis

218 3413 332 3490 phrasis
345 3413 453 3490 legitur
466 3417 543 3492 apud
557 3417 644 3478 Erec.
658 3437 683 3478 c.
698 3420 747 3492 al,
762 3418 811 3477 32.

259 3491 385 3552 XVIII.
408 3493 503 3553 Locus
517 3495 623 3556 Zacha.
638 3498 678 3556 ix.
693 3497 721 3573 9,
737 3515 795 3554 non
809 3505 854 3556 cst
868 3506 1028 3576 corruptus,
1050 3497 1166 3575 quando
1181 3496 1306 3556 Messias
1320 3497 1426 3556 dicitur

216 3571 331 3632 futums
354 3571 419 3631 Rex
439 3573 537 3650 justus
558 3583 674 3636 eam:
703 3594 762 3633 vox
783 3576 859 3633 enim
882 3577 938 3636 ista
957 3578 1006 3637 vel
1027 3577 1143 3655 passive
1168 3578 1243 3636 sumi
1266 3585 1371 3654 potest,
1393 3585 1426 3635 ut

217 3652 335 3712 denotet
349 3651 494 3712 Christum
516 3654 659 3713 salvatum
678 3653 767 3714 fuisse
784 3662 818 3715 ut
837 3655 965 3732 loquitur
986 3657 1090 3736 Apost
1111 3657 1189 3716 Heb.
1204 3675 1233 3716 v.
1249 3660 1276 3731 7,
1293 3665 1423 3728 amortc,

216 3732 265 3792 vel
279 3733 405 3809 seipsum
426 3731 554 3794 salvasse
575 3743 609 3794 ut
630 3733 743 3811 dicitur,
759 3733 817 3793 Isa.
838 3735 912 3794 lxiii.
933 3739 961 3812 3,
984 3738 1031 3796 vel
1045 3757 1096 3815 per
1112 3736 1233 3796 formam
1254 3736 1424 3814 deponentis

216 3813 311 3874 active
332 3819 494 3890 usurpatur,
517 3822 549 3873 ut
569 3813 647 3892 apud
668 3813 809 3872 llebraeos
830 3834 888 3873 non
906 3835 999 3894 pauca
1020 3817 1209 3894 reperiuntur,
1224 3824 1257 3874 ut
1270 3820 1422 3891 arerjma-

215 3892 325 4032 w
342 3891 473 3969 spoliavit
478 3916 490 3966 ,·
511 3900 541 3953 et
554 3893 609 3954 erit
621 3892 804 3973 participium
817 3893 895 3954 idem
908 3895 1075 3974 significans
1089 3895 1167 3975 quod
1177 3914 1249 3956 ranis
1263 3895 1421 3970 Lrierator,

307 3979 360 4030 tor.

256 4051 352 4112 XIX.
375 4051 457 4113 Licet
472 4051 567 4112 Exod.
582 4050 633 4113 xii.
648 4055 696 4130 40,
720 4051 871 4113 flabiam
891 4053 1015 4114 filiorum
1037 4054 1126 4114 Israel
1140 4055 1171 4113 in
1185 4055 1320 4132 AEgypto
1334 4053 1422 4114 luisse

214 4129 328 4190 dicatur
341 4152 481 4192 armorum
499 4132 774 4212 quadringentorum
789 4141 818 4192 et
831 4133 959 4211 triginta,
974 4134 1053 4212 quod
1067 4155 1125 4193 non
1138 4143 1235 4212 potest
1248 4134 1372 4210 intelligi
1387 4132 1422 4191 de

214 4227 296 4268 mora
309 4209 339 4268 in
354 4212 496 4291 AEgypto‚
512 4233 577 4290 quse
591 4211 646 4272 fuit
659 4221 771 4273 tantum
786 4214 845 4271 215
859 4233 1017 4291 annorum
1040 4214 1091 4272 sed
1105 4213 1141 4273 de
1155 4234 1237 4274 mora
1246 4233 1333 4291 quam
1349 4213 1421 4271 fece·

214 4295 283 4346 runt
296 4297 355 4346 tam
369 4289 401 4349 in
413 4301 490 4350 terra
504 4293 628 4369 Carraan,
650 4312 736 4370 quam
750 4292 781 4350 in
795 4291 938 4370 AEgypto,
954 4301 987 4353 ut
1006 4295 1154 4371 explicant
1176 4293 1374 4353 Samaritanus
1394 4300 1422 4349 et

215 4367 336 4428 Graecus
350 4377 522 4431 contextus:
564 4372 631 4432 Non
644 4383 795 4450 propterea
809 4371 909 4432 Codex
924 4373 1067 4433 Hebraeus
1081 4373 1168 4433 debet
1182 4373 1292 4433 censeri
1306 4391 1420 4448 corrup·

213 4453 270 4538 tus,
285 4445 337 4504 sed
351 4457 396 4538 est
408 4446 516 4542 locutio
530 4452 747 4528 synecdochica,
763 4471 828 4528 quse
841 4451 972 4546 meminit
984 4459 1097 4512 tantum
1118 4453 1253 4530 AEgypti,
1269 4454 1338 4530 quia
1350 4471 1420 4532 prae-

125 4629 128 4636 ·
207 4524 1292 4689 ,cippfpgpppp1gaplfpppp,suggppppppppqffppppffi·
1310 4613 1355 4684 11,
1373 4612 1417 4680 η,
