3250 5176
152 395 263 446 onam.
278 375 346 460 xa]
652 397 692 439 ns
706 397 848 440 saccaro.
1298 383 1356 443 589

151 537 221 600 bere
235 539 290 598 sub
305 539 394 618 Lege,
408 548 439 600 et
452 540 483 598 in
496 540 533 601 iis
547 540 597 619 qui
611 540 764 601 veritatem
783 541 911 600 nondum
933 550 1000 601 sunt
1019 541 1150 620 professi.
1195 541 1281 602 Unde
1302 553 1359 602 tres

149 624 261 698 gradus
274 620 337 699 ejus
350 629 473 698 possunt
486 622 631 682 constitui.
672 624 787 681 Primus
801 621 831 679 in
849 622 894 697 iis,
910 623 961 700 qui
981 623 1035 682 sub
1049 623 1151 682 Veteri
1172 624 1358 683 Testamenta

154 701 313 761 doctrinam
328 701 421 761 Mosis
435 711 468 762 ut
482 703 629 761 exitialem
644 702 860 777 conculcabant,
876 710 905 761 et
926 702 1077 762 obfirmato
1098 705 1195 763 animo
1216 723 1356 781 conspue-

153 781 233 858 bant,
248 781 286 839 ad
299 801 373 859 quos
387 783 543 842 accessisse
556 783 694 844 videntur
707 783 759 858 illi,
775 782 825 860 qui
844 782 980 842 dicuntur
992 803 1112 860 peccare
1126 788 1203 844 alceta
1215 805 1310 860 manu,
1327 792 1358 844 et

148 882 207 938 per
218 863 385 939 supebiam,
401 863 495 940 etqui
511 863 649 941 Spiritum
664 861 825 922 sanctitatis
840 863 1026 922 contristasse
1040 864 1184 941 leguntur,
1202 865 1259 923 Isa.
1281 865 1356 924 lxiii.

157 944 204 1003 10.
246 944 390 1002 Secundus
403 943 435 1001 in
449 943 604 1002 Pharisaeis
618 951 647 1003 ot
663 943 781 1018 Scribis,
797 943 847 1020 qui
860 943 930 1002 licet
944 943 1139 1020 Evangelium
1152 965 1212 1003 non
1233 945 1357 1024 recepis·

155 1031 228 1100 sent,
244 1031 341 1082 tamen
356 1023 501 1083 Christum
516 1025 635 1102 ejusque
654 1023 814 1083 docuinam
830 1032 860 1083 et
872 1023 1011 1082 miracula
1024 1034 1057 1083 ut
1071 1023 1223 1100 diabolica,
1239 1043 1276 1083 ex
1291 1024 1356 1083 des·

153 1103 247 1162 tinata
266 1103 377 1162 malitia
395 1103 617 1178 insectabantur,
639 1105 724 1162 Matt.
739 1103 790 1162 xii.
810 1107 859 1162 24.
901 1105 1041 1179 Quamvis
1056 1123 1125 1163 vcro
1146 1104 1279 1164 dicantur
1298 1124 1357 1163 non

154 1183 274 1242 novisse
288 1183 444 1260 chriam,
461 1186 477 1241 l
494 1184 558 1242 Gor.
573 1183 603 1242 ii.
619 1187 646 1260 8,
661 1185 731 1261 quia
750 1185 776 1242 si
795 1185 874 1243 illum
894 1185 1038 1260 recusent,
1060 1205 1117 1244 uos
1137 1185 1358 1265 crucifissus&

154 1263 211 1322 hoo
225 1263 262 1321 do
276 1263 441 1341 cognitione
455 1264 581 1341 practica
594 1273 623 1324 et
638 1264 756 1324 salumn
773 1264 994 1343 intelligendum
1009 1273 1062 1340 est,
1076 1285 1135 1323 non
1150 1265 1186 1324 de
1200 1266 1359 1324 theoretica

155 1351 185 1402 et
206 1343 352 1420 historica,
381 1343 450 1421 quia
469 1344 548 1422 quod
568 1344 706 1422 sciebant,
728 1345 871 1404 malitiose
892 1345 1038 1423 negabant
1059 1353 1088 1404 et
1109 1345 1357 1405 abominabantur.

157 1424 268 1482 Tertius
282 1431 326 1482 est
340 1425 370 1482 in
384 1423 421 1482 iis
434 1425 484 1501 qui
499 1425 693 1504 Evangelium
706 1425 875 1503 aliquandiu
889 1425 1019 1502 professi,
1035 1433 1135 1484 contra
1153 1425 1252 1484 lumen
1268 1426 1358 1503 Spiri-

153 1512 202 1563 tus
218 1503 248 1562 S.
263 1522 321 1581 quo
336 1504 371 1563 de
385 1505 449 1581 ejus
463 1505 635 1564 excellentia
649 1513 678 1564 et
700 1505 842 1564 enodate
865 1505 1084 1581 convincuntur,
1109 1504 1183 1563 illud
1206 1513 1307 1582 postea
1321 1525 1358 1564 ex

154 1583 221 1643 odio
235 1592 265 1643 st
279 1583 471 1644 obstinatione
485 1593 682 1662 aspernentur,
698 1585 782 1662 eique
804 1604 841 1643 cx
862 1583 992 1662 professo
1011 1585 1118 1643 bellum
1141 1585 1281 1662 indicunt,
1309 1585 1358 1643 Fi·

154 1663 226 1724 lium
242 1665 298 1723 Dei
311 1673 342 1724 et
356 1665 527 1742 sanguinem
541 1666 605 1742 ejus
619 1665 834 1740 conculcando;
856 1665 942 1725 etsie
956 1673 1048 1724 totum
1071 1665 1126 1723 Dei
1147 1664 1241 1726 foedus
1261 1665 1358 1743 rejici·

153 1753 216 1819 unt,
231 1744 311 1821 quod
320 1745 351 1803 in
365 1744 494 1822 insignes
519 1745 700 1824 potissimum
724 1743 848 1822 quadrat
868 1745 1028 1822 Apostatas
1042 1745 1078 1804 dc
1102 1745 1208 1823 quibus
1231 1745 1361 1823 loquitur

156 1824 274 1901 Paulus,
292 1825 382 1885 Hebr.
397 1825 436 1883 vi.
452 1833 481 1884 ct
494 1846 525 1884 x.

198 1904 276 1964 XX.
298 1905 365 1964 Hoc
379 1905 474 1965 scelus
487 1903 595 1964 nemini
616 1913 723 1966 temere
745 1915 790 1966 eat
809 1904 1037 1984 impingendum,
1058 1914 1089 1965 et
1109 1903 1223 1965 lucilius
1246 1905 1359 1965 deliniri

155 1991 253 2063 potest
266 1985 296 2043 in
309 1985 464 2062 abstracto,
490 2005 576 2064 quam
600 1985 697 2064 detegi
722 1987 752 2045 in
777 1995 920 2062 concreto,
944 1994 1007 2045 tum
1032 1986 1070 2045 ob
1094 1985 1272 2046 internorum
1297 1986 1359 2046 sive

176 2065 361 2144 rincipiorum
385 2064 447 2124 sire
461 2075 578 2126 murum
597 2067 798 2143 ignorantiam,
821 2075 882 2125 tum
897 2067 934 2124 ob
955 2065 1085 2125 divorsas
1106 2067 1207 2145 gratia
1227 2067 1360 2126 vocantis

154 2085 251 2205 boras.
293 2146 361 2205 Non
372 2147 539 2224 negandum
553 2146 670 2224 quidem
684 2147 879 2224 cognoscibile
894 2166 966 2222 essa,
982 2147 1051 2224 quia
1071 2146 1102 2205 in
1124 2147 1272 2224 Scriptura
1293 2165 1359 2205 cum

155 2224 289 2286 omnibus
303 2227 526 2286 circumstantiis
540 2226 720 2302 describitur,
735 2227 847 2304 etquis
861 2226 932 2286 alias
949 2227 1097 2304 Scriptura
1116 2246 1175 2285 non
1196 2227 1360 2304 prohibuis-

155 2315 201 2364 set
214 2325 295 2365 orare
308 2327 360 2384 pro
374 2307 491 2367 talibus.
533 2307 668 2384 Cognitio
693 2315 789 2367 autem
813 2307 877 2381 ista,
902 2307 951 2366 vel
975 2315 1019 2366 est
1043 2307 1151 2383 divine,
1176 2327 1241 2385 quse
1255 2307 1289 2365 fit
1308 2327 1360 2385 per

157 2385 213 2444 Dei
236 2387 451 2462 revelationem,
478 2395 507 2446 et
529 2387 756 2447 extraordinarie
777 2407 830 2465 per
853 2387 961 2446 donum
986 2387 1168 2446 discretionis
1196 2387 1358 2464 spirituum,

156 2465 234 2542 qnod
249 2466 398 2526 obtinebat
411 2467 441 2525 in
456 2467 589 2526 Ecclesia
611 2466 799 2546 Apostolica3
821 2467 870 2526 vel
893 2476 938 2527 est
960 2467 1094 2544 hnmana,
1118 2487 1184 2544 que
1206 2468 1297 2527 oritur
1321 2487 1359 2526 ex

154 2544 265 2604 effectis
289 2555 319 2606 et
343 2546 584 2624 circumstantiis;
607 2547 686 2626 prior
707 2547 793 2606 hodie
820 2549 954 2624 cessavit,
984 2548 1075 2606 altera
1095 2547 1190 2607 adhuc
1218 2556 1359 2626 superest.

156 2625 199 2685 Ut
211 2645 281 2686 vero
295 2627 404 2704 petitur
416 2637 528 2687 tantum
543 2647 581 2687 ex
598 2629 691 2706 signis
713 2627 850 2703 externis,
873 2649 911 2687 ex
932 2629 1038 2706 quibus
1058 2649 1116 2687 non
1136 2637 1233 2707 potest
1253 2627 1358 2686 infalli-

154 2705 222 2764 bilis
236 2706 299 2784 ejus
313 2707 416 2766 notitia
428 2708 545 2784 haberi;
561 2709 633 2768 Ideo
648 2716 730 2768 caute
746 2708 900 2768 admodum
914 2709 945 2767 in
959 2729 994 2768 co
1007 2708 1229 2786 procedendum,
1244 2715 1277 2767 ut
1293 2727 1359 2786 pro-

153 2785 250 2878 niores
264 2785 355 2844 simus
375 2787 413 2844 ad
433 2787 506 2846 bene
527 2789 701 2866 sperandum
722 2809 760 2848 ex
781 2789 930 2868 charitate,
945 2809 1032 2866 quam
1053 2789 1091 2847 ad
1112 2788 1307 2848 damnandum
1322 2807 1359 2847 ex

154 2883 260 2942 rigore.

613 3106 808 3182 QUAESTIO
829 3107 903 3166 XV.

369 3267 417 3327 Aa
431 3268 580 3326 Peccatum
588 3269 679 3344 possit
692 3287 749 3327 esse
759 3287 844 3345 porse
853 3267 968 3346 peceati
973 3269 988 3328 3
1029 3267 1142 3327 Affirm.

197 3426 221 3486 I.
243 3426 430 3488 Occasionem
460 3427 619 3502 Qnaestionl
643 3427 785 3488 dederunt
808 3427 959 3505 Pelagiani
980 3428 1112 3504 Veteres,
1136 3427 1185 3505 qui
1207 3437 1357 3506 peccatum

155 3525 219 3564 csse
233 3527 346 3584 poenam
360 3509 472 3585 peccati
486 3507 635 3586 praefraete
655 3509 808 3586 negabant,
824 3517 857 3568 ut
871 3516 985 3568 constat
1006 3529 1042 3568 ex
1064 3509 1145 3586 Aug.
1169 3518 1260 3568 contr.
1283 3511 1357 3570 Juli.

156 3585 207 3644 lib.
222 3586 262 3645 iii.
278 3607 340 3666 cap.
356 3592 383 3664 3,
396 3596 458 3648 tum
467 3597 500 3648 ut
513 3588 619 3647 nudam
635 3597 665 3647 et
678 3589 800 3648 otiosam
815 3589 870 3648 Dei
885 3589 1104 3666 permissionem
1118 3590 1194 3649 circu
1207 3598 1357 3667 peccatum

155 3676 324 3743 assererent,
340 3676 402 3728 tum
415 3677 449 3728 ut
462 3669 628 3728 evincerent
635 3677 786 3747 peccatum
800 3668 940 3747 originale
954 3688 1013 3728 non
1027 3687 1091 3728 esse
1111 3671 1219 3748 proprii
1233 3671 1358 3729 nominis

155 3755 314 3823 peccatum,
330 3747 383 3807 sed
402 3757 514 3808 tantum
528 3769 641 3827 posnam
657 3749 861 3824 antecedentis,
884 3748 1026 3808 defectum
1041 3757 1071 3808 et
1090 3749 1259 3826 languorem
1273 3759 1357 3808 natu·

155 3845 205 3886 rsa.
247 3827 319 3886 Illos
344 3837 503 3906 sequuntur
526 3829 614 3888 hodie
637 3830 770 3904 Jesuitae,
797 3829 951 3904 Sociniani,
976 3837 1005 3888 et
1028 3830 1284 3904 Remonstrantes;
1308 3830 1359 3888 Ad

156 3925 231 3983 quos
244 3906 385 3967 accedunt
398 3929 435 3966 ex
451 3909 573 3986 Nostris,
589 3909 640 3987 qui
654 3908 770 3969 Pecceti
793 3910 879 3987 primi
901 3909 1119 3986 imputationem
1136 3918 1253 3987 negant,
1269 3918 1302 3968 ut
1316 3909 1357 3968 la-

155 3986 240 4046 cilius
260 3986 328 4046 inde
342 3987 489 4065 colligant,
513 3990 668 4049 Peccatum
683 3990 822 4067 originale
836 3990 980 4048 inhaerens
994 4008 1052 4048 non
1066 4009 1130 4048 csse
1143 4009 1258 4068 poenam
1272 3991 1358 4068 primi

155 4066 234 4128 illius
247 4067 368 4148 peccati,
383 4077 416 4128 ut
430 4069 467 4127 ab
482 4069 660 4130 Orthodoxis
673 4070 764 4148 vulgo
778 4070 923 4130 asseritur.

458 4150 501 4210 11.
523 4151 589 4209 Non
608 4151 755 4228 quaritur,
778 4150 827 4210 An
843 4151 997 4212 Peccatum
1011 4149 1177 4228 smunolitcr
1190 4158 1220 4210 et
1232 4151 1358 4229 redupli-

183 4203 360 4308 ⁸²⁸*,¹}{,ffl”
418 4231 507 4289 cutim
519 4250 578 4308 qua
586 4239 741 4307 peccatum,
757 4239 787 4291 et
799 4231 889 4290 relate
904 4231 941 4290 ad
955 4233 1059 4308 seyen
1079 4231 1126 4291 cui
1147 4241 1297 4310 repugnat,
1321 4233 1359 4291 sit

416 4329 522 4386 poena;
544 4311 613 4388 quis
627 4311 668 4370 sic
682 4319 727 4370 est
744 4315 850 4371 malum
872 4320 954 4388 turpe
976 4312 1049 4390 Legi
1074 4312 1266 4373 contrarium:
1290 4312 1357 4388 Sed,

158 4382 208 4442 An
222 4385 378 4446 Peccatum
391 4391 577 4449 materialiter
590 4400 619 4449 et
632 4393 813 4471 specrflcatiuc
831 4401 1001 4470 spectatum,
1016 4392 1047 4451 id
1070 4393 1180 4452 scilicet
1200 4396 1278 4468 quod
1291 4413 1357 4469 pec·

157 4473 250 4524 catum
261 4475 308 4542 est,
324 4467 434 4526 ratione
449 4478 530 4528 actus
545 4469 691 4546 substrati,
705 4479 736 4530 ct
748 4473 838 4532 relate
852 4472 891 4531 ad
903 4473 1051 4548 subjeetum
1071 4472 1150 4550 quod
1171 4472 1269 4548 inlicit,
1291 4491 1357 4550 pos·

157 4545 197 4604 sit
209 4563 273 4604 esse
285 4565 390 4624 poena3
412 4547 491 4623 quod
504 4557 612 4626 negant
626 4550 806 4627 Adversarii,
822 4551 966 4610 affirmant
980 4551 1151 4613 Orthodoxi.

198 4625 259 4685 111.
275 4626 430 4686 Peccatum
446 4634 542 4687 autem
555 4647 642 4706 poena
651 4630 710 4690 dici
723 4631 861 4690 trifariam
876 4639 980 4710 potest,
995 4633 1043 4690 vel
1058 4639 1190 4708 respectu
1203 4631 1357 4708 suiipsius,

155 4707 205 4766 vel
219 4715 353 4786 respectu
361 4708 476 4784 peccati
487 4711 671 4770 cumeanus
685 4711 716 4770 in
730 4731 765 4772 eo
778 4711 829 4790 qui
849 4711 994 4790 plectitur,
1010 4711 1059 4771 vel
1079 4718 1211 4788 respectu
1231 4711 1357 4770 alamus.
