3174 5174
241 343 300 400 470
725 341 817 396 noetus
831 351 951 394 esurus.
1245 335 1373 418 [auser.
1388 355 1451 401 vsu

242 497 395 582 culpabilis
414 493 571 572 homicidii,
591 493 670 572 Ergo
690 512 744 554 neo
764 493 850 553 homo
870 513 992 554 movens
1012 492 1160 572 gladium
1182 495 1240 558 Vel
1261 496 1400 560 &uuilon
1414 503 1454 558 ut

243 565 465 640 instrumentum
475 575 548 654 justi
562 570 678 642 Judiais
692 581 805 633 sontem
816 573 918 653 plectit
931 593 969 633 ex
982 573 1079 634 studio
1097 574 1242 652 vindicte,
1258 576 1343 654 Ergo
1352 577 1453 638 multo

244 660 338 737 magis
349 659 447 737 justus
460 656 482 716 J
484 655 579 731 udex;
594 653 663 731 quia
676 673 771 713 oausae
786 662 853 712 sunt
863 654 1071 730 heterogeneee.
1104 655 1141 713 In
1151 657 1252 733 primo,
1264 675 1353 722 oense
1366 658 1452 736 prius

245 739 346 818 ¹cipalis
362 745 414 798 -est
436 735 590 814 privetivs,
614 733 675 812 legi
698 732 833 810 obnoxie,
858 741 888 794 et
910 733 1037 809 morulis,
1053 735 1093 794 Et
1112 735 1339 804 instrumentalis
1357 757 1452 796 esuss

244 819 373 900 physice,
388 815 522 894 positive,
537 821 567 874 et
580 813 654 874 nulli
666 811 727 892 legi
747 811 892 889 obnoxie3
915 813 951 872 ln
971 813 1062 874 altero
1081 834 1152 874 vero
1172 835 1259 880 eausa
1278 815 1453 895 principalis

245 908 290 958 est
299 897 433 976 positivo,
448 895 575 970 moralis,
590 901 621 954 et
632 887 692 970 legi
706 911 841 970 congrue,
859 891 917 954 Sed
931 911 1019 966 esuse
1037 893 1264 954 instrumentalis
1284 905 1328 954 est
1348 897 1452 974 priva-

244 975 314 1054 tiva,
329 975 455 1051 morulis,
471 983 501 1036 et
513 975 574 1053 legi
587 969 712 1034 dissona
754 973 802 1032 Ite
818 971 867 1032 hie
888 971 969 1031 Deus
989 981 1035 1032 est
1053 974 1294 1052 oense-positive,
1313 974 1451 1054 physion,

245 1053 409 1132 iimitem,
424 1056 557 1116 homines
569 1072 640 1114 vero
654 1071 741 1114 cause
754 1051 906 1130 privatius,
920 1051 1046 1128 moralis,
1061 1061 1091 1115 et
1102 1053 1164 1130 legi
1176 1053 1311 1117 obnoxie.

288 1137 396 1198 XXV.
418 1139 447 1196 2.
462 1133 551 1195 Valet
568 1133 600 1194 iu
619 1132 806 1200 immane
820 1132 959 1209 propriis,
975 1133 1068 1208 puras,
1090 1141 1120 1194 et
1139 1134 1359 1208 imminu,
1380 1153 1453 1212 qum

248 1211 1455 1372 minutissimorum

248 1385 361 1438 tentum
375 1395 452 1436 mere
466 1372 613 1451 organice,
623 1381 652 1434 et
666 1355 704 1433 eir
714 1372 821 1432 virtute
830 1369 997 1449 principalis
1006 1373 1120 1448 agentis
1129 1371 1294 1450 preflueus;
1309 1372 1351 1433 Ut
1360 1338 1456 1432 dues

249 1455 398 1516 homicidii
411 1475 430 1514 n
443 1451 540 1532 gledio
554 1449 718 1531 perpetrati,
733 1470 791 1510 non
805 1450 914 1528 gladio,
928 1450 980 1524 sed
993 1450 1111 1527 homini,
1126 1452 1177 1530 qui
1190 1459 1295 1514 nuent
1307 1451 1453 1530 gladium,

250 1535 340 1596 debet
351 1533 494 1616 imputari,
509 1533 578 1610 quie
591 1541 636 1592 est
649 1532 871 1591 instrumentum
890 1538 1049 1608 persumet
1068 1529 1170 1604 bayon
1214 1531 1274 1592 Sed
1292 1551 1351 1592 uon
1370 1533 1456 1592 valet

249 1618 280 1675 iu
294 1615 480 1692 imtrumeatis
493 1611 697 1690 metaphoricis,
711 1617 741 1672 et
753 1611 857 1686 mixu'e,
873 1629 938 1687 qus
958 1609 995 1669 de
1015 1629 1069 1674 suo
1086 1611 1197 1690 aliquid
1217 1610 1378 1672 mmmmm
1397 1613 1455 1670 hn-

249 1696 328 1771 bent,
339 1714 397 1772 quo
407 1700 569 1771 operentur,
580 1689 661 1768 quod
670 1689 847 1768 uprineipali
857 1709 946 1763 essse
955 1709 1013 1750 uon
1023 1698 1200 1768 mutuentur,
1211 1711 1241 1752 r.
1253 1711 1283 1770 g.
1293 1711 1349 1750 nou
1359 1691 1454 1768 velet,

250 1775 353 1852 Equus
375 1771 535 1835 odoaribus
557 1771 678 1830 edsetus
700 1789 718 1828 e
740 1769 859 1842 Sessore
880 1768 1032 1844 oleudioet,
1047 1770 1128 1848 Ergo
1148 1771 1210 1850 ipse
1232 1771 1330 1832 Sessor
1351 1771 1454 1848 msgis

251 1853 402 1929 claudicet,
418 1852 559 1929 quianon
572 1858 617 1912 est
629 1849 853 1910 instrumentum
864 1868 969 1927 purum
990 1850 1125 1926 Suasoris,
1141 1850 1193 1912 sed
1212 1851 1279 1926 tulo,
1300 1850 1379 1928 qnod
1395 1851 1454 1909 sli-

252 1931 373 2014 quidde
387 1952 440 1992 suo
454 1929 616 1992 admixtum
628 1929 718 1990 hebet
730 1929 761 1988 in
774 1937 855 1988 motu
871 1927 1098 2005 elpudieutiouis,
1113 1931 1143 1988 in
1162 1949 1222 2008 quo
1241 1950 1301 1990 nou
1321 1930 1457 1990 subordi-

252 2021 338 2074 natur
354 2011 475 2086 Sessori,
489 2009 624 2072 nimirum
637 2009 768 2070 luxstsm
780 2008 890 2083 tibism,
905 2027 971 2085 qum
984 2027 1072 2070 esuse
1089 2019 1134 2070 est
1154 2010 1306 2088 sdsquats
1326 2018 1356 2070 et
1374 2011 1457 2088 priu-

253 2091 356 2172 oipolis
379 2089 607 2152 claudicationis.
651 2089 699 2150 Sio
722 2097 886 2166 peccatores
908 2107 968 2153 nou
991 2098 1060 2149 sunt
1079 2089 1269 2152 instrumente
1288 2091 1405 2168 propris
1425 2099 1459 2150 et

253 2193 335 2252 puro,
351 2171 403 2232 sed
416 2172 580 2248 rationalia,
595 2170 795 2246 metaplom’ao,
810 2176 841 2228 et
853 2167 952 2246 mota,
967 2187 1032 2244 quse
1046 2167 1083 2228 de
1102 2189 1156 2230 suo
1175 2169 1284 2230 hebent
1303 2171 1457 2247 melitium,

275 2273 320 2312 us
334 2252 450 2330 propria
463 2259 507 2310 est
521 2257 550 2308 et
560 2248 711 2324 edeequste
720 2247 832 2326 pocomi
843 2266 938 2308 eausa
967 2247 1012 2309 Eo
1021 2248 1146 2326 pertinet
1155 2249 1234 2326 quod
1243 2249 1331 2310 tertio
1339 2249 1458 2325 dieitur,

286 2331 383 2392 xiome
397 2329 502 2404 valere,
517 2327 568 2387 ubi
581 2327 656 2386 sotio
668 2326 939 2408 eeuseeprinoipalis
947 2335 992 2386 est
1002 2327 1102 2388 sedern
1112 2329 1258 2388 moraliter
1267 2348 1334 2388 eum
1343 2329 1460 2388 notione

253 2409 455 2486 instrumenti:
470 2407 513 2468 Ut
521 2405 680 2485 discipulus
695 2407 816 2486 Pelagii,
827 2407 903 2466 mule
914 2406 1002 2466 sentit
1012 2406 1048 2468 de
1059 2408 1160 2485 gretie,
1170 2407 1250 2485 Ergo
1260 2409 1461 2486 multomagis

255 2489 393 2568 Pelagius
407 2488 477 2566 ipse,
493 2485 561 2564 quie
574 2493 620 2546 est
633 2485 734 2546 eedem
748 2487 824 2546 sotio
838 2485 955 2545 moralis
968 2487 1119 2564 utriusque
1129 2507 1231 2563 seusu,
1246 2496 1278 2548 et
1290 2487 1462 2567 principalis

254 2577 285 2628 st
298 2568 450 2644 orgsuioee.
492 2567 535 2626 At
548 2585 607 2624 non
620 2565 735 2644 pariter,
751 2586 840 2644 quum
853 2565 929 2624 ectio
949 2573 995 2625 est
1015 2566 1131 2644 quidem
1151 2567 1251 2626 eadem
1273 2569 1465 2627 meteriuliter

256 2656 286 2707 et
298 2646 426 2726 physice,
436 2665 496 2706 non
508 2665 579 2706 vero
592 2645 753 2722 moraliter,
768 2654 837 2704 tune
850 2645 928 2704 euim
941 2663 1001 2704 nou
1014 2645 1101 2706 modo
1109 2647 1185 2708 eetio
1198 2665 1294 2706 osusae
1304 2647 1461 2724 organicos,

255 2747 315 2786 non
328 2735 373 2786 est
385 2725 573 2805 principalius
587 2745 681 2786 oeusse
691 2723 841 2802 principali
855 2723 1054 2800 adscribenda,
1069 2725 1121 2786 sed
1134 2745 1193 2785 non
1206 2734 1251 2786 est
1269 2725 1464 2786 sdseribeuds

255 2803 720 2964 tttttttttttttlttt
729 2803 1008 2961 itltttttlt
1017 2807 1463 2946 &imiimi-:³3

1008 2929 1018 2960 i

256 2967 409 3030 moraatos
417 2991 429 3041 ,·
456 2965 558 3028 eedem
571 2965 641 3043 quip
661 2983 677 3023 e
692 2964 766 3024 setm
781 2963 912 3041 physice,
926 2971 1023 3042 potest
1036 2984 1101 3026 esee
1109 2967 1198 3043 juste,
1212 2964 1262 3024 vel
1275 2966 1394 3044 injuste,
1409 2985 1462 3044 pro

257 3045 425 3108 diversitate
439 3047 596 3130 agentium,
610 2985 660 3102 vel
672 3043 733 3120 legi
746 3044 951 3121 subjectorum,
965 3043 1014 3106 vel
1027 3063 1045 3102 a
1058 3044 1125 3122 lege
1138 3044 1307 3106 solutorum.
1351 3045 1460 3120 Athis,

256 3135 291 3202 ut
305 3125 361 3186 ‘am
377 3126 495 3201 dietum,
510 3125 586 3186 sotio
602 3123 658 3183 Dei
671 3142 730 3183 non
743 3132 789 3187 est
801 3121 902 3192 eudem
912 3123 1059 3184 moraliter
1068 3143 1134 3185 eum
1145 3124 1257 3186 ustione
1267 3124 1462 3199 instrumenti,

257 3148 312 3299 sed
323 3213 436 3342 tpntprm
449 3203 570 3284 physice
583 3225 591 3282 ς
614 3201 700 3264 Unde
715 3203 819 3264 vitium
833 3203 1016 3262 instrumenti
1028 3222 1087 3264 nou
1101 3212 1146 3266 est
1167 3202 1354 3265 tribuendum
1368 3223 1463 3264 enuere

278 3306 350 3344 nuos
371 3306 387 3342 a
400 3307 418 3346 1.

257 3305 277 3366 P
299 3364 332 3421 X
367 3351 424 3422 Vl.
447 3363 528 3424 Deus
548 3360 638 3439 jussit
663 3361 808 3424 Semeium
831 3361 1003 3422 maledicere
1028 3361 1145 3438 Doridi,
1171 3367 1190 3422 2
1219 3363 1297 3424 Sum.
1320 3361 1383 3420 xri.
1414 3364 1464 3437 10,

257 3441 388 3502 Juesioae
405 3441 600 3518 providentia,
616 3460 675 3502 uon
691 3443 817 3516 jussione
838 3444 924 3518 ispali
929 3467 941 3514 ;
961 3443 1092 3502 Jussiooe
1111 3443 1225 3519 plurios
1247 3442 1387 3516 dinodea,
1402 3461 1466 3500 non

257 3521 404 3580 moraliter
416 3519 530 3578 esraeiva
539 3543 552 3591 ;
572 3519 703 3578 Jassr'oae
716 3521 858 3596 judiciali,
874 3522 1022 3580 voluntati
1039 3523 1210 3598 mancis,
1226 3541 1284 3599 qus
1303 3529 1348 3580 est
1364 3521 1467 3598 justus

257 3598 358 3660 Judex
371 3597 494 3677 puniens
508 3607 538 3657 et
551 3597 705 3676 castigans,
720 3601 911 3677 nonjuesioae
934 3602 1129 3678 approbem
1150 3603 1299 3662 odanam
1311 3601 1393 3677 εἰμί,
1408 3619 1469 3678 qus

259 3678 422 3757 Legisletor
435 3677 474 3738 im
512 3697 598 3753 reus;
620 3678 751 3738 Jtesiooe
764 3701 821 3740 aon
829 3680 950 3756 proprie
972 3681 1013 3740 ita
1026 3682 1109 3757 dioto,
1134 3701 1222 3758 quem
1246 3681 1344 3740 Semei
1357 3701 1466 3758 eogno-

257 3759 387 3834 renitet
406 3757 484 3820 ouio
505 3757 583 3820 odire
597 3756 739 3835 voluerit;
763 3759 826 3830 Sed,
835 3760 994 3836 impropria
1008 3769 1039 3822 et
1049 3761 1202 3840 fianata:
1221 3759 1368 3838 quomodo
1383 3760 1468 3819 Deus

255 3839 379 3919 jussisse
393 3839 498 3898 dieitur
521 3837 631 3915 piseem
654 3858 789 3898 evomere
802 3839 919 3916 Jonem,
934 3839 956 3899 J
958 3859 1004 3901 on.
1024 3839 1055 3900 ii.
1071 3843 1127 3900 10:
1151 3859 1217 3917 quse
1237 3838 1313 3898 nihil
1325 3839 1407 3898 eliud
1420 3848 1467 3898 est

259 3939 346 3999 quem
359 3918 449 3980 motio
464 3913 521 3978 Dei
534 3917 636 3978 efficax
650 3937 709 3994 que
720 3917 826 3978 melem
842 3917 938 3978 Semei
950 3919 1130 3981 voluutstem
1143 3917 1182 3978 ud
1194 3920 1250 3978 hoo
1263 3927 1416 3996 peoostmn
1434 3919 1466 3976 in

279 4017 374 4058 oenam
389 3997 512 4058 Doridis
525 3995 684 4074 inelinavit,
700 3997 779 4076 quod
792 3998 834 4059 sio
847 3997 968 4075 exponit
980 3998 1173 4076 Augrmtinus,
1198 3997 1370 4058 “Dominus
1390 3997 1467 4056 dixit

258 4019 365 4153 Iiemei,
380 4076 504 4138 maledie
519 4072 635 4153 Doridi,
650 4095 708 4136 uon
725 4073 865 4154 jubendo,
879 4077 932 4144 ubi
944 4077 1108 4138 obedientis
1130 4076 1306 4151 laudaretur,
1320 4076 1374 4136 sed
1386 4076 1466 4154 qnod

259 4157 322 4218 e'us
336 4157 516 4216 voluntatem
528 4155 644 4234 proprio
658 4155 731 4215 uitio
745 4157 917 4218 suomslsm
940 4157 971 4216 iu
994 4156 1050 4216 hoo
1070 4165 1220 4234 peceatum
1239 4157 1322 4234 justo
1343 4176 1397 4215 suo
1416 4157 1464 4233 ju·

259 4179 334 4296 dicio
348 4243 378 4294 et
392 4235 505 4296 occulto
519 4235 699 4296 inelinavit”
740 4235 788 4296 Its
801 4234 880 4314 quod
894 4235 976 4296 Deus
988 4235 1007 4296 i.
1023 4236 1098 4314 Reg.
1112 4235 1186 4294 xxii.
1201 4239 1249 4294 22.
1264 4235 1379 4294 mittere
1393 4235 1465 4294 dioi-

257 4322 306 4374 tur
319 4314 451 4393 spiritum
472 4314 642 4376 mendaeem
665 4313 704 4374 ud
725 4313 926 4393 desipiendum
948 4314 1111 4391 Aehebnm,
1136 4335 1194 4376 uon
1208 4322 1254 4374 eet
1267 4314 1463 4393 approbsutis,

258 4393 310 4453 sed
323 4394 524 4472 permittentis,
540 4401 570 4452 et
582 4391 735 4453 efficaciter
743 4395 903 4454 ordinantis
916 4393 954 4452 nd
967 4394 1048 4471 impii
1063 4395 1154 4472 Regis
1167 4413 1296 4472 poeunm3
1318 4412 1373 4452 nee
1386 4394 1465 4452 enim

258 4470 372 4548 spiritui
373 4472 433 4608 tim
447 4471 580 4611 tlpnliaii
592 4471 698 4610 indildit
718 4471 868 4612 lilpidiuem
892 4471 1058 4550 mentiendi,
1082 4473 1134 4534 sed
1157 4471 1271 4552 eupido,
1296 4480 1327 4532 et
1346 4491 1466 4550 opernm

258 4567 372 4609 suamo
394 4571 484 4610 erent
530 4572 549 4608 n
568 4570 637 4611 sues
662 4571 770 4612 exau.

299 4623 442 4687 XXVII.
467 4593 553 4695 (leod
574 4639 723 4690 utronea
747 4649 846 4703 rama,
872 4641 913 4693 est
933 4633 1015 4694 etiam
1037 4651 1124 4692 enm
1147 4631 1264 4704 matr,
1290 4633 1317 4690 1.
1338 4629 1466 4688 velutin
