3158 5190
95 375 204 428 anm.
219 355 271 441 ι]
593 379 633 420 ne
648 377 820 422 scamma.
1269 363 1306 420 67

93 539 157 580 rum
178 519 308 598 injurius,
332 517 439 597 partim
457 518 674 599 Exscriptornm
697 527 727 580 et
749 517 944 580 Librariornm
967 517 1077 597 culpae;
1101 517 1187 579 Unde
1210 527 1306 580 tamen

95 601 255 679 Scriptura
277 601 394 661 attunt:
415 599 580 660 labefactari
601 609 734 679 nequeat,
757 598 826 680 quia
852 607 1006 660 occurrunt
1027 606 1140 659 tantum
1167 599 1197 659 in
1219 601 1306 662 rebus

203 679 1304 840 wana,

1126 805 1133 837 ,
1294 796 1304 808 .

91 839 239 900 dictiones
261 840 382 918 quidem
404 841 501 900 varias
523 850 692 919 apparentes
715 859 863 900 occanere
885 860 943 899 non
964 839 1131 916 diffitentur,
1161 840 1212 899 sed
1246 861 1305 902 non

92 939 182 980 verns
195 929 226 980 et
240 921 352 996 reales3
374 920 439 979 loca
453 921 585 998 quaedam
599 941 662 981 esse
678 920 803 998 tondes,
822 920 875 980 sed
888 940 946 980 non
959 921 1045 999 plene
1058 917 1148 980 ἕλικι
1160 928 1190 980 et
1203 920 1304 1000 despe-

91 1007 175 1094 ratu3
197 1019 266 1078 quae
279 1001 460 1094 communior
475 1009 520 1061 eat
534 1001 767 1063 Orthodoxornm
790 1001 940 1078 sententia,
956 1019 1043 1078 quam
1063 1009 1097 1061 ut
1118 1001 1253 1062 tutiorem
1275 1011 1305 1062 et

92 1099 243 1140 veriorem
257 1099 414 1160 sequimur.

404 1159 460 1219 lv.
482 1161 549 1220 Non
565 1161 703 1239 quaritur
725 1161 761 1221 dc
783 1161 940 1238 irrequlm'
958 1179 1064 1220 vocum
1085 1161 1234 1238 scriptione
1255 1163 1304 1222 vel

137 1225 320 1332 ⁸¹⁸3&
357 1241 549 1318 punctatione,
564 1241 613 1300 vel
627 1241 765 1301 (terrariis
779 1241 944 1318 ketomtus,
960 1259 1033 1318 quas
1052 1259 1111 1300 non
1125 1261 1189 1300 raro
1203 1261 1302 1302 occur·

236 1343 239 1350 ⁴
360 1339 423 1379 rere
444 1319 571 1380 latentur
592 1340 700 1380 omnes.
743 1321 808 1396 Vel,
825 1321 875 1380 An
890 1320 1068 1400 Apograplna
1081 1341 1147 1398 qum
1163 1322 1304 1382 habemus

90 1396 136 1456 itu
158 1413 228 1456 cnm
250 1396 451 1478 Antogrnphis
471 1401 572 1478 primis
595 1401 776 1477 conveniant,
801 1409 834 1460 ut
855 1401 885 1458 in
907 1400 987 1460 nullo
1009 1401 1094 1478 plane
1116 1401 1238 1480 apiculo,
1254 1403 1303 1462 vel

91 1476 215 1536 literula
222 1477 260 1536 ab
274 1478 333 1538 illis
347 1479 497 1540 recedant:
517 1477 584 1556 Sed,
595 1481 646 1539 An
659 1482 701 1540 ita
713 1482 750 1540 ab
764 1480 800 1540 iis
815 1481 986 1558 discrepent,
997 1488 1030 1540 ut
1043 1500 1145 1541 sensus
1159 1483 1303 1559 genuinus

92 1565 328 1716 corrurnpntgnp,fl
342 1578 396 1619 nec
422 1561 535 1639 possint
568 1561 693 1640 amplius
719 1561 831 1621 Textus
858 1560 1014 1639 originales
1039 1561 1152 1620 censeri
1178 1561 1247 1621 fidei
1274 1572 1303 1622 et

92 1656 211 1696 morum
226 1657 257 1696 re
329 1683 337 1697 .
1130 1679 1132 1682 v

134 1717 174 1775 V.
198 1717 268 1776 Non
294 1719 432 1796 quaeritur
458 1719 495 1780 de
519 1719 695 1797 particulari
715 1720 895 1799 quorundam
918 1719 1057 1781 Codicum
1084 1722 1302 1798 apamiam,-

93 1796 152 1855 Vel
166 1797 205 1856 de
220 1797 333 1858 Erratis
346 1819 411 1876 quus
425 1800 653 1878 Exseriptornm,
669 1801 717 1860 vel
737 1801 966 1878 Typothetnrum
979 1801 1158 1878 negligentia
1171 1802 1201 1860 in
1215 1803 1303 1879 hujus

93 1877 142 1936 vel
157 1877 240 1936 illins
253 1877 388 1939 editionis
403 1879 525 1940 Codices
538 1881 730 1960 irrepserunt3
753 1881 828 1939 Nam
842 1899 926 1940 nemo
940 1889 1030 1957 negat
1042 1880 1138 1940 varias
1151 1901 1215 1940 esse
1229 1883 1303 1941 tales

92 1957 294 2035 corruptelas3
317 1959 385 2036 Sed,
401 1959 451 2018 An
473 1960 580 2020 dentur
601 1961 772 2038 corruptele
793 1967 824 2019 ct
835 1963 939 2019 merida
952 1960 1124 2018 universalia
1137 1959 1189 2037 per
1202 1979 1302 2020 omnes

94 2036 220 2097 Codices
234 2046 294 2097 tum
309 2040 519 2118 manuscriptos
532 2060 619 2118 quam
636 2041 791 2119 impressos
813 2041 855 2102 its
876 2039 989 2115 diffusa,
1004 2048 1038 2098 ut
1058 2039 1139 2099 nulla
1152 2040 1201 2098 vel
1216 2041 1301 2100 Codi-

92 2135 160 2178 cum
181 2119 339 2196 variorum,
354 2119 402 2179 vel
424 2121 580 2199 Scripturas
602 2121 694 2199 ipsius
715 2127 745 2179 et
768 2119 897 2179 locomm
923 2119 1125 2198 parallelorum
1150 2119 1304 2180 collatione

94 2199 193 2256 unam
207 2207 240 2258 et
253 2199 359 2277 corrigi
372 2201 501 2278 possint3
524 2201 574 2259 An
589 2201 647 2260 sint
661 2199 793 2278 quadam
807 2219 884 2259 verae
906 2207 936 2259 et
957 2199 1058 2277 reales,
1074 2207 1104 2258 et
1117 2218 1175 2258 non
1189 2207 1302 2260 tantum

94 2285 269 2356 apparentes
283 2279 540 2358 conmadictiones3
563 2281 648 2356 Quod
661 2299 810 2358 negamus

95 2393 250 2455 &uptam
290 2411 338 2442 non
400 2359 455 2454 TI.
479 2361 618 2456 Rationes
646 2369 721 2438 aunt,
748 2363 772 2418 1.
797 2359 873 2454 Quia
896 2359 1110 2455 Scripturauest
1131 2359 1301 2454 trimam,

123 2459 338 2572 :w
357 2440 615 2597 turriti,
629 2439 1177 2599 tetrastemoria,
1193 2445 1299 2581 tici
1362 2533 1369 2542 ·

94 2599 286 2677 v.18,quod
306 2609 404 2660 munet
425 2601 456 2659 in
478 2609 626 2677 aeternam,
645 2605 660 2659 1
677 2601 739 2662 Pet.
763 2601 782 2661 i.
805 2603 854 2678 25,
877 2609 908 2660 et
928 2601 1008 2678 quod
1027 2609 1074 2660 est
1095 2601 1158 2679 ipsa
1173 2601 1299 2678 Veritas,

95 2678 184 2738 Joam
199 2680 273 2740 xvii.
291 2683 337 2739 17.
379 2679 532 2756 Quomodo
546 2682 623 2741 enirn
637 2681 708 2741 talis
721 2681 758 2740 de
779 2681 843 2760 ipse
856 2680 1081 2760 praedicarentur
1095 2682 1120 2740 si
1140 2689 1219 2741 esset
1232 2701 1300 2740 con·

92 2759 316 2820 mdictionibns
330 2761 464 2839 obnoxia,
475 2769 504 2821 et
518 2762 542 2820 si
557 2762 637 2822 Dens
651 2781 753 2840 pessus
766 2769 850 2838 esset,
858 2761 906 2820 vel
922 2761 1082 2840 Scriptores
1096 2781 1193 2822 sacros
1206 2777 1302 2821 errore

94 2847 125 2898 et
138 2839 281 2899 memoria
293 2840 361 2917 labi,
377 2841 426 2900 vel
440 2841 545 2901 menda
559 2842 589 2900 in
603 2861 666 2900 eam
679 2842 803 2920 irrepere
818 2841 1011 2900 insanabilia?

136 2919 211 2979 VII.
234 2924 262 2978 2.
285 2920 360 2997 Quin
378 2921 438 2980 nisi
459 2922 610 3000 integritas
632 2921 744 2981 illibata
763 2921 918 2999 Scriptores
939 2921 1091 2996 tribuatur,
1115 2941 1173 2980 non
1195 2921 1301 2998 poterit

92 2999 208 3059 eenoeri
221 2999 308 3060 unica
320 2999 389 3061 fidei
402 3019 571 3079 morumque
585 3001 694 3080 regula,
704 3009 734 3061 et
746 3001 807 3060 lata
820 3009 903 3078 porte
916 2999 1060 3078 aperietm
1069 2999 1183 3076 Atheis,
1199 3001 1301 3059 Libor-

92 3078 174 3155 tinis,
186 3081 391 3158 Enthuaiastis,
406 3089 437 3140 et
449 3081 514 3141 aliis
528 3080 651 3160 idgenus
660 3079 802 3156 Profanis,
818 3080 856 3139 ad
869 3079 933 3158 ejus
946 3081 1068 3139 ιῦίιπύιι
1082 3079 1304 3138 convellendam·

92 3167 125 3218 et
139 3159 243 3220 salutis
257 3159 476 3221 fundamentum
489 3161 686 3222 evertendum.
729 3162 802 3220 Cum
817 3159 893 3218 enim
906 3158 975 3219 fidei
997 3177 1055 3217 non
1078 3159 1169 3237 possit
1183 3158 1302 3218 subesse

92 3239 211 3316 falsnm,
226 3240 371 3318 quomodo
393 3242 560 3302 authentica
581 3241 683 3302 haberi
704 3240 818 3320 poterit,
841 3249 872 3298 et
893 3237 993 3298 divina
1015 3240 1125 3298 censeri
1143 3239 1299 3318 Scriptura,

92 3339 162 3398 quse
176 3321 452 3382 contradictionibus
466 3331 496 3382 et
509 3322 679 3417 corruptelis
693 3329 773 3381 essct
791 3319 941 3380 obnoxia?
983 3319 1044 3378 Neo
1065 3319 1123 3378 dici
1145 3319 1193 3380 hic
1214 3319 1302 3381 debet

93 3402 275 3479 corruptelas
287 3411 401 3464 rmum
415 3421 479 3462 esse
492 3403 523 3460 in
544 3402 782 3479 levioribusque
803 3399 872 3460 fidei
893 3399 1111 3461 fundamentum
1134 3419 1191 3460 non
1212 3401 1300 3461 attin—

94 3491 188 3560 gunt:
210 3481 285 3542 Nam
299 3481 325 3542 si
339 3481 429 3542 semel
444 3482 599 3561 Scriptum
619 3483 729 3542 ethna
744 3480 925 3558 convellitur,
940 3481 1019 3560 quod
1040 3480 1073 3542 iit
1087 3481 1135 3541 vel
1156 3501 1194 3541 ex
1216 3483 1302 3542 unius

94 3561 154 3620 leci
168 3562 350 3640 corruptione
359 3562 521 3640 insanabili,
531 3563 676 3642 quomodo
684 3559 771 3622 tidem
779 3569 907 3622 nostum
916 3561 1036 3621 ulterim
1046 3559 1167 3622 hindam
1178 3563 1302 3640 poterit?

96 3641 136 3700 Et
150 3641 177 3700 si
190 3642 220 3700 in
233 3642 392 3703 levioribus
400 3643 545 3722 corruptio
553 3642 723 3720 admittitur,
734 3661 786 3702 cnr
798 3659 856 3701 non
870 3641 976 3701 inullis
1037 3643 1189 3702 rioribus?
1229 3641 1302 3716 Quis

94 3721 169 3779 mihi
181 3721 269 3783 tidem
282 3723 377 3783 lacere
390 3723 505 3802 poterit,
515 3723 625 3784 nullam
638 3723 733 3783 labem
742 3722 791 3781 vel
804 3721 939 3782 mendum
953 3722 984 3780 in
1010 3742 1063 3782 oca
1075 3721 1303 3782 fundamentalia

94 3800 263 3880 irrepsisse:
284 3804 344 3864 Vel
365 3803 438 3882 qnid
458 3804 625 3883 responderi
646 3803 752 3882 poterit
773 3801 872 3862 Athea
893 3803 943 3862 vel
963 3803 1099 3862 haeretico
1122 3801 1230 3876 subtili,
1252 3803 1303 3877 qui

93 3881 174 3941 hunc
187 3883 237 3942 vel
250 3883 334 3944 illum
348 3884 445 3944 locum
458 3885 554 3944 minua
576 3883 632 3943 sibi
654 3881 798 3942 laventem
819 3882 850 3941 in
871 3883 978 3943 mendo
1000 3883 1105 3942 cubare
1119 3879 1304 3960 pertinaciter

94 3965 228 4023 meret?
268 3963 371 4041 Neque
390 3964 440 4023 hic
453 3962 659 4042 reponendum,
676 3959 892 4023 Providentiam
906 3961 1035 4022 divinam
1048 3959 1177 4021 voluisse
1199 3979 1216 4017 a
1238 3979 1303 4036 gra-

94 4041 227 4102 vioribus
239 4043 412 4122 corruptelis
426 4063 490 4103 eam
499 4043 660 4103 immunem
673 4051 823 4121 prestam3
838 4063 897 4104 non
905 4061 975 4102 vero
989 4061 1007 4100 a
1019 4040 1187 4101 levioribus.
1218 4039 1302 4117 Nam,

93 4131 288 4200 puaurqnam
302 4123 382 4201 quod
394 4125 450 4182 hoe
464 4123 555 4200 gratis
569 4123 692 4200 dicitur;
714 4141 773 4183 non
788 4123 850 4182 sine
864 4122 989 4204 quadarn
1003 4121 1068 4196 ejus
1081 4120 1188 4196 injuria
1201 4119 1302 4178 usseri-

93 4211 160 4279 tur,
181 4203 266 4280 qussi
286 4201 412 4264 defuerit
432 4203 463 4261 in
484 4204 662 4280 necessariis,
678 4223 743 4282 quoe
765 4201 804 4262 ad
824 4203 940 4279 plenam
965 4199 1120 4280 Scriptura
1142 4197 1305 4260 ιῦτηιπίιὲ

95 4281 334 4360 requirebantur:
357 4283 419 4343 Nec
430 4281 517 4342 facile
531 4283 728 4362 credipotest,
745 4285 849 4358 Deum,
865 4282 915 4360 qui
929 4277 1026 4341 omnia
1039 4289 1070 4340 et
1087 4280 1202 4360 singula
1215 4283 1306 4343 verbe

95 4361 177 4424 Viris
189 4365 360 4429 moerus
374 4363 497 4423 dictavit
510 4371 540 4424 et
552 4363 712 4444 inspiravit,
729 4363 765 4422 de
779 4363 914 4422 omnibus
928 4361 1014 4421 etiam
1029 4357 1236 4444 conservandis
1246 4383 1305 4423 non

96 4461 221 4505 eurem
265 4445 298 4504 Si
313 4437 447 4504 homiues
461 4444 551 4504 verba
565 4463 617 4504 ene
634 4443 746 4504 solicite
768 4443 934 4504 conservari
956 4449 1056 4502 curent
1077 4452 1216 4520 quantum
1239 4463 1305 4522 pos-

97 4533 170 4600 sunt,
185 4523 315 4585 maxims
330 4525 356 4584 si
376 4524 437 4584 aiut
450 4523 575 4602 alicujus
595 4525 742 4601 momenti,
758 4543 787 4580 v.
803 4543 832 4600 g.
847 4521 872 4581 si
887 4523 925 4604 sit
938 4523 1153 4584 Testamentum
1168 4524 1216 4582 vel
1238 4543 1306 4584 con·

95 4613 213 4683 mutua
228 4623 268 4665 ne
280 4605 354 4684 qrid
375 4603 545 4664 immutetur
558 4605 607 4664 vel
628 4601 844 4684 corrumpatur:
865 4603 980 4678 Quanto
1002 4604 1095 4682 magis
1110 4603 1199 4676 Deus,
1215 4602 1307 4660 Verbi

95 4685 147 4764 rui,
162 4685 245 4766 quod
258 4684 442 4747 Testamenti
455 4693 486 4745 et
499 4683 676 4746 Tabularum
692 4681 872 4763 publicarum
886 4677 1002 4746 laederis
1016 4683 1060 4746 sui
1074 4680 1225 4743 nobiscum
1242 4681 1310 4738 initi
