3044 5180
63 371 165 420 unser.
180 350 262 432 vnn]
497 371 536 410 ns
551 345 842 412 ennunsrrus'rroun.
1200 360 1258 416 305

61 509 210 586 afferantur,
226 511 258 568 in
272 509 421 570 liberrimo
441 511 497 570 Dei
510 511 689 590 beneplacito
703 518 821 590 praestat
834 511 1024 589 acquiescere,
1041 521 1069 572 et
1089 521 1172 591 grato
1197 518 1257 575 eni·

61 611 102 649 mo
118 592 303 673 φιλιήςηίιν
324 590 379 650 Dei
399 609 470 668 ergo
488 610 542 650 uos
562 611 720 669 agnoscere
740 600 770 650 et
790 591 943 666 celebrare,
968 612 1020 670 per
1040 612 1127 670 quam
1147 594 1256 655 relictis

62 670 175 749 Angelis
187 670 387 750 peccantibus,
401 669 493 730 nihilo
506 671 591 729 nobis
604 671 795 746 inferioribus,
820 671 878 729 imo
899 671 987 748 longe
1009 673 1105 750 quoad
1125 681 1255 734 naturum

61 751 308 828 prosecutoribus,
319 749 425 829 quibua
438 749 469 808 in
482 751 587 827 equali
601 752 686 829 eulpa
699 769 758 810 non
772 751 911 828 aequalem
924 751 1047 829 largitus
1061 760 1106 812 est
1114 754 1254 832 gratiam3

61 850 106 888 uos
117 838 209 889 tumen
223 831 255 888 in
269 837 391 908 peceato
404 829 512 907 pariter
521 831 652 907 jacentes
666 838 695 890 et
708 849 773 890 reos
787 851 824 890 ex
844 831 937 908 lapsu,
959 831 1122 892 admirabili
1144 833 1254 893 miseri·

61 910 147 968 cordia
160 909 275 988 erigere
290 917 321 969 et
334 909 372 968 ad
387 909 509 969 sslutem
523 909 679 987 perducere
694 910 803 970 statuit

94 989 182 1048 XIX.
204 989 249 1050 Ut
262 1008 335 1067 ergo
351 989 432 1048 Deus
451 986 582 1049 docrevit
595 988 777 1068 Angelorum
797 991 971 1049 creationem
992 991 1030 1049 ad
1042 991 1181 1052 bouitstis
1195 1013 1255 1053 suae

60 1068 318 1145 manifestationem,
333 1076 364 1128 et
376 1067 594 1146 permissionem
607 1069 707 1147 lapsus
719 1089 819 1129 eorum
833 1069 871 1128 ed
886 1069 1028 1130 libertatis
1043 1090 1111 1147 susa,
1126 1080 1156 1131 et
1169 1072 1254 1132 abso·

60 1149 105 1208 luti
117 1149 233 1208 dominii
247 1148 534 1224 demonstrationem,
550 1155 581 1207 et
593 1148 732 1226 majorem
746 1150 848 1226 grstiae
865 1168 933 1224 susc,
948 1149 978 1208 iu
999 1151 1072 1228 aliis,
1088 1171 1161 1228 quos
1181 1172 1254 1231 prae-

59 1247 160 1288 servare
173 1228 270 1288 voluit
283 1247 304 1287 a
316 1229 409 1305 lapsu,
424 1227 644 1288 illustrationem
656 1250 663 1304 ;
686 1228 733 1287 Ita
747 1227 961 1288 derelictionem
975 1229 1006 1288 in
1018 1230 1111 1308 lapsu,
1127 1239 1156 1291 et
1172 1231 1253 1291 dem-

60 1309 190 1368 untionem
202 1317 327 1387 propter
334 1316 484 1386 peecatum
495 1307 632 1385 ipsorum,
644 1308 681 1366 ad
687 1308 810 1386 justitie
822 1329 881 1368 suoe
891 1309 1084 1368 ostensionem
1094 1312 1253 1373 'coustituit

93 1387 163 1448 XX.
186 1387 349 1447 Damustio
369 1395 464 1447 entem
485 1387 677 1465 Angelorum,
691 1407 757 1465 quse
777 1395 822 1448 est
842 1397 923 1448 uetus
943 1389 1086 1466 positivus
1106 1391 1253 1468 Reproba-

62 1467 144 1544 tionis,
158 1467 272 1528 duabus
286 1466 420 1545 partibus
434 1465 603 1544 absolvitur,
624 1469 774 1544 dejectim
787 1488 802 1527 e
815 1471 890 1543 coelo,
906 1477 935 1528 et
948 1469 1106 1528 demuioue
1119 1471 1149 1528 iu
1163 1479 1253 1530 torto·

62 1567 131 1604 rum:
150 1547 315 1625 Utriusque
329 1546 459 1606 meminit
475 1546 641 1624 Scriptura3
669 1547 769 1624 prims
789 1547 914 1624 quidem,
935 1548 1005 1608 dum
1018 1548 1124 1608 dieitur
1144 1552 1253 1611 ecrelo

62 1625 157 1703 eadere,
172 1626 244 1687 Luc.
260 1647 294 1686 x.
314 1629 360 1701 18,
376 1626 595 1703 Contristabitur
602 1627 743 1686 &tonum
755 1628 846 1686 icatur
852 1628 979 1704 firlpurb
992 1647 1007 1686 e
1021 1631 1087 1688 coelo
1101 1633 1252 1707 nmmum,

63 1713 87 1764 et
98 1706 182 1784 Apoe.
197 1707 249 1766 xii.
265 1709 297 1783 9,
317 1709 363 1765 10.
388 1707 689 1782 Acmuatorfrotrum,
705 1707 755 1783 qui
771 1716 888 1766 vocabar
901 1708 1047 1784 Diabolus,
1063 1729 1126 1767 mem
1138 1711 1254 1788 Angelis

62 1787 115 1860 oue,
126 1787 224 1846 dictur
238 1788 269 1846 iu
283 1796 395 1846 terram
408 1789 548 1863 dejocum
566 1785 645 1864 quod
666 1785 839 1865 supplicium
852 1795 970 1863 peceato
991 1789 1118 1865 apprime
1136 1809 1253 1868 respon·

65 1861 119 1940 det,
138 1865 209 1925 Num
221 1874 258 1926 ut
268 1864 451 1925 domicilium
465 1885 549 1925 suum
562 1873 593 1926 ot
605 1865 747 1943 originem
760 1864 944 1943 reliquerant,
960 1875 1062 1942 sponte
1075 1887 1093 1925 a
1108 1868 1172 1928 Deo
1181 1869 1252 1930 defi·

63 1943 158 2022 ciendo,
171 1947 212 2006 ita
229 1945 430 2024 justissimum
450 1945 505 2006 brit
525 1965 543 2004 a
561 1945 656 2004 beatis
675 1944 735 2003 illis
755 1943 874 2003 sedibus
894 1944 1042 2004 exturbari
1057 1946 1184 2023 longos
1198 1949 1254 2008 Dei

64 2034 209 2103 eonqrectu,
230 2024 383 2104 quomodo
397 2025 464 2084 Rex
477 2045 543 2085 eum
556 2045 595 2098 err
608 2024 676 2084 aula
694 2043 747 2083 sna
759 2022 848 2101 ejicit,
864 2042 952 2101 equo
966 2025 1094 2102 graviter
1107 2034 1152 2085 est
1165 2025 1254 2085 offen·

65 2121 113 2162 sus.
136 2105 275 2165 Secundus
292 2104 381 2164 etiam
393 2105 525 2164 meminit
538 2123 597 2164 non
611 2103 709 2179 semel,
724 2111 758 2164 ut
770 2122 860 2180 quum
876 2103 980 2162 Petrus
993 2103 1042 2179 eit,
1057 2103 1180 2181 Ampelos
1193 2125 1254 2164 mo·

65 2183 98 2240 les
109 2191 192 2265 negate
204 2185 287 2262 ζίφου
302 2191 492 2266 nesapium,
502 2185 606 2244 merus
616 2183 743 2260 culipim'a
755 2183 860 2242 uinctos
873 2183 902 2241 iu
916 2191 1058 2242 tortorum
1067 2184 1253 2262 praepetuo-i,

66 2280 117 2339 cop.
127 2264 154 2322 ii.
164 2269 210 2341 2³,
222 2285 252 2324 v.
263 2269 298 2340 4,
310 2271 340 2323 et
349 2264 445 2324 Judas
459 2264 490 2321 in
500 2263 643 2341 judicium
657 2281 771 2339 magnus
785 2261 843 2322 diei
852 2261 979 2322 vinculis
992 2263 1107 2322 aeternis
1121 2263 1175 2324 sub
1186 2265 1254 2324 enli-

66 2341 121 2416 gine
138 2345 279 2404 reservari
301 2343 379 2418 dicit,
401 2352 432 2403 et
445 2343 475 2401 A
531 2363 605 2402 .xx.
620 2341 725 2420 eonjiei
745 2342 776 2400 in
796 2349 930 2419 stagnum
951 2341 1028 2423 iguis
1048 2350 1079 2416 et
1098 2343 1253 2422 sulphuris,

67 2417 194 2496 (paratum
207 2424 282 2502 ipsis
295 2423 333 2481 eb
346 2431 462 2496 esterno,
512 2429 564 2482 att.
579 2420 665 2502 xxv.)
680 2421 823 2483 dicuntum.
1077 2424 1079 2430 ’

99 2501 184 2562 XXI.
209 2503 298 2563 Licet
311 2521 381 2570 vero
391 2501 555 2580 justissima
566 2501 624 2561 ista
635 2501 691 2560 Dei
705 2501 848 2561 sententia
861 2501 891 2559 in
906 2500 1063 2562 Diabolum
1082 2503 1180 2562 statim
1194 2503 1255 2566 lata

66 2577 104 2654 eit
116 2599 169 2640 non
181 2591 283 2642 tamen
305 2581 402 2641 statim
416 2581 514 2658 quoad
531 2599 631 2640 omnes
643 2589 741 2658 portes
761 2580 926 2640 exoeutioui
939 2580 1076 2641 mandate
1089 2590 1151 2642 est:
1179 2583 1255 2644 Nam

66 2659 659 2801 sumus
669 2659 1255 2802 substitissemus

67 2975 131 3035 entis
151 2998 202 3038 nos
223 2943 410 3053 circumstat,
423 2997 555 3055 quereus
577 2995 663 3054 quem
685 2917 813 3050 <liiiio
837 2978 853 3033 l
876 2917 940 3034 liet
953 2995 1002 3051 v.;
1027 2995 1085 3052 quo
1106 2919 1256 3037 relereniia

68 3063 132 3132 sunt,
144 3077 206 3135 que
220 3059 319 3137 Apoo.
334 3077 385 3116 xx„
401 3056 437 3116 de
450 3057 584 3116 solatione
597 3066 624 3116 et
641 3056 773 3132 liputioce
786 3055 903 3114 &wne
917 3053 1069 3141 habentur,
1084 3057 1172 3114 donee
1191 3057 1252 3115 ulti-

68 3151 107 3194 me
118 3136 159 3196 cte
165 3139 342 3216 projr'ciotur
353 3137 384 3196 in
396 3146 525 3214 smyrnum
541 3137 613 3214 ἐμπίς
626 3143 654 3195 et
664 3134 814 3210 miniaceis,
829 3133 878 3194 uli
889 3133 919 3191 in
932 3141 1066 3192 omum
1080 3142 1253 3210 torqueatur,

70 3217 211 3356 iiiiii.
224 3297 276 3356 Ex
291 3295 397 3391 quibus
410 3303 490 3374 patet
502 3294 545 3354 ita
558 3294 589 3352 in
599 3301 677 3354 stetu
690 3291 797 3371 poeneli
809 3292 872 3370 jam
892 3291 1029 3351 constitui
1048 3290 1182 3370 Angelos
1194 3292 1255 3372 lep·

69 3387 115 3446 ⁸0⁸,
127 3381 158 3434 nt
169 3376 336 3454 reprobatio
349 3395 403 3436 sua
415 3375 486 3453 ipsis
500 3374 539 3434 sit
552 3374 677 3451 cognite,
692 3372 842 3449 sciantque
855 3371 893 3430 ed
906 3371 1045 3448 majorem
1063 3372 1107 3430 sui
1121 3372 1158 3431 de
1210 3391 1254 3432 re·

68 3449 169 3529 bouem,
182 3455 297 3516 nullam
309 3455 372 3532 spei
385 3453 540 3514 seiutillnm
553 3453 625 3532 ipsis
645 3471 709 3512 esse
729 3451 888 3545 reliquam:
908 3458 942 3510 nt
959 3450 1107 3510 bisetium
1144 3451 1151 3466 '
1174 3461 1257 3512 erant

69 3527 100 3585 ab
114 3531 275 3596 hominibus
296 3534 434 3612 reprobis,
449 3550 573 3610 quorum
591 3532 661 3591 lieet
673 3539 752 3592 uerte
773 3539 811 3590 ert
831 3531 868 3591 ab
890 3539 997 3590 aeterno
1018 3539 1047 3590 et
1067 3530 1256 3592 immutabilis

71 3611 460 3753 tmlttrfflttt
472 3611 587 3748 Ἥ
593 3618 849 3764 tuditis
865 3609 1254 3748 ξξὲξὲξξξξξξξὲξξὲ

71 3781 126 3824 nem
138 3788 213 3847 spem
227 3773 332 3848 veniae,
346 3781 380 3831 ut
397 3711 652 3848 tamppiicpocerae
666 3771 704 3829 sit
716 3767 921 3828 misericordiae
934 3767 1087 3826 condolere
1100 3767 1177 3828 velle
1191 3767 1254 3825 illo-

71 3860 124 3902 rum
136 3849 262 3928 miserim
279 3871 366 3929 quam
380 3849 509 3910 ridicme
530 3849 591 3927 spei
612 3849 722 3927 aliquid
743 3867 857 3925 sperare
878 3866 944 3907 cum
965 3845 1090 3922 Origene
1105 3843 1145 3903 de
1157 3863 1255 3904 eorum

72 3925 232 3990 nstitutione
245 3939 315 4010 post
327 3930 423 3990 varies
437 3929 599 3990 seculorum
612 3927 816 3988 revolutiones.
