3250 5176
271 357 329 418 612
725 381 816 424 cocus
830 381 968 425 oremus.
1285 357 1412 442 [conse.
1429 379 1476 422 ιι.

270 516 319 578 vel
331 518 451 596 praecise
471 519 502 579 in
516 541 556 597 ee,
578 529 608 582 et
627 522 669 582 ita
688 523 719 582 in
732 523 807 583 thesi
821 543 884 583 esse
898 521 1116 597 indifferentem,
1131 522 1179 580 vel
1194 521 1315 580 relative
1335 529 1477 598 respectu

269 615 390 658 amoeaeae
406 601 595 678 conpr-uitatis,
620 610 653 662 nt
672 602 800 680 loquitur
813 603 1015 678 Bellermiuns,
1030 601 1079 661 vel
1092 603 1190 660 debitos
1209 602 1415 677 applicatiom's,
1438 609 1479 660 ut

269 675 328 752 elii,
350 687 380 738 et
400 679 468 740 bine
488 681 557 739 oriri
577 681 739 758 discrimen,
762 683 832 761 qnia
855 682 956 742 eedem
975 683 1159 759 eleemosyna
1178 701 1238 740 non
1261 701 1344 759 aeque
1365 681 1478 739 efficiet

270 763 399 818 satanun
413 777 447 818 ac
460 759 631 820 famelicum.
663 762 738 819 Nam
752 781 881 840 congrua
894 764 951 823 ista
964 763 1064 840 gratis
1078 760 1241 839 applicatio,
1255 761 1304 820 vel
1319 759 1477 819 referenda

270 843 315 894 est
325 837 362 895 ad
372 838 464 916 ipsam
478 841 600 916 gratiam
614 841 713 916 solam,
724 842 773 901 vel
786 843 824 901 ad
834 843 956 902 liberum
967 841 1116 901 arbitrium
1131 841 1233 916 solum,
1244 841 1292 899 vel
1306 840 1345 898 ad
1358 849 1475 899 utrum-

268 933 345 992 que,
369 917 401 976 Si
414 918 531 977 arbitrio
544 920 600 978 hoc
613 920 789 998 conceditur,
803 923 853 981 vel
866 923 898 980 in
910 930 981 996 toto,
996 922 1044 981 vel
1058 941 1096 980 cx
1109 929 1199 998 parte,
1218 921 1281 998 jam
1295 920 1368 978 vicit
1385 920 1473 978 Pela-

268 995 342 1070 gius,
357 1015 415 1055 non
428 997 535 1056 Paulus
546 1021 554 1074 ;
578 999 610 1058 Si
623 1001 677 1060 soli
688 1001 798 1078 gratim,
810 1003 873 1080 jam
887 1002 994 1062 corruit
1007 1001 1116 1060 idolum
1129 1001 1213 1059 liberi
1227 999 1347 1075 arbitrii,
1360 1009 1390 1059 et
1403 1019 1473 1077 gra·

267 1074 308 1132 tia
321 1093 379 1133 non
393 1076 448 1136 erit
467 1079 595 1155 aequalis,
615 1080 683 1157 quia
703 1077 787 1141 altc'ri
808 1082 899 1142 defuit
919 1100 1047 1159 congrua
1067 1079 1230 1158 applicatio,
1246 1099 1332 1157 quam
1349 1080 1474 1138 alterius

321 1153 362 1214 tia
379 1155 505 1217 inclusit.
536 1157 597 1218 Nee
611 1158 774 1236 dicendum,
786 1161 1010 1239 inaequalitatem
1025 1162 1126 1238 gratiae
1140 1159 1204 1218 dari
1216 1161 1246 1216 in
1260 1179 1367 1236 genere
1381 1160 1473 1218 bene·

289 1233 335 1309 cii,
351 1234 402 1294 sed
422 1238 525 1295 nonin
546 1257 651 1316 genere
664 1241 816 1318 motionis;
845 1241 966 1300 eandem
987 1241 1089 1317 gratiae
1109 1240 1265 1298 motionem
1279 1239 1433 1316 utriusque
1455 1260 1474 1297 a

267 1321 349 1391 parte
363 1315 420 1374 Dei
433 1316 572 1394 adbiberi,
588 1318 640 1378 scd
660 1319 697 1378 ob
711 1319 855 1380 diversam
874 1320 1053 1398 objectorum
1068 1319 1294 1397 dispositionem,
1310 1327 1340 1377 et
1353 1327 1473 1396 captam

269 1411 286 1450 a
299 1405 476 1472 proponente
497 1399 747 1476 opportunitatem,
762 1398 893 1459 diversos
913 1399 1032 1459 effectus
1045 1399 1220 1477 producere,
1243 1399 1318 1456 Nam
1333 1399 1358 1457 si
1372 1399 1412 1456 ob
1427 1399 1471 1456 di-

268 1491 383 1533 versam
397 1478 656 1538 convertendorum
670 1479 886 1558 dispositionem
900 1479 1034 1538 diversus
1054 1478 1185 1557 ejusdem
1198 1479 1334 1537 motionis
1347 1477 1473 1538 effectus

268 1553 396 1630 prodeat,
412 1575 482 1633 ergo
496 1557 650 1618 discrimen
663 1560 719 1619 hoc
733 1560 925 1638 quodcunque
939 1559 984 1635 sit,
999 1579 1058 1618 non
1071 1579 1089 1616 a
1103 1559 1197 1635 gratia
1209 1557 1282 1632 fluit,
1298 1556 1350 1617 sed
1363 1579 1383 1616 a
1396 1559 1471 1617 reci-

267 1631 374 1769 pientis
394 1655 459 1712 quae
480 1637 682 1715 superadditur
701 1639 935 1718 promptitudine,
957 1659 1027 1716 ergo
1059 1638 1184 1716 seipsum
1205 1636 1344 1697 discernit
1368 1647 1473 1697 contra

293 1713 400 1791 aulum,
415 1723 445 1774 et
457 1715 546 1776 babet
559 1718 638 1795 quod
650 1739 710 1778 non
723 1720 842 1798 aceepit,
857 1718 934 1779 unde
948 1719 1095 1796 glorietur.

266 1822 364 1875 aqui,
378 1842 437 1886 ⁰1³⁸!
454 1845 507 1890 8,,
543 1876 550 1890 ,
570 1797 666 1857 XXI.
690 1799 788 1874 Sexto,
811 1800 886 1874 Quia
900 1819 972 1876 opus
990 1797 1188 1858 conversionis
1201 1805 1306 1857 nostra
1321 1805 1367 1856 est
1381 1797 1469 1857 Crea-

295 1883 391 1988 {ipset
401 1886 508 1944 creeuo,
528 1883 583 1954 tro,
595 1877 786 1955 Resurrectio,
809 1878 1011 1957 Regeneratio,
1036 1885 1066 1936 ct
1088 1877 1190 1936 Gordia
1213 1877 1283 1935 novi
1304 1877 1470 1954 productio,

266 2027 306 2120 cit
319 2027 351 2087 in
360 2032 445 2093 nobis
463 2035 539 2095 velle
553 2045 582 2096 et
595 2037 740 2114 perficere.
776 2039 819 2098 Ut
831 2059 901 2098 vero
914 2039 1001 2097 bomo
1015 2036 1053 2097 ad
1067 2037 1112 2096 sui
1125 2038 1307 2112 creationem,
1322 2056 1470 2096 resurrec-

265 2115 384 2188 tronem,
399 2121 429 2171 et
448 2117 694 2193 regenerationem
714 2119 787 2178 nihil
808 2118 936 2178 conferre
950 2125 1063 2196 potest3
1084 2117 1126 2176 ita
1146 2136 1199 2175 nec
1215 2124 1350 2194 peccator
1369 2117 1408 2174 ad
1423 2119 1470 2176 sui

267 2191 494 2271 conversionem,
510 2196 563 2256 sed
575 2197 606 2256 in
620 2199 744 2257 solidum
758 2199 813 2257 hoc
828 2199 929 2276 gretia
940 2197 995 2256 Dei
1016 2205 1165 2274 acceptum
1179 2196 1252 2255 ferre
1266 2195 1361 2255 debet,
1405 2196 1435 2254 N
1436 2215 1470 2256 cc

267 2267 364 2360 obstat
378 2271 456 2349 quod
470 2275 571 2335 eadem
584 2277 660 2338 cotio
680 2299 745 2357 quae
760 2278 824 2338 Deo
837 2279 973 2338 tribuitur
993 2277 1023 2335 in
1044 2276 1239 2352 conversione,
1254 2275 1365 2334 homini
1379 2276 1470 2334 etiam

266 2367 277 2405 1
299 2349 323 2407 si
337 2370 396 2409 non
409 2372 475 2412 raro
487 2355 660 2435 imperatur;
683 2367 819 2436 utquam
832 2377 983 2436 resurgere
993 2356 1137 2434 jubemur,
1154 2363 1184 2415 et
1197 2375 1247 2414 cor
1259 2373 1369 2414 novum
1384 2357 1471 2414 nobis

279 2447 370 2505 acere,
386 2432 492 2494 Erech.
507 2437 590 2494 xviii.
602 2440 649 2512 31,
666 2438 741 2516 Eph.
757 2440 785 2497 5.
802 2441 848 2496 14.
872 2439 908 2496 R.
925 2437 997 2496 Nam
1019 2436 1088 2495 licet
1108 2436 1258 2495 conversio
1272 2435 1432 2512 imperetur
1451 2457 1469 2494 a

267 2505 331 2566 Deo
345 2517 378 2569 ut
392 2511 517 2571 officium
530 2535 548 2572 a
561 2515 645 2576 nobis
659 2517 788 2577 debitum
800 2539 808 2594 ς
830 2516 897 2577 Non
910 2516 1016 2575 desinit
1034 2523 1185 2654 propterea
1205 2535 1223 2573 a
1237 2516 1300 2574 Deo
1313 2515 1345 2572 in
1358 2513 1469 2574 loederc
1591 2541 1592 2557 ι

266 2587 367 2662 gratiss
380 2591 510 2666 promitti
523 2601 556 2653 ut
569 2594 677 2655 donum
689 2619 696 2672 ;
720 2597 767 2655 Ite
780 2603 813 2655 ut
827 2595 1015 2674 concipienda
1029 2597 1067 2654 sit
1101 2596 1188 2673 uplex
1199 2594 1291 2654 veluti
1304 2597 1468 2670 conversio,

264 2666 314 2724 vel
326 2667 412 2726 unius
422 2673 619 2732 conversionis
632 2675 729 2752 potius
743 2674 808 2736 duee
821 2684 926 2753 partes,
942 2675 1071 2752 aliaquae
1086 2695 1103 2733 a
1118 2677 1181 2734 Deo
1194 2674 1236 2750 fit,
1251 2674 1308 2733 alia
1321 2674 1358 2733 ab
1372 2675 1467 2733 homi-

266 2763 310 2822 ne,
327 2745 363 2805 de
377 2767 435 2825 qua
449 2749 581 2812 Ecclesia
593 2753 722 2831 loquitur
736 2755 867 2814 Lament.
883 2775 945 2832 cap.
959 2775 989 2814 v.
1004 2758 1052 2830 21,
1070 2756 1206 2814 Converte
1219 2775 1269 2813 noe
1285 2763 1313 2813 et
1325 2765 1466 2814 concate-

264 2843 346 2900 mar;
366 2827 417 2886 illa
430 2831 576 2910 praecedit,
590 2833 653 2893 baec
667 2835 815 2912 sequitur;
841 2835 898 2894 Illa
912 2853 1023 2913 semper
1036 2835 1172 2894 tribuitur
1186 2836 1258 2910 Dec,
1273 2853 1332 2893 non
1345 2833 1466 2910 homini,

265 2905 329 2966 Ista
342 2927 454 2987 semper
466 2911 585 2991 homini,
600 2933 748 2992 nunqnam
763 2916 836 2976 Deo.
859 2914 896 2973 In
909 2915 1000 2993 prime
1013 2915 1148 2974 voluntas
1158 2914 1262 2991 agitur,
1275 2921 1304 2972 et
1316 2933 1375 2973 non
1389 2914 1466 2992 agit;

265 2985 304 3047 In
317 2989 444 3050 secunda
457 2992 554 3069 agitur
574 3003 603 3055 et
623 2995 692 3072 agit,
709 3015 760 3055 seu
780 2995 874 3073 reagit
893 2995 965 3073 ipsa,
988 2994 1040 3054 sed
1059 3015 1078 3053 a
1091 2995 1155 3054 Deo
1168 2994 1292 3072 primurn
1313 3001 1386 3052 acta.
1430 2995 1467 3052 In

264 3069 366 3164 prima,
378 3071 434 3130 Dei
444 3071 538 3149 gratia
548 3095 668 3170 operans
679 3075 792 3153 dicitur,
800 3076 868 3153 quia
882 3075 944 3134 sola
954 3083 1104 3152 operatur3
1120 3075 1158 3133 In
1166 3074 1292 3132 secunda
1302 3093 1466 3168 cooperans,

265 3167 407 3290 ttttt
415 3161 643 3312 tttttttt
649 3153 1361 3313 {ffliff’iidtilipbiiiiiiiii‘glciss
1371 3174 1467 3293 tlt?

265 3308 361 3368 cunda
374 3330 432 3371 non
446 3321 559 3372 tantum
573 3323 618 3375 est
632 3316 792 3392 subjectum
807 3335 909 3393 capax,
925 3313 976 3374 sed
990 3313 1076 3372 etiam
1090 3315 1313 3372 instrumentum
1329 3313 1464 3372 idoneum

265 3397 294 3446 et
305 3390 405 3448 vivum
419 3391 526 3450 divinae
540 3395 649 3470 gratia,
665 3396 770 3473 quippe
785 3395 889 3454 snalla
903 3395 975 3472 ejus,
990 3401 1024 3453 ut
1037 3392 1159 3452 subinde
1173 3393 1359 3470 Augustinus
1372 3394 1465 3470 loqui·

264 3475 319 3541 tur,
338 3476 367 3526 et
381 3466 480 3547 ’σ’ςγιιιοι
492 3468 617 3549 ἰ’μψνχοι,
632 3493 772 3548 arcanum
792 3474 956 3534 animatam.
998 3474 1063 3548 Quo
1076 3473 1233 3550 respiciunt
1251 3473 1307 3531 iste
1324 3473 1465 3531 Bernardi

263 3545 299 3605 de
315 3546 420 3606 Libero
441 3548 580 3627 Arbitrio,
604 3554 622 3586 “
637 3551 714 3626 Quid
734 3553 796 3629 agit
815 3553 938 3612 liberum
959 3553 1130 3612 arbitrium?
1149 3552 1277 3611 breviter
1296 3552 1464 3628 respondeo,

265 3625 409 3688 Salvatur.
452 3627 531 3706 Opus
550 3632 607 3691 hoc
628 3630 689 3690 sine
710 3631 823 3690 duobus
844 3631 919 3690 effici
938 3652 996 3690 non
1012 3641 1117 3710 potest,
1131 3651 1189 3690 uno
1210 3651 1298 3709 aquo
1318 3632 1361 3706 fit,
1376 3633 1466 3691 altaro

262 3706 294 3766 iu
313 3727 372 3786 quo
392 3707 433 3785 fit,
457 3709 537 3770 Deus
558 3713 662 3772 author
682 3711 792 3785 salutis,
816 3711 939 3770 liberum
960 3711 1110 3770 arbitrium
1130 3719 1242 3771 tantum
1264 3713 1386 3788 capax.''
1428 3713 1466 3771 Et

262 3787 319 3848 ista
334 3789 470 3867 Hugonis
484 3789 521 3850 de
537 3792 566 3852 S.
581 3793 660 3853 Vict.
683 3794 701 3826 “
716 3792 818 3852 Gratis
837 3792 997 3869 reparatrix
1010 3791 1118 3869 aspirat
1137 3790 1229 3869 primo
1243 3791 1348 3850 bonam
1363 3791 1464 3850 volun-

262 3873 352 3927 tatem
363 3877 396 3928 ut
405 3869 456 3976 pit,
466 3869 571 3933 deinde
583 3873 705 3953 inspirat
718 3893 783 3933 eam
796 3879 829 3932 ut
842 3879 1005 3949 moveatur;
1026 3873 1119 3950 primo
1130 3880 1264 3950 operatur
1276 3891 1350 3948 eam,
1362 3870 1466 3931 deinde

263 3967 316 4026 per
329 3967 402 4008 sam.
415 3950 422 3976 ¹

302 4091 354 4139 m„
405 4093 436 4140 s,
566 4033 679 4093 XXII·
701 4033 798 4108 Quum
819 4033 900 4092 Deus
920 4031 1056 4110 propone
1076 4032 1218 4092 recum
1239 4031 1404 4108 eligendam
1421 4032 1464 4090 vi.

527 1977 579 2034 per
588 1977 675 2034 quarn
690 1958 771 2019 Deus
785 1979 843 2018 non
857 1959 943 2018 modo
958 1958 1059 2017 suadet
1071 1957 1183 2032 leniter,
1196 1957 1247 2016 sed
1260 1965 1395 2034 potenter
1407 1957 1470 2016 effi·
1500 1985 1504 1992 ·

331 4095 473 4198 tidinari*
523 4121 583 4174 tam
597 4121 627 4173 et
640 4121 770 4188 mortem,
787 4112 874 4172 Deut.
890 4133 963 4172 xxx.
987 4115 1033 4188 15,
1048 4119 1078 4171 et
1092 4119 1172 4189 optat
1186 4131 1285 4171 eorum
1300 4111 1463 4170 conversio·
1585 4137 1586 4168 ι

523 4213 599 4268 nem,
616 4193 702 4253 Dent.
718 4192 813 4251 xxxii.
828 4194 876 4268 29,
893 4192 1047 4270 compellat
1067 4192 1224 4250 instructos
1233 4192 1295 4268 jam
1315 4199 1344 4249 et
1358 4189 1464 4250 illumi·

262 4279 355 4348 natos,
370 4280 404 4332 ut
417 4281 571 4350 operentur
583 4293 635 4351 pro
648 4274 782 4333 libertate
796 4271 871 4348 data,
883 4291 941 4331 non
955 4271 1095 4346 infideles,
1108 4279 1137 4330 et
1147 4271 1178 4328 in
1188 4270 1323 4330 sordibus
1336 4289 1371 4328 ac
1384 4278 1464 4329 tene-

261 4352 322 4414 bris
335 4351 442 4412 nativis
453 4353 593 4431 jacentes,
609 4352 646 4412 de
660 4353 766 4432 quibus
779 4353 827 4410 hic
846 4351 950 4428 agitur.
993 4350 1116 4426 Deinde,
1132 4349 1223 4427 siqui
1241 4349 1357 4410 luerem
1370 4349 1464 4410 adbuc

261 4431 410 4508 irregeniti
430 4432 461 4490 in
482 4440 559 4492 statu
578 4433 698 4510 peccati,
713 4439 746 4491 ut
766 4432 906 4509 plurimos
920 4431 1009 4491 fuisse
1024 4431 1144 4491 dubium
1163 4438 1289 4505 nonest,
1305 4449 1343 4488 ex
1366 4432 1382 4487 1
1399 4429 1463 4490 Cor.
1584 4439 1585 4460 *

261 4527 292 4568 x.
307 4512 334 4585 5,
351 4510 428 4570 Heb.
444 4511 483 4572 ir.
499 4515 526 4584 6,
543 4514 570 4586 9,
585 4513 645 4572 illis
668 4513 723 4570 hac
743 4511 854 4571 ratione
876 4511 914 4569 ad
934 4511 1042 4570 bonum
1056 4509 1223 4588 eligendum
1237 4529 1296 4568 non
1313 4508 1400 4567 simul
1414 4509 1463 4568 tri·
1583 4567 1584 4590 ,

260 4583 324 4652 buit
346 4587 425 4647 vires
445 4590 476 4647 id
489 4590 617 4666 eligendi
631 4593 693 4650 sine
707 4589 819 4668 gratia,
841 4589 893 4650 sed
908 4590 993 4650 docet
1013 4589 1146 4666 officinm,
1161 4597 1195 4648 ut
1215 4588 1309 4648 sciant
1329 4587 1400 4666 quid
1414 4589 1462 4647 eli-

259 4679 328 4738 gere
342 4662 380 4724 sit
400 4668 568 4745 consultius,
583 4669 698 4747 etquid
718 4689 735 4728 a
750 4669 814 4729 Deo
827 4677 926 4748 petere
939 4669 1073 4746 debeant,
1088 4677 1121 4730 ut
1134 4687 1186 4748 per
1200 4668 1324 4746 mabam
1342 4667 1461 4746 promis·
