3152 5178
109 381 211 432 quaes.
226 364 318 446 svm]
529 387 569 427 ns
583 387 641 432 uso
655 387 724 446 uno,
740 389 778 430 er
791 389 890 430 resno.

542 607 736 683 QUAESTIO
757 609 865 671 XVII.

279 766 329 826 Aa
347 766 507 826 Volesum
520 768 579 828 Dei
591 768 689 846 aliqua
697 770 789 848 possit
801 769 871 830 daei
883 769 1004 832 Gnaeo!
1044 769 1119 848 Nag.

140 923 166 984 1.
186 923 317 999 Questio
330 923 389 986 ista
402 944 442 988 ex
454 926 683 1004 praecedentibus
697 927 822 1006 pendet3
844 937 875 990 st
887 938 1004 1008 propter
1018 929 1192 1006 Pelagianos
1209 948 1308 990 noess-

101 1005 175 1064 nria
187 1015 241 1080 est,
255 1006 308 1082 qui
321 1005 354 1064 in
377 1005 496 1086 negotio
510 1007 776 1071 hedestinaaionis
795 1029 898 1070 oausas
921 1010 1081 1070 voluntatis
1098 1009 1206 1069 divinae
1227 1019 1311 1070 extra

102 1083 196 1144 Deum
219 1095 355 1163 quemnt
375 1085 407 1146 iu
430 1087 603 1164 pmvisiona
624 1087 702 1165 fidei,
723 1089 773 1148 val
795 1089 866 1150 boni
886 1109 958 1150 usus
980 1089 1066 1150 liberi
1085 1089 1205 1149 arbitrii.
1247 1089 1310 1150 Nos

100 1183 249 1224 varocum
264 1165 444 1226 Orthodoxis
457 1165 565 1226 nullam
580 1187 697 1228 oausam
718 1169 833 1249 proprie
854 1169 963 1232 dietam
976 1170 1136 1232 voluntatis
1149 1169 1207 1230 Dei
1225 1177 1311 1232 extre

101 1242 198 1305 Deum
212 1246 401 1323 quaerendam
415 1265 479 1308 esse
492 1267 651 1308 sumemus.

404 1325 448 1386 II.
469 1326 521 1386 Ad
535 1334 641 1388 statum
654 1329 822 1406 quaestionis
835 1338 922 1392 nota:
944 1329 1036 1390 Aliud
1050 1347 1114 1390 esse
1128 1347 1256 1408 quarere
1270 1328 1307 1388 de

126 1387 214 1438 Μ’
229 1388 313 1439 ⁰¹¹*
362 1407 474 1468 ratione
492 1408 641 1470 antanasi
656 1409 732 1488 Dei3
754 1409 847 1470 Aliud
869 1407 905 1472 de
931 1410 1037 1482 Ouarsa.
1079 1409 1146 1468 Non
1169 1410 1308 1487 quaeritur

181 1449 268 1493 Μὴ
362 1486 419 1562 hie,
441 1485 491 1545 An
506 1487 603 1566 aliqua
615 1489 708 1565 possit
729 1487 792 1548 dari
805 1489 879 1549 ratio
900 1488 1060 1550 voluntatis
1075 1488 1139 1566 Dei,
1154 1509 1209 1548 nea
1230 1489 1308 1548 enim

97 1571 194 1640 potest
208 1583 273 1624 osse
286 1559 382 1637 ism
395 1567 531 1632 voluutas
545 1567 610 1643 Dei,
625 1569 676 1646 qui
689 1569 785 1628 omnia
799 1568 867 1630 feeit
880 1570 1099 1648 sapientissime,
1114 1569 1169 1630 etsi
1182 1569 1306 1647 plerum·

98 1661 155 1719 que
169 1644 246 1704 ratio
259 1645 311 1704 illa
324 1665 378 1706 nos
391 1646 499 1724 lateat3
526 1648 683 1708 Vohmtatis
703 1649 768 1725 Dei,
784 1649 879 1728 inquit
892 1651 972 1728 Aug.
987 1651 1070 1730 epist.
1085 1651 1134 1726 59,
1155 1649 1194 1710 ad
1208 1649 1307 1708 Pauli·

97 1739 177 1798 num,
200 1727 311 1784 asculta
331 1745 420 1786 οαοοα
441 1747 498 1786 sesa
516 1737 617 1804 potest,
632 1729 737 1806 injusta
757 1749 883 1790 essenon
898 1741 998 1807 potest,
1021 1731 1072 1791 ubi
1086 1749 1203 1790 eausam
1217 1729 1307 1790 sumit

96 1821 150 1879 pro
163 1805 285 1880 renone
300 1807 370 1882 quia
382 1806 452 1865 alibi
466 1806 516 1866 lib.
532 1807 551 1866 i.
566 1807 603 1868 de
617 1808 725 1869 Genus.
738 1817 816 1870 sont.
831 1810 922 1868 Mani.
936 1829 962 1870 e.
977 1815 1006 1886 2,
1027 1810 1130 1870 statuit
1148 1807 1307 1870 absurdum

97 1901 162 1944 essa
174 1902 304 1961 quaerere
319 1905 435 1946 eausam
449 1886 607 1949 voluntatis
619 1888 694 1966 Dei3
719 1889 829 1949 Oeneae
841 1890 991 1948 volontatis
1004 1891 1064 1949 Dei
1075 1890 1134 1948 aine
1145 1891 1207 1968 fiae
1228 1909 1304 1966 qau-

97 1972 172 2038 runa,
188 1983 252 2022 mem
265 1968 394 2024 voluntas
407 1967 467 2024 Dei
488 1968 610 2026 omnium
628 1988 691 2045 quoe
703 1978 769 2027 suat
781 1969 844 2046 ipssa
857 1970 894 2026 sit
905 1989 1001 2028 cauea.
1045 1966 1104 2027 sed
1117 1969 1255 2045 quaeritur
1268 1965 1306 2027 de

96 2060 185 2101 musa
197 2045 313 2122 proprie
327 2045 414 2120 dieta,
429 2063 494 2124 quae
507 2047 687 2108 voluntatem
710 2047 767 2106 Dei
787 2057 904 2107 moveat
923 2048 962 2107 ad
981 2049 1037 2107 hoe
1056 2045 1106 2107 vel
1118 2047 1193 2106 illud
1205 2047 1305 2107 volen-

96 2120 183 2196 dnm;
206 2143 295 2201 quam
306 2124 369 2182 dari
382 2145 468 2203 posse
482 2133 612 2192 statuunt
626 2127 816 2204 Adversarii;
839 2127 901 2187 Nos
913 2147 1064 2206 negamus.

136 2201 200 2261 111.
223 2203 266 2264 Ut
280 2204 337 2264 Dei
359 2205 495 2265 voluntas
515 2212 560 2265 ast
583 2207 712 2266 omnium
735 2227 831 2266 rerum
851 2226 947 2283 eausa,
972 2208 1020 2266 Ita
1044 2207 1107 2284 ipsa
1129 2204 1240 2265 nullam
1260 2205 1306 2265 sui

97 2300 214 2341 musam
236 2282 343 2346 habere
366 2293 481 2363 potest:
502 2295 532 2346 at
549 2294 610 2346 tam
628 2295 738 2346 oenum
765 2295 811 2347 est
837 2307 953 2346 oausam
980 2286 1140 2350 uoluntatis
1168 2284 1225 2344 Dei
1252 2305 1305 2344 ex·

98 2369 141 2419 tra
155 2361 251 2439 ipsum
276 2364 386 2422 nullom
408 2363 478 2440 dari,
501 2385 588 2443 quam
612 2374 722 2426 eertum
746 2367 877 2426 estnihil
897 2368 963 2427 Deo
983 2367 1063 2446 prius
1086 2385 1170 2426 esse:
1190 2385 1258 2424 nam
1280 2365 1306 2425 si

97 2440 184 2502 hahet
196 2461 324 2520 eausam,
340 2453 386 2504 est
398 2444 509 2523 aliquid
521 2445 601 2523 quod
623 2465 688 2506 eam
701 2447 863 2524 antecedit3
885 2456 916 2506 et
931 2449 973 2507 aio
986 2455 1063 2508 esset
1077 2465 1164 2506 eausa
1178 2447 1305 2506 secunda

99 2539 155 2580 non
167 2521 270 2601 prima,
285 2524 449 2618 regarlstum
467 2543 527 2619 uon
537 2525 650 2618 'regula
683 2525 780 2620 ΙΠοᾶο
794 2526 950 2588 Lombard.
970 2528 1021 2586 lib.
1036 2527 1056 2587 i.
1071 2527 1139 2587 dist.
1153 2528 1202 2586 45.
1247 2527 1307 2620 Qui

97 2607 861 2764 ffliiifflhfflnihiiiiili
873 2607 1304 2767 tafftttttttttt

98 2779 157 2822 sam
171 2771 258 2824 extra
272 2783 303 2824 se
317 2783 376 2822 non
388 2773 535 2824 semmam.

134 2842 190 2902 IV.
214 2843 309 2904 Aliud
322 2853 368 2904 est
381 2863 498 2906 ossuum
513 2843 576 2904 dari
589 2863 627 2904 ex
640 2852 722 2924 parte
741 2855 821 2906 actae
842 2846 955 2906 volradi
965 2869 977 2919 ;
998 2843 1090 2906 Aliud
1108 2864 1147 2904 ex
1158 2853 1241 2923 purte
1261 2845 1307 2904 rei

96 2923 193 2982 wem.
237 2924 332 2984 Priori
346 2943 434 2984 sensu
447 2925 528 2986 nulla
540 2932 637 3003 potest
650 2925 713 2984 dari
726 2945 814 2986 eausa
826 2925 986 2986 voluntatis
1000 2925 1066 3000 Dei,
1087 2923 1140 2984 sed
1152 2923 1306 3002 posteriori

97 3001 156 3060 deri
168 3009 277 3081 potest,
292 3004 361 3082 qnia
382 3005 457 3064 inter
480 3005 536 3064 Dei
550 3005 642 3064 volite
664 3006 723 3064 alia
745 3005 867 3064 aliorum
888 3013 1011 3081 possunt
1031 3022 1097 3066 esse
1119 3023 1233 3066 musae:
1256 3003 1305 3062 Sia

97 3081 228 3144 Christum
238 3083 298 3143 diei
307 3092 403 3162 potest
413 3103 501 3146 causa
508 3085 607 3147 waes
614 3087 741 3160 damaim
750 3085 820 3161 qnia
829 3084 914 3143 nobis
924 3082 1009 3144 datur
1016 3089 1133 3161 propter
1142 3081 1304 3158 Christum3

96 3162 145 3222 saal
157 3182 221 3222 nou
240 3165 349 3224 daereti
358 3165 465 3240 morat,
480 3165 550 3242 quie
562 3183 601 3224 ex
614 3165 678 3224 solo
699 3165 757 3226 Dei
778 3162 960 3241 beneplacito
983 3162 1090 3222 fluxit:
1121 3161 1188 3221 Hoe
1201 3160 1306 3220 volunt

97 3241 271 3302 scholastici
280 3263 371 3321 quum
384 3244 485 3305 dimmt
500 3246 594 3306 Deum
607 3248 676 3304 aelle
689 3245 740 3303 hoa
748 3253 871 3321 propter
883 3244 944 3318 hoe,
965 3242 1018 3302 sed
1041 3260 1100 3300 uon
1118 3250 1241 3318 propter
1253 3242 1306 3300 hoe

94 3325 160 3382 vesse
173 3325 236 3399 hoe,
251 3343 282 3382 v.
295 3343 325 3402 g.
339 3325 417 3384 valle
431 3325 553 3385 salutem
566 3333 685 3403 propter
705 3324 860 3398 Christum,
883 3321 1008 3382 sednon
1027 3330 1144 3401 propter
1158 3321 1305 3382 Christum

96 3403 170 3462 velle
184 3403 319 3480 alutem,
340 3413 374 3464 ut
388 3404 521 3464 Christus
545 3404 596 3482 qui
619 3413 665 3466 est
685 3423 774 3466 eausa
793 3403 941 3462 meritonia
958 3401 1069 3480 salutis,
1092 3421 1124 3462 se
1145 3408 1243 3462 tenea
1266 3421 1304 3462 ex

95 3491 174 3558 parte
189 3483 292 3544 salutis
305 3503 394 3561 quam
408 3485 492 3544 nohis
505 3483 670 3562 aequisivit,
691 3504 751 3556 noa
770 3503 840 3544 varo
860 3503 899 3542 ex
917 3491 998 3562 parte
1012 3481 1121 3544 decreti
1134 3481 1226 3561 ipsius
1245 3501 1304 3561 quo

95 3562 176 3622 nohis
190 3562 362 3625 destinetur.
404 3564 452 3623 Ita
464 3563 550 3628 datur
563 3563 635 3624 ordo
648 3571 679 3624 et
691 3564 846 3624 camelitas
859 3563 936 3622 iuter
947 3583 995 3624 res
1008 3563 1115 3624 volitas
1136 3583 1155 3623 a
1176 3563 1248 3640 Deo,
1271 3571 1304 3624 ut

97 3659 152 3700 aua
164 3642 204 3704 sit
218 3652 335 3722 propter
346 3643 455 3782 Ξιίἰιιος
476 3643 530 3706 sad
549 3663 607 3704 non
630 3643 663 3704 in
674 3644 815 3706 velitisne
834 3643 944 3723 divina,
969 3663 1035 3723 qua
1056 3643 1167 3706 nullam
1186 3661 1304 3704 oausam

97 3731 177 3780 exus
190 3742 222 3781 se
235 3741 255 3790 a
295 3732 379 3784 osat.

133 3799 171 3860 V.
195 3802 238 3862 Ut
254 3742 458 3880 gIliropra‘atates
478 3803 538 3864 Dei
555 3803 621 3864 aliae
641 3811 710 3864 suut
727 3804 877 3880 Absoluta,
904 3821 970 3881 quae
989 3802 1122 3864 nituntur
1148 3801 1224 3860 Jure
1245 3799 1303 3858 Dei

99 3878 229 3942 absoluto
250 3891 281 3942 et
304 3902 440 3960 supremo
463 3883 528 3960 ejus
548 3882 684 3958 dominio,
707 3885 802 3960 qualis
823 3892 868 3943 est
883 3883 1014 3961 potentia
1036 3890 1067 3945 et
1087 3888 1216 3958 potestas
1239 3880 1304 3957 ejus

99 3962 304 4042 οὖτψιςιιιὶς
325 3963 391 4022 alias
401 3963 580 4056 Buprasium,
602 3983 667 4041 quae
680 3963 811 4057 nituntur
828 3963 896 4055 jure
915 3961 1073 4022 virtutibus
1085 3965 1253 4100 temperato,
1275 3963 1305 4050 et

99 4042 395 4200 limittit
407 4039 1305 4210 tinttttntttzttttmltttttt‚t

98 4198 296 4262 Miserieordia
308 4221 375 4280 quae
389 4203 535 4264 miseriam
548 4203 703 4282 supponit:
725 4201 772 4264 Ita
784 4200 822 4261 de
836 4200 949 4260 astibus
962 4198 1121 4258 voluntatis
1133 4215 1199 4276 quae
1216 4203 1305 4274 Juxta

96 4279 159 4342 illas
172 4292 310 4360 operatur
322 4282 553 4348 nominandum
565 4291 619 4344 est.
662 4283 737 4342 Nam
757 4300 848 4359 quum
868 4285 1003 4357 operatur
1022 4297 1061 4338 ex
1080 4275 1305 4355 proprietatibus

97 4360 243 4438 absolutis,
259 4371 294 4422 ut
307 4381 459 4439 supremus
471 4362 614 4423 Dominus
628 4371 657 4422 et
670 4363 778 4421 arbiter
791 4359 930 4433 omnium,
944 4378 975 4417 v.
985 4377 1014 4436 g.
1025 4377 1115 4434 quum
1129 4356 1194 4416 vult
1207 4375 1304 4419 atsere

97 4449 144 4500 aut
157 4441 267 4520 eligere
280 4461 373 4502 unum
386 4461 447 4519 prae
459 4442 527 4519 alio,
542 4443 702 4502 voluntatis
715 4442 780 4518 ejus
799 4459 859 4499 non
879 4438 965 4500 modo
979 4437 1060 4496 nulia
1073 4446 1117 4501 est
1130 4456 1218 4499 eausa
1231 4457 1303 4516 prae·

96 4527 138 4580 ter
156 4523 223 4599 ejus
235 4521 461 4599 beneplacitum,
483 4522 537 4585 sed
549 4541 604 4582 neo
623 4521 685 4584 ulla
703 4520 840 4596 conditio,
863 4527 914 4580 aut
927 4517 1053 4597 qualitas
1065 4519 1096 4576 in
1110 4518 1225 4596 objecto
1246 4538 1305 4595 qua

96 4609 262 4678 mereatum
284 4621 354 4663 uam
367 4603 496 4678 potesta
510 4601 628 4678 quidem
642 4603 786 4678 obJ‘eotum
802 4620 886 4660 suum
899 4619 958 4658 non
972 4598 1116 4676 supponit,
1132 4597 1183 4668 sed
1198 4599 1303 4660 consti.

97 4681 168 4758 inite
190 4681 419 4746 senoensem
434 4681 473 4744 sit
496 4682 572 4742 iuter
585 4701 678 4760 pares,
701 4681 774 4740 nihil
788 4679 912 4740 videtin
925 4700 984 4740 uuo
998 4699 1057 4757 prae
1070 4679 1136 4755 alio,
1157 4678 1305 4758 quainter

1084 4778 1102 4816 ο
