3158 5190
259 336 298 397 dS
750 355 840 399 rocus
855 357 974 398 susus.
1156 331 1160 339 ’
1267 333 1396 418 [sunau.
1411 355 1467 401 nr.
1565 373 1566 412 ι

253 496 380 557 cedma
406 515 595 575 consequens,
624 514 661 556 cx
686 513 791 574 genere
818 499 937 578 species,
961 517 998 556 ex
1025 515 1113 558 causa
1139 495 1273 559 effectum
1301 497 1467 560 deducitur.
1565 471 1566 510 i

148 641 154 652 .
261 581 289 638 3.
313 577 356 637 Ut
367 577 406 637 sit
419 571 538 636 evidens
551 585 669 656 proptar
681 597 841 654 assensum,
863 587 896 638 ut
915 587 1032 656 propter
1051 577 1225 638 evidentiam
1246 577 1387 639 illationis
1406 599 1469 638 non

260 657 355 716 minus
369 657 602 717 conclusionibus
616 675 702 736 quam
717 657 873 737 praemissis
886 659 1085 718 maeutiamur.

301 737 379 796 XX.
402 736 494 796 Aliud
517 747 563 796 est
584 737 664 816 loqui
686 739 725 798 dc
747 739 1014 798 ratiocinationibus
1035 738 1173 799 subactis
1194 757 1233 797 cx
1261 737 1413 818 Scriptura
1435 747 1470 798 α

261 816 419 878 mumdum
430 835 506 893 caru
521 825 551 877 et
564 835 630 896 quas
652 819 877 880 subordinatur
896 817 1067 878 revelationi
1088 826 1118 877 ct
1139 818 1169 876 in
1182 837 1247 878 eam
1259 819 1468 896 resolvuntur;

262 896 354 956 Aliud
368 897 405 956 dc
426 896 541 976 iisqua
556 898 601 956 illi
623 907 816 978 opponuntur.
858 899 925 958 Non
947 899 1085 978 saquitur,
1107 897 1177 960 bost
1197 898 1327 957 baeretici
1347 906 1470 959 utantur

261 977 326 1036 istis
339 977 377 1036 ad
391 993 502 1036 amores
516 997 584 1038 suos
598 979 819 1056 confirmandos,
834 978 900 1038 illas
913 997 972 1037 nou
986 997 1050 1038 esse
1064 977 1275 1056 admittendam
1297 995 1367 1036 nam
1380 993 1469 1056 prop·

262 1067 307 1117 tar
320 1057 362 1115 rui
376 1057 507 1134 abusum,
523 1057 588 1135 ejus
600 1077 672 1118 usus
685 1059 835 1137 legitimus
848 1059 913 1119 tolli
925 1077 985 1117 non
997 1057 1094 1118 debet.

303 1137 399 1197 XXI.
420 1137 501 1198 Usus
512 1139 780 1216 consequentiarum
790 1157 849 1199 rrorr
857 1147 902 1199 est
911 1139 1023 1199 alienus
1036 1157 1054 1198 s
1067 1137 1249 1217 simplicitate
1258 1136 1472 1216 discipulorum

258 1217 387 1295 Christi3
408 1237 476 1277 narn
490 1234 561 1278 oues
575 1219 683 1280 Christi
703 1219 759 1280 atsi
779 1219 926 1299 simplices
947 1234 1011 1279 csse
1031 1217 1149 1294 debent,
1168 1237 1228 1276 non
1241 1216 1351 1278 debant
1370 1225 1471 1277 umen

213 1303 221 1316 ⁰
263 1318 327 1356 csse
339 1297 441 1374 brutas,
457 1298 510 1357 sed
530 1298 703 1376 rationales3
725 1317 779 1359 nec
801 1301 826 1359 si
847 1319 935 1359 unam
949 1298 1057 1359 Christi
1078 1297 1178 1358 arrdire
1199 1296 1340 1358 debemus
1354 1309 1469 1374 soum,

262 1377 400 1437 continuo
412 1375 568 1456 impeditur
579 1379 830 1440 ratiocinationum
850 1397 930 1457 usus,
952 1377 1039 1438 modo
1060 1377 1231 1438 adhibeatur
1243 1395 1312 1437 cunr
1325 1385 1471 1456 taupcra·

263 1465 362 1517 mento
374 1457 522 1535 legitirrr03
542 1458 679 1536 imoquia
693 1459 801 1520 Christi
814 1479 874 1519 vox
886 1467 934 1520 est
947 1457 1098 1536 audienda,
1111 1457 1272 1518 scrutandas
1285 1465 1357 1518 sunt
1371 1457 1471 1536 Serta

264 1546 346 1613 uua,
360 1545 390 1598 et
404 1555 464 1596 vox
477 1538 630 1616 peregrina
643 1557 662 1598 a
674 1555 748 1598 voce
762 1539 870 1600 Obristi
883 1537 1080 1614 discernenda,
1095 1537 1175 1616 quod
1193 1537 1258 1598 sius
1277 1537 1401 1597 rationis
1413 1555 1471 1598 usu

262 1617 326 1676 ficri
340 1615 449 1694 nequit
491 1617 539 1676 Ita
560 1625 672 1678 tantum
693 1619 777 1681 abest
797 1628 832 1679 ut
852 1618 1119 1679 ratiocinationibus
1139 1635 1192 1696 par
1212 1617 1437 1696 ecumqucntiss
1453 1637 1472 1676 e

266 1695 414 1773 Scriptura
434 1693 567 1756 deductis
578 1697 731 1758 mcedstur
752 1717 771 1758 a
793 1699 950 1777 Scriptura,
963 1699 1014 1758 vel
1035 1699 1079 1758 illi
1100 1697 1211 1776 aliquid
1231 1697 1364 1776 addatur,
1379 1707 1415 1758 ut
1435 1715 1473 1758 aa

260 1775 408 1835 duntaxat
416 1793 488 1855 qua
497 1785 568 1837 sunt
581 1778 611 1836 in
627 1777 777 1856 Scriptum
788 1787 926 1839 eruautm
937 1787 969 1839 at
981 1777 1020 1837 ad
1031 1794 1117 1838 usum
1130 1777 1313 1837 reducantur.

306 1855 419 1914 XXII.
442 1856 525 1917 Licet
546 1857 695 1937 Scriptura
708 1859 821 1919 dicatur
833 1857 960 1938 perfecta
973 1859 1004 1916 irr
1024 1875 1130 1936 genera
1148 1855 1329 1917 fundamenti
1350 1855 1472 1916 creden·

265 1935 368 1996 dorum
391 1943 421 1997 ct
441 1936 649 2016 faciendorum,
672 1949 816 2019 quatenns
837 1939 937 1998 omnia
956 1938 1093 2016 dogmata
1114 1937 1243 1998 mutnet
1269 1945 1299 1997 ct
1324 1945 1475 2026 praeapte

266 2037 386 2094 morum,
401 2037 466 2096 quas
489 2020 650 2079 neccssaria
671 2019 798 2081 suntad
820 2019 960 2096 salutem
988 2019 1044 2078 boc
1064 2035 1123 2076 nou
1144 2017 1241 2078 obstat
1262 2016 1421 2095 quominus
1439 2023 1476 2077 et

264 2097 459 2177 explicatione
473 2107 503 2159 et
516 2100 709 2178 applicatione
723 2119 795 2178 opus
809 2100 932 2176 babeat3
952 2105 986 2160 ut
998 2097 1101 2176 regula
1151 2097 1240 2157 rfecta
1251 2105 1307 2173 cst,
1328 2105 1359 2157 et
1371 2103 1473 2156 tamen

260 2179 330 2257 ejus
344 2178 536 2256 applicatione
547 2199 620 2258 opus
628 2189 687 2257 est3
701 2199 755 2240 nee
769 2181 826 2240 ists
839 2178 993 2258 applicatio
1002 2178 1111 2238 irrtsroc
1132 2178 1155 2236 it
1167 2175 1337 2256 perfectioni
1350 2176 1474 2255 regule,
1565 2189 1566 2194 ’

267 2259 318 2318 scd
331 2259 429 2334 potius
442 2277 505 2317 eam
519 2259 622 2336 probat
635 2269 665 2320 et
679 2259 815 2318 dederat.

308 2336 438 2396 XXIII.
459 2339 701 2410 mammantes
710 2339 926 2416 mummia,
936 2355 1023 2414 quam
1033 2335 1187 2416 proscribit
1197 2332 1474 2416 Apostolusl'lirn.
1565 2387 1566 2398 ,

266 2417 285 2474 i.
308 2418 335 2490 6,
358 2433 416 2474 nou
437 2425 482 2475 cst
501 2417 682 2476 ratiocinatio
706 2437 776 2478 sana
794 2437 846 2496 per·
865 2417 1085 2494 consequentias
1108 2435 1147 2477 sx
1169 2417 1333 2496 Scriptura3
1351 2415 1410 2475 'aad
1428 2423 1477 2476 est

260 2495 380 2554 curiosa
397 2502 427 2554 st
443 2494 531 2554 anxia
554 2496 591 2556 de
611 2497 698 2557 rebus
719 2497 804 2570 vanis
825 2491 998 2574 dissonam,
1022 2517 1096 2575 quas
1114 2505 1202 2556 vocat
1222 2517 1252 2556 r.
1266 2499 1295 2556 4.
1317 2493 1407 2572 aitrus
1429 2500 1477 2555 aas*

514 2577 522 2600 Ι

266 2576 425 2648 „maala
438 2579 597 2714 lugneus,
625 2576 707 2638 ucles
720 2586 802 2638 erant
814 2595 874 2637 non
886 2577 973 2636 ruodo
988 2576 1149 2638 Gentilium
1162 2575 1267 2637 fabula
1281 2575 1318 2635 de
1334 2575 1399 2636 Diis
1413 2577 1477 2636 suis
1565 2575 1566 2624 ff

266 2656 429 2734 etta-forts
451 2673 482 2715 se
523 2665 553 2716 et
570 2657 741 2718 Iudaeorum
761 2657 863 2718 deliria
883 2657 920 2718 ds
941 2655 1041 2734 Lirim,
1063 2657 1234 2734 Bebcruotb,
1255 2655 1427 2734 Leviamar,
1445 2663 1477 2716 ct

267 2735 333 2794 aliis
346 2735 377 2793 id
391 2753 484 2814 genus
497 2735 674 2797 Talmudicis
687 2737 774 2817 nugis
788 2735 947 2798 fabrilibus.

309 2813 435 2875 XXIV.
457 2815 578 2876 Abusus
592 2817 842 2878 ratiocinationum
855 2837 914 2877 uon
927 2823 973 2878 cst
986 2815 1205 2877 confundendus
1218 2835 1284 2876 curn
1298 2795 1397 2876 earnm
1406 2831 1476 2891 mu,
1565 2855 1566 2862 ι

268 2913 322 2954 uec
335 2913 382 2955 res
396 2894 576 2956 accuderata
588 2897 620 2956 in
632 2897 777 2958 abstracto
791 2897 821 2957 in
835 2915 866 2957 se
880 2896 1051 2976 damnanda
1073 2897 1112 2957 ob
1124 2913 1290 2975 pervemam
1301 2895 1368 2974 ejus
1381 2895 1476 2989 ιιΡΡῙξ·

268 2976 410 3036 cationem
424 2977 621 3039 inconcrato:
653 2977 702 3039 Sic
722 2978 807 3038 multi
827 2976 967 3038 falluntur
985 2975 1017 3035 in
1030 2975 1152 3055 objectis
1164 2975 1255 3036 variis
1268 2975 1478 3054 dignoscendus
1565 3045 1566 3056 χ

268 3057 651 3136 perauditumuelvisum,
667 3077 721 3118 nec
734 3059 773 3119 ob
785 3057 817 3117 id
830 3067 926 3118 tamen
940 3056 1094 3117 dicendum
1104 3053 1395 3115 incertaomniaesss
1408 3072 1478 3132 quac
1559 3092 1563 3139 3

267 3137 746 3217 sensibuaistisapprshendrmtur.
787 3137 835 3197 Ita
844 3138 870 3198 si
878 3145 1000 3232 pascant
1008 3135 1060 3211 illi,
1071 3135 1121 3214 qui
1131 3135 1345 3214 consequentiis
1354 3143 1479 3196 utuntur
1560 3152 1566 3216 ἢ

269 3217 307 3275 ad
324 3217 470 3277 mmauda
488 3217 563 3278 falsa
583 3219 908 3280 transubstantiatione
929 3217 978 3277 vel
997 3215 1308 3276 Conmbamuauonis
1327 3215 1477 3293 dogmata,
1502 3243 1512 3262 ·
1563 3231 1564 3238 ¹

262 3296 338 3372 qnia
349 3305 419 3356 aunt
431 3297 567 3358 uiolenta
581 3307 610 3356 et
622 3298 790 3376 illegitimas,
805 3315 864 3358 uon
878 3297 1014 3356 continuo
1028 3295 1157 3355 damnari
1170 3295 1277 3355 debant
1287 3295 1332 3354 illi
1341 3295 1393 3374 qui
1402 3294 1476 3372 lagi·

267 3374 339 3433 tima
352 3375 389 3432 iis
402 3383 539 3452 utuutm3
560 3377 633 3435 alias
646 3384 814 3455 mqueretnr
825 3375 1021 3436 acmantum
1035 3376 1122 3436 etiarn
1135 3393 1199 3436 asae
1215 3375 1372 3455 Scriptura
1385 3373 1478 3454 ipsius

269 3472 363 3528 usum,
399 3454 447 3512 uia
460 3454 545 3514 multi
557 3455 684 3514 haeretici
698 3475 733 3514 ea
745 3455 911 3516 abutuntur.

312 3531 380 3590 XX
412 3577 420 3592 .
442 3530 535 3592 Aliud
555 3542 599 3593 est
618 3534 745 3611 aliquem
764 3534 873 3612 audiar,
896 3541 930 3594 ut
952 3535 1087 3614 artificem
1107 3533 1277 3612 ἅοφιαιιιιη,
1301 3532 1344 3594 aie
1365 3533 1476 3610 Moses,

272 3611 433 3689 Propheta,
448 3620 479 3672 et
487 3613 620 3673 Obustus
630 3613 840 3690 subaudiendi,
854 3621 885 3674 ct
897 3614 994 3692 quoad
1003 3631 1050 3674 res
1059 3613 1189 3690 traditas
1204 3623 1235 3674 et
1245 3612 1345 3692 quoad
1357 3613 1478 3674 modum

270 3691 420 3770 tradendi3
446 3692 539 3752 Aliud
558 3691 666 3770 andire,
692 3701 725 3754 ut
747 3693 884 3775 artificem
906 3695 1153 3755 sacamentum
1174 3693 1360 3788 dogmatibus
1381 3694 1478 3773 expli

270 3771 371 3832 caudis
384 3773 607 3912 citnalpplicaudis
626 3773 804 3851 idoneorum,
827 3774 870 3835 sic
889 3774 1021 3834 homines
1041 3774 1254 3854 consequentis
1273 3781 1390 3835 uterus
1409 3793 1478 3854 pos

264 3861 340 3914 ‘suut
353 3873 390 3913 au
413 3853 420 3868 '
438 3854 455 3914 “.

312 3933 437 3995 XXVI.
460 3933 530 3994 Alia
544 3943 611 3994 sunt
626 3935 772 4014 priampia
786 3937 948 4013 ἅοφιιαειιιιι
968 3943 998 3994 st
1012 3933 1152 3994 Veritatis
1166 3933 1383 4010 mutandarum,
1407 3931 1479 3993 Alia

271 4022 339 4074 sunt
353 4016 500 4094 principia
517 4015 644 4076 usitati
658 4015 852 4088 cdmdoaum5
875 4015 932 4074 illa
951 4013 1097 4074 ducuntur
1116 4029 1154 4073 cx
1176 4014 1333 4093 Scriptura,
1357 4013 1421 4074 Ista
1440 4034 1479 4073 ex

270 4094 394 4170 ratione;
416 4095 528 4176 etquis
539 4095 656 4155 Veritas
670 4095 875 4155 secandarum
889 4093 1039 4173 potissima
1058 4101 1112 4168 est,
1128 4102 1274 4172 spectatur
1293 4093 1479 4172 potissimum

271 4173 553 4309 ..a
565 4175 840 4331 aucus
853 4172 1395 4332 ιι
1410 4193 1478 4314 u:

1470 4299 1478 4328 i

269 4331 359 4389 Ratio
370 4351 442 4392 vero
454 4353 514 4392 norr
527 4342 572 4394 est
585 4335 760 4414 prinsquam
773 4335 824 4410 rai,
839 4334 892 4394 sod
904 4335 1066 4412 comacum
1077 4334 1130 4408 mci,
1146 4333 1208 4394 Nec
1221 4340 1281 4394 tam
1294 4334 1478 4414 principium,

271 4427 357 4487 quam
370 4410 592 4474 instrumentum
605 4435 664 4492 quo
678 4415 862 4493 cognoscitur
875 4412 906 4473 id
919 4412 998 4492 quod
1011 4413 1157 4493 probatur.

313 4488 456 4549 XXVII.
478 4491 691 4570 Consequentia
712 4504 757 4554 est
780 4513 850 4572 opus
872 4492 1000 4568 radoni,
1022 4501 1168 4572 quatenus
1191 4491 1391 4554 mnsidsratur
1410 4497 1477 4569 sor·

271 4569 384 4629 mutar
403 4576 433 4630 et
451 4571 595 4647 organice,
617 4573 685 4651 quia
704 4591 757 4652 per
776 4574 916 4634 rationem
930 4571 1051 4651 elicitur,
1074 4573 1125 4633 sed
1139 4590 1198 4632 non
1210 4581 1245 4633 ut
1258 4573 1436 4650 orIpinulr'tcr
1449 4581 1479 4632 st

271 4651 456 4713 materialiter
470 4659 622 4731 spectatur,
638 4671 690 4731 pro
705 4653 835 4715 doctrina
847 4673 899 4733 per
912 4653 1146 4733 consequentium
1160 4652 1264 4715 clicita.
1308 4653 1356 4714 Ita
1369 4653 1477 4714 Goum-
