3250 5176
225 369 230 378 .
260 293 319 354 543
753 311 845 354 nocua
859 310 965 354 aeuus.
1276 291 1406 374 [consu.
1422 315 1466 358 vr.

302 452 363 514 lx.
385 453 527 514 Caeterum
540 451 727 514 incredulitas
739 473 799 514 non
811 450 954 533 potuisset
966 453 998 512 in
1015 449 1133 512 homine
1152 453 1248 512 locum
1268 453 1385 532 habere,
1407 457 1466 518 nisi

259 534 340 612 prins
354 553 406 612 per
418 535 628 611 incogitantiam
641 543 782 596 cessasset
795 555 813 594 a
826 533 1054 594 aona'deratione
1068 533 1214 594 interdicti
1235 534 1300 612 Dei,
1322 544 1352 594 et
1373 537 1465 614 ipsius

261 614 429 674 veracitatis
442 623 472 674 et
485 615 643 676 bonitatis:
665 615 740 674 Nam
755 615 781 674 si
794 615 832 674 ad
845 615 919 674 illud
932 621 1059 674 mentem
1080 614 1155 673 aerio
1176 633 1289 692 semper
1309 617 1466 694 applicuis-

262 701 315 770 set,
331 694 457 754 maxime
471 703 616 754 momento
630 695 807 772 tentationis,
822 714 970 788 nunquam
983 695 1020 754 ab
1035 695 1099 787 ejus
1113 693 1171 787 tide
1191 693 1334 788 dimoveri
1354 698 1465 774 potuis·

261 775 810 932 tttttttttttt‘ttttttt
830 773 1465 933 ttttttfltttttttttt‘rttt

259 933 369 1008 babuit,
385 934 437 992 sed
450 935 630 995 dubitatione
643 937 777 1015 primum,
791 957 861 996 mox
875 937 1028 1013 negatione
1037 936 1173 1010 excussit,
1185 955 1243 994 non
1258 937 1379 996 credens
1388 939 1465 998 serio

259 1013 316 1074 ribi
327 1013 513 1076 'interdictum
532 1015 665 1092 fructum,
680 1036 735 1077 nee
756 1037 787 1076 se
807 1017 996 1076 moriturum:
1017 1015 1131 1074 Deinde
1151 1017 1311 1091 crcanitaa,
1325 1037 1384 1094 qua
1397 1038 1461 1077 ver-

259 1093 306 1152 bis
321 1093 438 1154 Diaboli
452 1096 539 1174 coepit
553 1098 723 1173 auscultare,
738 1097 826 1157 iidem
839 1097 943 1155 falsam
956 1095 1146 1173 concipiendo
1158 1115 1196 1155 ex
1210 1097 1273 1173 ejus
1293 1097 1461 1174 mendaciis,

261 1173 355 1232 Deum
370 1174 426 1233 sibi
444 1174 574 1236 invidere
594 1177 728 1253 fructum,
751 1186 780 1237 et
801 1197 832 1236 se
855 1177 920 1236 Dea
941 1175 1065 1235 similem
1083 1175 1213 1236 futurum
1232 1185 1262 1236 et
1280 1177 1462 1254 omniscium,

260 1262 346 1331 atque
360 1255 401 1314 ita
411 1255 554 1332 judicium
567 1258 635 1317 fecit
649 1277 808 1332 erroneum,
824 1277 882 1334 quo
897 1257 998 1315 statuit
1012 1256 1190 1334 objectuma
1211 1256 1338 1316 Diabolo
1357 1278 1462 1336 propo·

261 1334 348 1394 situm
362 1335 419 1394 sibi
432 1336 539 1396 bonum
554 1357 635 1398 esse:
677 1337 764 1398 Unde
777 1357 848 1396 mox
861 1336 1007 1414 appetitus
1027 1335 1091 1413 ejus
1110 1335 1141 1394 in
1155 1337 1313 1412 voluntate,
1329 1347 1360 1397 et
1379 1338 1462 1398 incli-

259 1414 340 1474 natio
367 1415 606 1494 concupiscentiae
627 1418 747 1496 ejusque
768 1426 865 1477 motus
884 1417 982 1476 extitit
1002 1415 1040 1474 ad
1059 1416 1143 1496 illum
1163 1416 1289 1476 fructum
1308 1418 1461 1477 comeden-

260 1494 349 1555 dum:
364 1504 394 1555 et
407 1495 524 1556 taudem
538 1506 659 1558 externa
671 1498 756 1558 actio.
798 1499 846 1557 Ita
858 1497 921 1556 hac
934 1496 1123 1574 incogitantia
1137 1496 1210 1556 bena
1224 1506 1321 1574 pateat
1334 1497 1394 1557 dici
1407 1499 1461 1556 ini-

259 1575 341 1650 tium,
357 1595 409 1635 seu
422 1577 532 1654 primus
545 1578 653 1656 gradus
666 1577 785 1656 peccati,
800 1599 875 1656 quie,
889 1585 923 1637 ut
935 1576 1029 1656 potuit
1043 1575 1146 1636 cadere
1159 1577 1190 1635 in
1208 1577 1355 1636 hominem
1368 1587 1462 1638 mata·

258 1654 356 1730 bilem,
369 1655 410 1714 ita
423 1657 454 1713 in
468 1666 564 1717 actum
578 1678 637 1717 nen
650 1658 745 1736 potuit
759 1659 839 1717 exeri
853 1658 890 1716 ab
903 1657 1019 1715 homine
1034 1664 1137 1732 stante,
1158 1656 1210 1716 sed
1220 1657 1283 1735 jam
1305 1657 1461 1736 incipiente

259 1733 420 1874 deiiceralp¹
430 1737 502 1876 Igep
517 1747 547 1798 et
567 1747 658 1798 semet
679 1757 861 1817 corrumpere
880 1757 933 1816 per
953 1755 1034 1796 suam
1055 1737 1286 1814 mutabilitatem,
1309 1745 1338 1799 et
1358 1737 1458 1797 aeduc-

258 1813 365 1874 tionem
412 1815 439 1874 'a
459 1837 476 1876 0
489 1817 507 1878 i.
1106 1877 1109 1882 ,

561 1899 603 1959 X.
626 1898 765 1975 Quarnvia
779 1898 810 1958 in
822 1898 907 1977 lapan
921 1895 1037 1973 Adami
1053 1915 1139 1974 quem
1154 1895 1315 1975 Apostolus
1333 1899 1461 1976 appellat

342 2020 381 2065 ion
398 2035 420 2065 m
438 1978 463 2008 ¹¹·
520 1981 741 2056 inobedientiam,
764 1981 848 2038 Rom.
863 1999 893 2038 v.
917 1981 963 2055 19,
985 1977 1151 2037 includatur
1172 1979 1316 2055 superbia,
1338 1989 1372 2038 ut
1394 1989 1461 2039 ante

422 2054 428 2066 '
520 2061 638 2136 dietum,
653 2080 712 2120 non
726 2060 856 2139 sequitur
868 2057 957 2120 misse
971 2059 1095 2136 primum
1108 2057 1173 2136 ejus
1186 2058 1328 2136 gradum
1349 2059 1415 2119 Imo
1428 2066 1461 2120 ut

256 2137 367 2216 primus
381 2147 463 2200 actus
477 2141 619 2219 snperbia
632 2141 686 2200 fuit
704 2141 783 2200 nolle
796 2139 914 2199 obedire
929 2140 1012 2216 Deo;
1035 2139 1083 2197 Ita
1101 2139 1211 2214 primus
1232 2139 1375 2216 superbia
1396 2139 1461 2198 fons

256 2217 312 2279 fuit
325 2221 403 2280 nolle
417 2221 533 2280 credere
548 2222 646 2282 verbis
661 2221 736 2282 Dei:
760 2221 902 2299 Superbia
915 2219 992 2279 enim
1006 2238 1056 2278 cor
1068 2219 1194 2278 hominis
1207 2239 1356 2298 nunquam
1376 2228 1461 2298 potu·

254 2297 325 2359 isset
340 2301 445 2376 subire,
460 2302 516 2360 nisi
530 2302 610 2381 prius
622 2302 679 2361 fide
693 2301 847 2360 verboram
863 2301 920 2360 Dei
932 2298 1105 2358 labefactata
1118 2307 1148 2358 et
1161 2319 1293 2359 excussa.

296 2380 357 2438 XI.
381 2381 423 2440 Ut
436 2381 467 2439 in
481 2383 559 2440 omni
572 2390 653 2440 matu
666 2382 806 2442 terminus
820 2401 838 2438 a
851 2400 909 2458 quc
922 2380 1002 2457 prior
1022 2387 1067 2438 est
1086 2379 1209 2438 termino
1233 2379 1271 2438 ad
1292 2400 1388 2458 quern,
1414 2379 1462 2438 Ita

255 2460 368 2518 aversio
382 2481 400 2518 a
413 2460 490 2519 bono
503 2461 638 2538 increato,
651 2481 716 2538 quae
730 2469 775 2520 est
795 2459 982 2535 infidelitatis,
1004 2459 1167 2536 praecedere
1187 2459 1273 2518 debet
1294 2460 1459 2520 conversio-

254 2557 321 2597 nem
335 2539 373 2598 ad
385 2539 494 2598 benum
509 2548 644 2617 creatum,
663 2561 727 2619 quar
742 2549 787 2600 est
805 2539 963 2618 superbiae3
985 2559 1053 2598 nam
1074 2539 1202 2616 quandiu
1222 2539 1300 2599 bono
1320 2541 1458 2616 iumento,

254 2619 348 2678 nimir.
365 2619 436 2712 Deo,
448 2619 625 2698 adhaesisset,
635 2620 674 2679 sd
687 2628 833 2680 creaunae
845 2629 876 2680 et
888 2619 927 2680 ad
937 2620 1065 2698 seipsum
1072 2639 1124 2699 per
1132 2619 1295 2698 superbiam
1308 2639 1459 2698 nunquam

254 2717 286 2758 se
300 2709 499 2758 convertisset

295 2779 373 2839 XII.
396 2779 479 2839 Licet
492 2780 523 2839 in
537 2779 677 2841 electione
690 2781 764 2840 bene
778 2781 920 2858 ordinata,
936 2787 966 2841 at
984 2779 1203 2840 ratiocinatione
1223 2779 1341 2856 directa,
1363 2781 1458 2858 prima

253 2857 320 2918 finis
339 2859 509 2920 obversetur
529 2861 627 2937 menti,
649 2871 803 2939 antequam
824 2861 970 2941 cogitetur
989 2862 1025 2920 de
1045 2861 1167 2937 mediis,
1189 2881 1248 2920 non
1268 2879 1381 2938 semper
1400 2863 1458 2920 boc

254 2941 351 3000 locum
364 2942 452 3002 habet
465 2943 495 3000 in
516 2941 733 3003 ratiocinatione
747 2943 874 3022 obliqua,
896 2963 962 3020 qua
983 2941 1160 3001 seductionis
1181 2949 1235 3017 est,
1255 2941 1362 3016 inqua
1382 2941 1457 3000 ordo

253 3021 309 3082 iste
324 3043 400 3100 saepe
413 3023 585 3100 invertitur;
607 3025 661 3083 hac
676 3033 772 3084 autern
786 3043 872 3083 usum
885 3022 974 3084 fuisse
987 3022 1124 3082 Satanam
1138 3021 1168 3080 in
1184 3021 1342 3080 tentatione
1361 3020 1455 3080 horni-

253 3103 300 3162 uis
315 3113 446 3180 constat3
468 3107 496 3162 2.
509 3104 649 3179 Quamvis
663 3105 804 3183 superbiae
823 3113 905 3164 actus
919 3111 1051 3162 versatus
1065 3101 1104 3162 sit
1124 3101 1200 3160 circa
1210 3101 1315 3177 tinem,
1331 3121 1390 3160 non
1411 3121 1455 3160 se·

253 3183 352 3259 quitur
371 3183 570 3244 infidelitatem
589 3186 725 3246 habuisse
745 3186 886 3244 rationem
906 3183 1003 3260 medii,
1025 3183 1078 3242 aed
1096 3181 1194 3260 potius
1215 3201 1316 3256 causa,
1339 3201 1378 3240 ex
1398 3201 1457 3259 qua

254 3262 389 3340 superbie
403 3273 466 3323 orta
479 3273 543 3324 eat:
564 3285 631 3324 nam
645 3265 702 3326 nisi
720 3266 807 3325 homo
827 3266 859 3324 in
881 3264 940 3323 fide
960 3263 1136 3338 fluctuasset,
1158 3262 1297 3340 appetitio
1320 3262 1454 3336 Deitatis,

253 3361 318 3418 quaa
332 3352 377 3402 est
390 3352 472 3402 actus
486 3345 636 3422 superbiae,
652 3365 703 3404 cor
716 3345 780 3424 ejus
794 3346 891 3404 subire
904 3363 963 3402 non
976 3343 1135 3422 potuisset;
1150 3361 1204 3402 nec
1217 3341 1267 3402 ille
1280 3341 1348 3402 finis
1361 3342 1456 3421 potuit

252 3420 399 3482 obversari
413 3422 506 3500 primo
519 3423 638 3499 homini,
654 3426 716 3484 sine
729 3445 835 3503 magno
850 3445 945 3485 errore
959 3434 989 3484 et
1001 3423 1211 3483 incredulitate.

292 3499 387 3559 XIII.
411 3501 506 3560 Locus
522 3503 633 3579 Syraci.
648 3525 678 3564 x.
696 3508 741 3579 12,
757 3507 874 3564 [nitriam
886 3505 1022 3581 caputia
1035 3513 1076 3563 eat
1088 3504 1205 3578 defectio
1218 3523 1238 3562 c
1249 3505 1321 3575 Doa,
1332 3509 1453 3577 praeter-

251 3599 338 3658 quam
352 3581 431 3660 quod
445 3581 640 3660 Apocryphus
652 3591 706 3658 ast,
722 3585 795 3642 nihil
808 3585 897 3644 habet
910 3583 989 3662 quod
1002 3585 1152 3644 sententiae
1166 3591 1269 3643 nostrae
1290 3589 1450 3658 repugnet;

250 3662 357 3720 namsi
378 3663 523 3741 apostasia
536 3672 580 3722 est
604 3663 718 3723 initium
741 3663 891 3742 superbiae,
907 3683 1025 3724 neeesse
1050 3673 1096 3724 est
1113 3663 1319 3738 infidelitatem,
1341 3661 1452 3738 inqua

249 3741 301 3801 illa
314 3743 410 3822 posita
422 3753 474 3821 est,
497 3745 678 3822 precessisse
692 3745 874 3822 superbiam:
896 3743 957 3804 Nec
971 3744 1051 3822 quod
1069 3743 1192 3820 additur,
1213 3763 1242 3802 v.
1267 3745 1314 3818 13,
1335 3741 1451 3800 Irritiam

250 3825 339 3883 mania
347 3826 460 3900 peccati
470 3825 608 3902 auperbb,
625 3826 799 3886 contrarium
813 3825 930 3901 evincit,
939 3825 1009 3903 quia
1021 3845 1082 3885 non
1094 3833 1139 3885 eet
1152 3823 1284 3884 absolute
1297 3830 1327 3881 et
1343 3821 1453 3900 simpli-

248 3903 321 3962 citer
334 3905 555 3983 intelligendum
569 3907 605 3965 de
619 3907 724 3985 quovis
737 3914 865 3985 pacato,
880 3905 968 3966 etiam
980 3906 1082 3984 primo,
1098 3913 1129 3964 et
1141 3905 1192 3964 illo
1205 3903 1286 3982 quod
1298 3901 1374 3962 dixit
1387 3922 1453 3962 esse

248 3981 362 4043 initium
377 3987 518 4064 superbiae
530 4008 537 4058 ;
560 3987 612 4045 sed
625 3989 784 4049 secundum
798 3987 870 4067 quid
883 3986 919 4046 de
930 3986 995 4046 aliis
1008 3986 1088 4063 ortis,
1103 4005 1169 4063 quae
1178 4005 1196 4045 a
1206 3983 1341 4063 superbia
1354 3983 1452 4061 utplu-

246 4065 350 4125 rimum
365 4066 506 4144 originem
519 4065 638 4126 ducunt.
