3250 5176
258 334 316 391 trs
746 345 836 386 cocus
851 343 953 384 sorus.
1289 325 1415 408 [consu.
1432 348 1460 386 r.

256 496 383 567 pecceto,
398 487 484 548 datrrr
497 495 593 547 tamen
607 486 734 545 virtuale}
748 492 777 544 et
791 482 933 560 implicita,
949 482 1035 540 etiam
1049 483 1080 542 in
1090 483 1247 560 levissimo,
1263 485 1331 562 quie
1344 487 1458 564 prafer-

256 578 308 638 tur¹
318 569 456 628 Cresture
470 567 606 641 Creatori,
621 573 650 624 et
663 564 816 642 plusquam
831 561 911 621 Deus
925 561 1065 640 diligitur,
1080 560 1149 622 dum
1162 563 1249 622 homo
1263 563 1302 622 sd
1315 585 1377 623 eam
1391 586 1458 624 con·

256 648 387 722 vertitur,
403 657 540 724 tunquam
554 645 592 704 ad
605 644 713 703 bonum
727 661 812 702 suum
825 651 855 702 et
868 641 955 700 finem
968 641 1111 700 ultimum.

298 726 393 784 XXI.
415 725 471 801 Qui
484 733 602 803 peccata
615 731 781 796 extenuant,
796 741 850 780 nec
864 721 921 779 Dei
934 719 1124 796 majestatem,
1138 740 1193 780 nec
1207 721 1296 800 Legis
1306 721 1458 799 justitiam,

257 825 310 866 nec
323 805 434 884 peccsti
447 803 614 878 foeditatem,
630 823 684 861 nec
706 821 787 860 suam
812 799 1005 859 conditionem
1027 799 1251 876 abjectissimum
1275 821 1372 860 corum
1387 802 1458 876 Deo,

255 885 346 980 probe
360 883 535 962 expendunt
577 883 620 942 Ut
633 881 713 939 nulls
726 900 817 958 parve
829 887 874 938 est
887 877 1015 953 rebellio,
1029 879 1141 938 nullum
1162 899 1284 956 pervum
1304 881 1381 940 lresc
1397 881 1460 939 Ma·

253 963 369 1042 Jestetis
382 963 507 1038 crimem
529 963 577 1020 Ita
590 961 729 1037 exiguum
742 979 801 1018 non
813 965 910 1037 potest
929 957 1040 1016 censeri
1059 966 1209 1035 peccatrun
1229 959 1309 1036 quod
1321 959 1460 1019 adversus

256 1042 396 1120 optimum
410 1048 440 1101 et
452 1041 612 1099 maximum
627 1041 730 1114 Deum,
746 1038 875 1115 adeoque
890 1035 1034 1097 infinitum
1047 1038 1244 1097 committitur.
1287 1039 1370 1099 licet
1382 1039 1460 1098 euim

257 1140 332 1198 sepe
345 1139 435 1198 parve
450 1121 487 1179 sit
501 1140 547 1178 res
560 1120 637 1178 circs
649 1138 736 1196 quam
749 1125 892 1195 peccetur,
907 1135 965 1174 non
980 1114 1086 1176 desinit
1098 1126 1194 1176 tamen
1208 1117 1308 1194 gravis
1321 1137 1386 1176 esse
1398 1137 1460 1176 rea·

257 1208 314 1275 nn,
329 1200 379 1278 qui
393 1219 451 1258 non
466 1219 503 1258 ex
517 1199 625 1276 objecti
638 1198 789 1275 parvitate,
805 1196 909 1274 sodex
924 1195 1113 1272 Legislstoris
1126 1198 1278 1273 majestate
1293 1197 1459 1273 estimatur,

277 1299 322 1337 um
336 1279 406 1337 dum
419 1278 553 1352 violetur,
569 1297 603 1336 eo
618 1277 680 1356 ipso
694 1277 725 1334 in
738 1276 810 1334 iram
824 1283 854 1334 et
867 1274 1098 1334 maledictionem
1111 1275 1175 1351 ejus
1188 1275 1352 1351 incurritur,
1365 1276 1390 1334 si
1403 1295 1461 1334 uon

257 1299 294 1416 de
309 1358 393 1432 iacto,
410 1357 512 1416 saltem
527 1356 563 1415 de
574 1357 641 1433 jure
654 1365 684 1415 et
698 1353 888 1414 demeritorie.
931 1353 1005 1412 Hrec
1029 1363 1073 1412 est
1096 1362 1203 1414 statere
1226 1355 1398 1430 Sanctumii,
1423 1353 1461 1412 ad

257 1456 345 1514 quem
358 1435 546 1514 appendenda
561 1445 628 1494 sunt
641 1443 766 1512 peccata,
782 1442 815 1493 ut
828 1452 898 1491 vera
911 1451 1010 1491 eorum
1023 1432 1153 1510 gravitas
1167 1443 1196 1492 et
1209 1443 1306 1493 reatus
1320 1452 1459 1510 agnosce·

257 1524 321 1592 tur;
343 1534 403 1574 nou
416 1524 529 1576 stetere
543 1515 651 1573 dolosa
665 1523 694 1574 et
713 1513 830 1572 sallnces
850 1511 1007 1587 bominum,
1032 1531 1096 1589 quse
1118 1513 1255 1590 pietatem
1275 1513 1417 1588 relaxent,
1432 1521 1460 1572 ct

257 1595 420 1672 letbargum
434 1614 469 1654 ac
482 1594 665 1654 securitatem
679 1593 824 1653 carnalem
834 1590 983 1651 inducunt

730 1828 925 1904 QuAEsrro
946 1828 984 1887 v.

678 2007 717 2046 DE
731 2005 825 2046 LAPSU
838 2005 1030 2045 stuatosum.

313 2150 465 2216 Quodnam
470 2147 563 2222 J‘uerit
576 2149 724 2206 Peccatum
738 2145 917 2222 Anqelornm,
934 2164 988 2221 qno
1002 2145 1132 2219 defecisse
1145 2145 1277 2204 ᾱίσιιηιιιι·
1289 2165 1310 2202 α
1319 2147 1408 2204 Deo!

258 2385 265 2400 ·
298 2307 323 2367 Ι.
344 2309 493 2366 Peccatum
507 2305 536 2363 in
548 2305 638 2381 specie
651 2303 839 2397 distinguitur
852 2300 962 2362 ratione
978 2302 1181 2396 subjectorum
1201 2301 1308 2379 quibus
1328 2302 1458 2378 iuberet

256 2381 1459 2552 seruisset,cernennentesrecun

256 2541 575 2696 tliiiliitgciipitgriddmm
589 2541 670 2618 prius
684 2538 846 2615 dicendum,
862 2539 914 2600 sed
932 2539 1068 2618 brevius3
1090 2541 1159 2617 quia
1182 2540 1356 2618 paucissima
1375 2540 1412 2599 de
1425 2561 1459 2600 so

285 2765 370 2811 Status
381 2763 462 2812 Ques

328 2821 408 2866 tlonts.

556 2696 599 2755 11.
622 2698 742 2756 Frustra
755 2697 901 2774 quaritur,
924 2697 1075 2772 Quomodo
1094 2717 1212 2777 peccare
1236 2698 1383 2776 potuerint
1396 2695 1457 2755 An-

512 2777 588 2853 geli3
612 2797 678 2835 cum
692 2796 729 2834 ex
746 2777 893 2853 Scriptum
907 2785 1020 2836 constet
1034 2797 1084 2836 eos
1134 2797 1239 2852 ecesse,
1261 2787 1292 2837 et
1305 2777 1377 2836 ratio
1394 2795 1458 2834 sua·

516 2856 591 2931 dest,
607 2856 735 2933 potuisse
749 2875 799 2914 eos
812 2855 842 2913 in
856 2863 1006 2933 peccatum
1019 2856 1101 2933 prola
1121 2858 1140 2933 i,
1165 2875 1231 2916 cum
1253 2857 1355 2916 labiles
1370 2855 1458 2914 crecti

256 2935 372 2996 fuerint.
413 2935 535 2996 Frustra
556 2935 642 2994 etiam
663 2934 818 3012 inquiritur
831 2935 867 2994 de
880 2945 1009 3012 tempore
1029 2936 1147 3012 lapsus,
1169 2936 1219 2994 Αιι
1233 2934 1282 2995 diu
1296 2935 1326 2993 in
1339 2935 1457 3012 integri·

257 3025 316 3076 tate
331 3015 526 3093 perstiterint;
549 3014 599 3073 An
613 3035 683 3074 vero
697 3015 734 3073 ab
755 3014 837 3074 initio
860 3015 1019 3074 Creetionis
1041 3015 1205 3089 ceciderint,
1230 3023 1263 3074 ut
1287 3013 1459 3092 quibusdem

259 3094 445 3154 Scholasticis
458 3094 571 3154 visum:
593 3095 665 3154 Cum
688 3094 836 3171 Scriptura
859 3093 932 3153 nihil
951 3093 988 3152 de
1010 3113 1044 3152 eo
1064 3093 1169 3154 medat.
1211 3094 1277 3152 Hoc
1297 3101 1409 3153 numm
1429 3093 1460 3150 in

256 3193 362 3250 genere
389 3183 511 3249 constat,
534 3174 648 3251 lapsum
670 3193 769 3233 eorum
792 3173 917 3232 bominis
938 3173 1050 3249 lepsum
1072 3173 1269 3232 antecessisse.
1322 3173 1459 3250 Aliquam

256 3272 326 3312 vero
341 3253 415 3312 inter
428 3253 601 3312 creationem
616 3253 805 3331 Angelorum,
821 3273 885 3329 quae
901 3252 957 3311 Dei
971 3270 1052 3328 opus,
1067 3261 1097 3311 et
1111 3251 1379 3328 deiectionemque
1393 3243 1460 3310 Dc·-

256 3349 374 3389 monum
388 3339 432 3389 est
445 3333 529 3406 actio,
545 3351 654 3390 moram
678 3332 882 3407 intercessisse,
907 3350 965 3390 non
990 3331 1051 3389 sine
1070 3332 1180 3391 ratione
1202 3330 1356 3406 asseritur3
1377 3328 1460 3390 nesi

255 3409 348 3486 prima
361 3428 460 3466 eorum
484 3411 612 3486 operatio
626 3411 732 3470 vitiosa
752 3418 932 3486 statueretur,
956 3409 1021 3470 vitii
1034 3429 1121 3469 causa
1145 3411 1208 3469 Deo
1233 3409 1371 3484 Creatori,
1396 3417 1459 3468 tan·

256 3505 342 3563 quem
362 3485 496 3544 efficienti
519 3488 659 3563 proximo,
675 3489 822 3548 videretur
843 3489 1038 3566 impingenda.
1080 3489 1141 3548 Nec
1162 3489 1319 3548 verisimile
1341 3497 1386 3548 est
1410 3507 1459 3547 eos

256 3573 323 3623 ente
338 3563 497 3623 Orestionis
511 3584 583 3641 opus
597 3566 761 3626 absolutum
776 3567 923 3644 defecisse,
938 3569 1007 3644 quie
1019 3577 1089 3627 tunc
1119 3587 1277 3646 uacunque
1287 3569 1368 3628 Deus
1381 3587 1458 3626 crec-

256 3653 338 3703 verat
352 3651 433 3702 erant
446 3643 541 3702 adhuc
555 3644 640 3703 valde
653 3643 738 3720 bons,
755 3645 830 3705 Gen.
841 3646 860 3706 i.
870 3649 919 3706 31.
941 3647 1003 3706 Nec
1017 3647 1043 3704 si
1057 3647 1114 3706 Dia
1151 3648 1197 3706 lus
1205 3647 1312 3707 dicitur
1325 3665 1458 3725 peccasse

256 3744 277 3784 a
285 3723 436 3800 presepio,
454 3727 470 3780 l
486 3723 507 3782 J
509 3724 555 3782 ob.
570 3723 611 3782 iii.
623 3726 651 3800 8,
667 3724 764 3784 statim
779 3725 909 3802 sequitur
922 3725 959 3784 sb
973 3725 1037 3802 ipso
1051 3727 1204 3786 creationis
1217 3727 1300 3785 initio
1314 3745 1458 3804 peccasse,

277 3803 325 3863 uia
339 3809 447 3862 tractm
461 3802 565 3881 uliquis
579 3803 716 3883 temporis
729 3824 787 3863 uon
802 3803 905 3882 obstat,
921 3804 1121 3882 quomiuussb
1135 3805 1217 3865 initio
1230 3805 1341 3884 aliquid
1351 3804 1459 3863 fectum

278 3882 378 3944 ‘carun

297 3963 359 4022 III.
381 3961 409 4020 N
410 3981 448 4021 ou
462 3961 600 4039 quaritur
612 3963 649 4022 de
662 3964 748 4022 modo
762 3969 792 4022 et
804 3963 905 4022 ordine
915 3964 1026 4040 peccati
1040 3963 1132 4040 istius,
1145 3962 1194 4022 An
1204 3963 1351 4042 peccarint
1360 3981 1462 4022 omnes

256 4041 352 4116 simul,
368 4041 418 4099 An
432 4061 501 4100 vero
515 4061 589 4101 unns
603 4042 708 4119 aliquis
716 4043 881 4102 rebellionis
891 4043 1002 4102 ceteris
1013 4043 1074 4103 dux
1088 4052 1117 4102 et
1127 4043 1230 4103 author
1237 4043 1333 4103 fuerit.
1354 4043 1461 4117 Quam-

257 4119 303 4180 vis
317 4120 393 4178 enim
406 4121 549 4198 posterius
563 4122 662 4180 multis
676 4122 809 4196 arrideat,
824 4141 878 4181 nec
892 4122 1080 4200 improbabile
1100 4122 1242 4199 videatur,
1264 4123 1350 4181 unius
1363 4123 1461 4180 herts-

256 4205 290 4258 tu
303 4208 332 4260 et
346 4218 441 4274 sussu,
457 4199 508 4276 qui
522 4199 660 4277 Princeps
674 4201 889 4261 Domoniorum
903 4201 1016 4278 dicitur,
1039 4221 1175 4280 peccasse
1189 4201 1270 4274 elios,
1285 4201 1337 4278 qui
1351 4198 1463 4278 Angeli

255 4277 347 4355 ipsius
365 4287 521 4353 vocentur;
544 4279 624 4338 nulls
636 4287 733 4338 temen
747 4281 839 4339 solida
853 4279 971 4357 ratione,
986 4281 1035 4340 vel
1054 4281 1136 4339 firmo
1150 4299 1188 4339 ex
1204 4280 1360 4357 Scripturis
1372 4279 1463 4338 docu-

256 4365 354 4416 mento
368 4357 466 4434 colligi
480 4365 583 4435 potest,
599 4367 629 4418 et
644 4359 792 4436 Scriptum
805 4367 926 4436 tacente,
949 4359 1040 4419 setius
1053 4367 1098 4420 est
1119 4359 1150 4418 in
1173 4359 1268 4418 medio
1288 4358 1460 4436 relinquere,

257 4453 344 4510 quam
358 4436 498 4496 curiosius
512 4436 574 4496 sine
588 4439 759 4498 necessitate
773 4448 803 4498 et
823 4439 918 4499 fructu
940 4439 1093 4516 inquirere.
1136 4437 1195 4498 Sed
1208 4438 1347 4516 quaritur
1360 4438 1409 4498 hic
1423 4436 1460 4496 de

256 4515 344 4586 specie
357 4515 441 4574 istius
454 4516 574 4594 peccati.

298 4589 352 4648 IV.
375 4590 458 4652 Circa
478 4613 565 4671 quam
585 4595 673 4658 varia
694 4605 761 4656 sunt
775 4597 987 4675 Theologorum
1009 4607 1039 4658 et
1061 4596 1304 4658 Scholasticorum
1326 4594 1458 4674 inprimis
