3158 5190
242 361 279 418 72
718 375 809 424 noces
824 373 983 419 saevusne.
1269 351 1397 438 [ouem.
1411 374 1442 418 v.

281 517 406 577 XVIII.
429 517 494 576 Non
509 527 554 578 est
567 517 755 578 contradictio
770 519 844 577 inter
860 520 874 575 1
888 519 973 578 Claro.
986 517 1025 576 iii.
1040 519 1085 594 19,
1101 525 1130 576 et
1141 517 1214 576 Mat.
1229 517 1248 576 i.
1266 521 1313 593 13,
1328 526 1359 576 et
1372 517 1444 575 Luc.

240 597 280 658 iii.
296 602 345 674 27,
362 617 451 675 quum
471 596 524 655 filii
545 597 731 656 Zorobabelis
751 597 887 657 dicuntur
907 617 970 656 esse
991 597 1022 654 in
1042 597 1092 656 lib.
1108 597 1193 657 Claro.
1208 598 1395 656 mactatam
1414 605 1445 655 et

240 678 388 752 Hanania,
405 676 482 754 apud
497 677 667 736 Matthaeum
678 697 748 735 vero
761 679 862 752 Acme,
878 676 955 754 apud
970 677 1079 736 Lucem
1090 678 1167 735 Reae
1176 700 1190 749 ,¹
1208 677 1277 754 quia
1289 677 1346 735 boc
1359 676 1444 734 facile

240 757 417 832 conciliatur,
433 756 458 814 si
477 765 535 816 tres
556 757 647 814 lineas
661 757 850 816 zorobabelis
862 757 992 816 diversas
1006 756 1130 816 describi
1150 755 1288 833 dicamus,
1304 775 1393 815 ιιιιιιιιι
1414 755 1444 813 iu

239 837 290 896 lib.
306 836 422 895 Chroni.
437 835 489 893 filii
508 836 572 913 ejus
586 844 656 895 natu
669 836 789 894 maximi
803 838 955 895 Mesudum
968 844 998 895 et
1011 835 1133 895 aliorum
1146 855 1269 914 quorum
1289 836 1445 914 progenies

239 915 294 974 suit
307 915 452 993 preclare,
468 924 544 975 etex
556 915 661 993 quibus
675 916 882 993 gubernatores
895 925 925 975 et
935 915 1026 975 duces
1034 915 1145 993 aliquot
1158 916 1263 974 seculis
1271 917 1292 975 J
1294 915 1444 974 ndsaorum

239 996 329 1056 Genti
344 995 495 1072 Babylone
515 995 614 1054 reduci
634 996 780 1073 praepositi
798 1003 882 1072 sunt;
905 995 1060 1055 secundum
1074 993 1152 1073 apud
1166 995 1272 1054 Matth.
1286 996 1391 1071 Abiud,
1407 1013 1444 1054 ex

237 1094 296 1152 quo
316 1075 481 1152 Josepbus3
511 1076 625 1133 tertiam
646 1075 723 1152 apud
746 1075 854 1133 Lucam
875 1077 966 1150 Resoe,
990 1093 1028 1134 ex
1050 1093 1108 1152 quo
1131 1075 1233 1150 Maria,
1254 1075 1306 1152 qui
1327 1075 1446 1134 fuerunt

236 1153 369 1213 homines
378 1155 492 1233 privati,
508 1173 630 1231 quorum
641 1155 701 1214 vita
712 1155 787 1214 inter
796 1154 934 1232 populum
945 1155 1075 1230 obscura,
1090 1161 1241 1231 propterea
1251 1155 1283 1212 in
1293 1155 1445 1214 Chronicm

238 1233 355 1292 videtur
367 1233 482 1292 omissa.
524 1233 582 1292 Vel
603 1253 668 1292 cum
689 1234 755 1292 aliis
774 1233 929 1292 dicendum
945 1234 1076 1294 diuersos
1096 1233 1185 1293 fuisse
1200 1233 1397 1293 Zorobebales
1414 1244 1446 1292 et

240 1313 419 1388 Salathieles,
435 1313 501 1372 ideo
514 1333 573 1372 non
587 1314 691 1373 mirum
706 1313 798 1372 videri
811 1313 916 1372 debere
931 1315 955 1371 si
969 1313 1078 1374 diversi
1092 1312 1150 1372 sint
1163 1333 1261 1372 eorum
1275 1314 1395 1391 posteri.

279 1393 374 1452 XIX.
396 1393 491 1468 Quum
505 1393 604 1452 Josias
618 1392 724 1452 dicitur
737 1393 871 1470 genuisse
885 1393 1057 1452 Jechonism
1072 1395 1112 1453 ixl
1124 1399 1166 1458 uis
1178 1395 1339 1470 memte,
1355 1393 1446 1453 verba

237 1472 294 1532 ists
306 1493 366 1531 non
380 1482 447 1532 sunt
461 1472 600 1532 vertenda
619 1473 738 1550 praecise
752 1475 781 1531 in
796 1474 1041 1550 transportatione,
1058 1493 1122 1532 cum
1137 1483 1249 1532 constet
1265 1492 1303 1532 ex
1320 1473 1445 1552 promis·

238 1553 319 1611 sione
333 1552 433 1612 divina
452 1553 589 1631 peculiari
603 1573 662 1612 non
675 1552 784 1611 vidisse
798 1552 906 1611 malum
920 1553 993 1612 illud
1007 1563 1036 1612 et
1050 1553 1160 1631 aliquot
1174 1553 1257 1612 annis
1271 1563 1339 1612 ante
1353 1555 1446 1630 capti·

238 1633 358 1692 vitatem
372 1631 460 1691 iusisse
474 1641 628 1708 mortuum,
644 1637 662 1690 2
678 1633 783 1691 Chron.
798 1632 903 1692 xxxiv.
915 1634 963 1708 28,
979 1641 1008 1692 et
1018 1653 1111 1692 xxxv.
1128 1633 1239 1709 anecd
1253 1636 1295 1692 ad
1304 1632 1352 1692 vel
1367 1635 1446 1691 ceca

237 1731 310 1788 cam,
326 1731 392 1771 cum
414 1711 524 1770 scilicet
543 1712 594 1771 illa
615 1711 774 1790 deportatio
795 1712 973 1788 immineret;
995 1713 1036 1772 ita
1054 1721 1086 1772 ut
1103 1713 1142 1771 im·
1163 1712 1306 1771 coincidet
1323 1733 1389 1772 cum
1403 1713 1447 1778 ἑός

237 1811 330 1869 usque
351 1791 388 1850 ad
409 1791 645 1869 deportationem,
664 1799 696 1850 ut
708 1795 775 1868 perol
792 1811 858 1850 cum
871 1796 922 1850 ἐπὶ
936 1812 965 1851 v.
984 1794 1029 1850 17.
1074 1791 1122 1851 Sic
1137 1793 1176 1850 ixi
1196 1792 1309 1850 notabit
1328 1801 1444 1870 tempus

237 1891 297 1948 quo
318 1891 364 1931 res
386 1881 469 1949 gesta
490 1871 552 1948 fuit,
575 1891 633 1930 non
655 1879 751 1931 tamen
768 1872 866 1932 stricte
889 1881 1043 1949 sumptum,
1067 1871 1118 1930 sed
1139 1891 1205 1930 curn
1225 1871 1388 1947 latitudine,
1409 1882 1445 1932 ut

237 1951 329 2011 Maro.
344 1951 374 2011 ii.
389 1953 447 2028 26;
470 1951 540 2012 Luc.
560 1952 601 2011 iii.
621 1957 648 2028 2,
671 1961 704 2010 ut
728 1952 766 2011 sit
784 1951 861 2010 idem
875 1951 954 2030 quod
973 1974 989 2011 a
1006 1951 1147 2028 Hebraeis,
1163 1951 1242 2028 quod
1262 1971 1339 2030 ssepe
1364 1951 1445 2011 velet

236 2033 314 2090 circa
334 2032 383 2090 vel
400 2051 502 2109 prope,
525 2033 631 2092 Genes.
653 2032 682 2090 ii.
705 2035 741 2107 2,
765 2031 860 2090 Exod.
881 2031 933 2090 xii.
957 2033 1002 2106 15,
1025 2039 1054 2089 et
1074 2031 1245 2090 vertendum
1265 2039 1311 2090 est
1330 2033 1381 2090 sud
1393 2031 1443 2090 vel

237 2112 322 2188 cirea,
343 2131 371 2189 q.
389 2111 418 2172 d.
440 2113 565 2171 instante
585 2112 836 2188 transportatione.
878 2111 936 2170 Vel
950 2131 1009 2169 vox
1030 2112 1069 2170 tet
1088 2131 1147 2169 non
1166 2118 1211 2169 est
1232 2109 1383 2169 reserenda
1404 2111 1444 2169 ad

236 2192 358 2250 verbum
376 2191 514 2251 remotius
531 2191 634 2266 genuit,
651 2190 703 2249 sed
723 2190 761 2249 ad
779 2190 943 2268 proximum
955 2193 1069 2266 frames
1089 2194 1146 2267 ejus
1160 2191 1200 2249 ieri
1219 2191 1371 2266 permanire
1390 2209 1443 2266 pm

237 2271 423 2348 &presumite
436 2291 488 2348 per
501 2270 652 2347 enallageu
667 2270 877 2346 praepositionis
891 2288 956 2348 quae
970 2269 1201 2348 frequentissdma
1214 2279 1266 2346 est,
1282 2291 1335 2348 pro
1345 2279 1402 2336 τοῦς
1415 2271 1442 2329 is

235 2351 395 2426 pusterulae,
411 2350 461 2427 qui
474 2348 590 2408 fuerunt
604 2369 641 2406 ex
655 2348 861 2429 deportatione,
876 2348 907 2408 id
922 2359 974 2426 est,
990 2350 1119 2410 intereos
1132 2351 1182 2430 qui
1193 2351 1368 2428 Babylonem
1377 2361 1443 2410 aaut

277 2508 356 2567 XX.
378 2506 460 2567 Licet
473 2507 632 2567 Jechonias
646 2507 758 2567 dicatur
771 2509 906 2585 genuisse
923 2509 1117 2584 Salatbielem,
1133 2511 1219 2569 Mau.
1230 2511 1250 2569 i.
1265 2513 1310 2584 12,
1327 2518 1357 2568 et
1368 2509 1439 2570 Luc.

237 2588 277 2648 iii.
298 2592 344 2663 37,
361 2588 500 2646 &heliel
518 2587 631 2646 dicatur
643 2589 724 2666 filius
737 2589 820 2664 Neri,
842 2589 923 2647 nulla
942 2601 988 2649 est
1008 2589 1213 2666 contradictio;
1236 2589 1311 2664 eris
1331 2589 1440 2650 diversi

236 2667 352 2728 suerunt
368 2667 546 2741 Selethielm,
562 2687 637 2726 unus
650 2667 729 2727 filius
742 2668 763 2727 J
765 2668 901 2745 echonise,
917 2668 1026 2746 dequo
1040 2669 1205 2746 Matthaeus,
1221 2670 1295 2728 alter
1308 2669 1388 2746 Neri,
1404 2669 1441 2728 de

236 2768 296 2826 quo
310 2748 421 2824 Lucas3
445 2747 500 2805 Ille
514 2767 552 2806 ex
565 2747 643 2806 linea
662 2747 831 2822 Salomonis,
848 2747 908 2807 Iste
926 2767 963 2807 ex
983 2749 1061 2807 linea
1075 2749 1233 2823 Nathanis3
1256 2749 1377 2808 Etcum
1391 2749 1440 2808 alii

236 2827 323 2906 longe
336 2827 443 2886 fuerint
461 2827 586 2904 majores
607 2827 771 2887 salathieus
784 2847 876 2905 usque
896 2827 934 2886 ad
956 2827 1099 2886 Davidem
1119 2829 1197 2905 apud
1218 2829 1336 2905 Lucam,
1352 2849 1440 2906 quum

238 2907 403 2967 Salathielis
420 2906 497 2986 apud
519 2907 698 2982 Metthamm,
720 2908 868 2986 probabile
882 2916 927 2967 est
940 2907 977 2966 de
990 2907 1114 2967 diversis
1133 2907 1264 2985 personis
1277 2927 1441 2968 sennonem

235 3005 309 3048 esse.
345 2987 406 3046 Nec
420 2987 516 3047 obstat
529 2986 608 3066 quod
624 2987 762 3046 Salstbiel
775 2995 834 3046 tem
849 2987 926 3064 apud
941 2988 1121 3064 Matthseum,
1136 3007 1222 3066 quam
1236 2988 1314 3066 apud
1329 2988 1441 3048 Lucam

235 3068 349 3129 dicatum
367 3075 450 3146 peter
463 3067 632 3144 Zorobabel,
653 3067 721 3145 quia
740 3067 849 3145 pariter
863 3067 922 3126 duo
941 3074 1097 3144 potuerunt
1110 3087 1174 3126 esse
1189 3067 1392 3144 Zorobabeles,
1408 3079 1443 3128 ut

236 3148 339 3208 similis
363 3156 407 3207 est
427 3147 549 3207 duorum
571 3157 621 3206 aut
642 3147 766 3224 plurium
792 3146 893 3206 eodem
912 3147 1012 3205 ordine
1034 3147 1248 3207 succedentium
1271 3167 1439 3222 concursus,

236 3229 308 3288 Luc.
329 3228 369 3287 iii.
390 3231 438 3303 34,
460 3227 577 3286 Mattati
596 3235 625 3286 et
644 3227 725 3303 Levi,
746 3235 776 3286 et
789 3247 818 3285 v.
840 3229 888 3300 29,
911 3235 940 3285 et
956 3230 971 3285 1
988 3227 1073 3286 Cbro.
1088 3226 1128 3286 vi.
1149 3231 1176 3304 I,
1199 3229 1227 3303 8,
1247 3226 1382 3304 idemque
1403 3229 1441 3288 da

235 3316 360 3385 quatuor
372 3325 471 3365 eorum
485 3306 638 3383 nepotibus
652 3306 797 3384 repetitur,
813 3325 842 3365 v.
860 3309 906 3364 12.

277 3385 371 3442 XXI.
394 3385 489 3443 Locus
504 3385 552 3442 Ps.
573 3386 645 3444 xxii.
663 3389 698 3444 17
714 3385 750 3443 de
765 3405 821 3442 sue
834 3404 893 3443 non
914 3393 959 3444 est
979 3385 1081 3452 ἔλιπες.
1130 3386 1204 3445 Nam
1226 3386 1294 3446 licet
1316 3387 1442 3446 retinea-

234 3474 283 3524 tur
302 3463 388 3522 lectio
402 3464 522 3540 vulgata
538 3481 596 3522 non
616 3472 767 3541 propterea
780 3464 925 3540 corruptio
938 3464 979 3522 ibi
993 3476 1070 3526 esset
1084 3464 1244 3539 statuenda,
1261 3466 1312 3524 sed
1326 3475 1440 3526 tantum

237 3541 407 3620 scriptionis
429 3542 579 3618 anomalia,
597 3543 648 3601 ubi
669 3565 686 3602 ιι
711 3541 841 3600 additum
861 3551 938 3602 esset
958 3563 1009 3620 per
1029 3545 1215 3623 epenthesim,
1237 3554 1271 3604 nt
1290 3563 1349 3604 uon
1375 3565 1442 3605 raro

234 3621 313 3698 alibi,
332 3622 420 3680 Zach.
438 3621 498 3678 xiv.
524 3623 569 3696 10,
587 3642 655 3681 nass
672 3641 726 3698 pro
740 3637 799 3697 mss,
825 3624 1004 3698 medebitur,
1028 3633 1057 3684 et
1076 3647 1085 3683 ι
1105 3624 1135 3682 in
1155 3643 1167 3672 ι
1185 3633 1327 3684 mutatum
1352 3635 1440 3703 esset,

234 3710 267 3763 ut
288 3702 379 3761 litere
401 3700 464 3761 istae
486 3701 561 3760 inter
582 3717 614 3759 se
635 3699 718 3760 facile
740 3709 946 3779 permutentur,
968 3703 1037 3763 Esd.
1061 3723 1091 3763 x.
1105 3723 1135 3762 v.
1154 3704 1208 3763 ult.
1228 3725 1284 3764 neus
1301 3723 1354 3782 pro
1374 3729 1439 3782 usa,

234 3790 410 3859 acceperunt
452 3780 493 3841 Et
512 3781 646 3839 Marinus
666 3781 695 3840 iu
709 3781 788 3840 Arca
808 3783 889 3856 Nom,
911 3782 1024 3841 literam
1044 3783 1124 3841 illam
1144 3802 1202 3842 non
1222 3781 1284 3841 Jod
1305 3781 1357 3842 sed
1370 3783 1440 3844 Vsu

234 3862 409 3921 diminutum
430 3867 524 3937 vocat,
548 3867 578 3918 et
599 3859 665 3920 ideo
686 3861 809 3938 positam
833 3862 988 3937 existimat,
1012 3871 1045 3922 nt
1068 3863 1169 3921 innuat
1191 3863 1267 3922 clare
1289 3863 1441 3923 clavorum

235 3941 342 4001 Christi
364 3941 513 4020 stigmata3
537 3938 623 4000 Unde
643 3941 673 3999 in
695 3941 850 4001 codicibus
870 3941 958 4019 regiis
979 3961 1045 4000 cum
1062 3941 1117 4000 Iod
1135 3949 1272 4019 punctato
1293 3941 1440 4019 scribitur,

234 4023 318 4100 quasi
338 4030 415 4081 esset
433 4019 495 4080 Jod
517 4019 636 4078 schurec
649 4039 713 4097 m,
728 4021 792 4080 loco
806 4020 874 4080 Vsu
895 4022 1022 4095 schurec,
1038 4031 1071 4080 ut
1084 4022 1193 4082 Jerem.
1215 4022 1234 4079 l.
1252 4023 1303 4096 11;
1323 4025 1353 4080 2.
1369 4043 1439 4081 con-

234 4101 364 4160 firmatur
382 4121 420 4160 ex
437 4120 481 4178 eo,
495 4099 574 4178 quod
588 4100 705 4158 Musora
718 4119 809 4178 parva
826 4109 908 4160 notat
925 4101 963 4160 ad
984 4101 1061 4160 hunc
1074 4100 1178 4176 locum,
1196 4101 1243 4160 bis
1256 4109 1368 4159 munim
1382 4121 1442 4161 *ιιι

235 4184 382 4240 occurrere
403 4179 433 4238 in
456 4180 604 4258 Scriptura
621 4199 687 4237 cum
702 4179 818 4238 Cametz
833 4179 914 4239 suba
934 4179 1093 4259 etquidem
1113 4181 1144 4238 iu
1163 4181 1278 4238 diversa
1291 4179 1438 4257 significu-

234 4260 322 4319 tione.
364 4259 408 4317 At
422 4260 479 4318 Isa.
494 4259 619 4318 xxxviii.
637 4261 682 4334 13,
697 4259 748 4317 nbi
769 4258 858 4318 semel
879 4261 1010 4334 occurrit,
1032 4279 1092 4318 non
1111 4268 1208 4338 potest
1221 4260 1304 4318 aliter
1318 4259 1436 4336 exponi,

235 4357 321 4414 quarn
335 4339 406 4396 sicut
418 4339 497 4410 Leo;
519 4339 598 4415 Ergo
619 4338 667 4396 hic
681 4338 737 4396 alio
752 4357 838 4398 sensu
858 4339 915 4398 Ista
928 4359 988 4399 vox
1001 4340 1082 4399 venit
1096 4339 1275 4417 exponenda,
1291 4339 1340 4416 qui
1362 4339 1439 4398 alius

234 4436 298 4475 esse
319 4435 377 4474 non
397 4425 493 4494 potest
513 4437 549 4475 ex
563 4419 729 4497 asssumpta
743 4419 904 4496 verborum,
927 4439 1013 4497 quam
1030 4417 1081 4496 qui
1094 4420 1185 4496 vulgo
1198 4419 1323 4496 ponitur,
1341 4418 1437 4476 nlmir.

227 4497 375 4572 sederunt.
417 4497 444 4554 3.
468 4495 503 4552 In
518 4497 635 4555 Masona
648 4518 754 4576 magna
767 4497 846 4556 finali
866 4499 1036 4576 proponitur
1049 4498 1233 4576 alphabetum
1248 4507 1384 4557 constans
1399 4517 1437 4556 ex

234 4573 311 4633 binis
322 4574 442 4634 vocibus
453 4593 517 4650 quse
532 4575 685 4652 scriptione
699 4577 883 4652 convenIunt,
899 4578 1108 4656 significatione
1117 4597 1186 4637 vero
1201 4577 1345 4650 differunt,
1361 4577 1440 4636 inter

234 4673 307 4734 quus
327 4661 491 4714 recensetur
511 4654 566 4713 ista
581 4675 654 4732 quae,
671 4655 728 4715 Isa.
742 4657 877 4732 xxxviii,
893 4666 922 4716 et
942 4658 988 4717 hic
1003 4659 1142 4734 occurrit3
1165 4656 1241 4716 undc
1255 4656 1312 4716 alia
1326 4655 1439 4734 signifi·
