3044 5180
230 340 289 396 336
356 349 358 352 ·
712 357 803 398 uoous
817 355 962 406 Qussrus.
1226 336 1343 418 [ouran
1357 362 1430 402 rrrr.

229 497 365 572 monium,
381 497 429 556 vel
443 497 572 575 sigillum
586 516 650 557 esse
663 497 754 556 fallax
768 506 798 557 et
815 499 971 573 incertum
994 496 1042 554 vel
1061 495 1178 556 fidelem
1191 498 1242 574 qui
1262 499 1333 558 serie
1351 499 1431 560 illud

148 594 151 601 ’
229 577 364 636 observat
393 595 478 654 posse
493 593 605 655 semper
618 577 722 655 decipi,
736 585 770 636 ut
783 596 929 655 nunquam
944 575 980 635 de
994 576 1058 654 eJus
1071 577 1193 635 veritate
1207 578 1429 656 persuadeatur3

229 663 310 716 tanta
323 656 400 714 enim
413 666 458 716 est
472 657 600 716 suavitas
611 666 641 716 et
653 657 784 734 potentia
795 657 880 716 istius
894 657 1077 733 operationis,
1092 664 1152 714 tam
1166 656 1338 716 admirabilis
1350 658 1431 718 lucis

227 735 312 794 istius
325 735 432 795 divinae
446 737 589 814 splendor,
605 744 635 796 et
652 745 712 796 tam
733 736 842 796 invicte
861 735 900 794 ad
920 735 1125 813 captivandum
1146 755 1196 794 cor
1215 737 1246 794 in
1260 737 1431 815 obsequium

228 815 297 874 fidei
320 815 453 890 efficacia,
478 826 539 876 tam
562 816 753 875 inenarrabile
778 815 916 892 goudium
940 824 970 874 et
991 815 1134 890 solatium,
1159 835 1218 892 quo
1240 817 1431 876 conscientias

227 894 382 972 perfimdit,
397 905 430 955 ut
443 896 558 956 fidelem
571 897 662 954 latere
676 904 808 972 nequeat,
824 895 876 954 sed
889 893 1060 955 indubitatis
1073 895 1252 972 argumentis
1266 916 1296 954 se
1310 905 1430 956 ateme-

227 975 303 1032 reris
315 974 500 1051 profanorum
514 975 684 1054 gloriatione
698 975 783 1034 facile
797 983 936 1034 secernat.
973 973 1059 1034 Unde
1076 977 1090 1033 1
1106 975 1195 1034 lohe.
1209 975 1312 1050 11101,
1326 978 1361 1034 In
1372 979 1433 1036 boc

227 1056 439 1195 ppgnpgpqegb
438 1055 547 1194 ,1,00011,
563 1058 641 1131 quod
651 1074 795 1128 monemus
808 1056 838 1113 in
851 1056 920 1130 1000,
936 1063 963 1112 01
976 1055 1034 1131 ipse
1047 1054 1077 1112 ia
1090 1056 1175 1131 00110,
1191 1055 1259 1131 quic
1272 1057 1307 1114 de
1319 1057 1432 1132 Spiritu

268 1213 345 1272 XII.
368 1215 429 1274 Nec
442 1215 499 1273 alio
513 1213 645 1292 pertinet,
661 1212 739 1290 quod
754 1213 863 1273 Paulus
876 1213 926 1288 ait,
939 1217 956 1271 1
969 1212 1077 1273 Gorint.
1092 1213 1122 1273 ii.
1135 1217 1183 1272 12.
1206 1215 1270 1273 Noa
1293 1217 1432 1292 acceprboe

226 1311 283 1352 eon
301 1294 439 1370 Spiritum
456 1295 562 1369 mundi,
582 1297 633 1353 aed
651 1294 788 1370 80111010
809 1293 859 1370 qui
877 1302 918 1352 err
933 1313 970 1352 ea
988 1295 1060 1368 Deo,
1082 1302 1113 1352 at
1131 1294 1253 1352 acrbmus
1271 1314 1332 1371 quor
1348 1297 1433 1356 Deus

225 1373 302 1430 nobis
324 1383 365 1433 est
383 1375 568 1454 qratificatus.
611 1373 754 1433 Nimirum
776 1373 839 1432 Deo
859 1382 976 1450 propter
996 1373 1118 1450 gloriam
1139 1393 1230 1448 suam,
1254 1382 1285 1432 01
1308 1375 1431 1434 salutem

225 1460 362 1529 nostrum,
380 1474 438 1512 non
460 1455 529 1513 setis
544 1462 588 1512 est
607 1454 684 1513 boue
702 1453 787 1512 nobis
807 1452 914 1530 largiri,
933 1452 990 1511 nisi
1008 1471 1124 1512 sensum
1138 1461 1168 1512 et
1181 1452 1313 1512 notitiam
1330 1474 1432 1514 eorum

225 1532 329 1592 animis
349 1533 455 1592 nostris
474 1534 627 1611 imprimat,
643 1541 676 1592 ut
689 1532 768 1592 etde
787 1533 846 1590 illis
866 1533 975 1609 gratias
988 1551 1075 1608 agere
1095 1531 1248 1608 possimus,
1264 1541 1294 1592 et
1313 1533 1431 1610 liscum

265 1611 334 1671 udio
354 1622 384 1671 et
403 1613 505 1673 solatio
526 1613 591 1672 frui.
633 1613 694 1672 Neo
711 1612 806 1671 dicere
823 1611 910 1688 juvet
930 1631 995 1670 eum
1010 1611 1135 1687 Beoauo,
1152 1610 1329 1688 Apostolum
1347 1613 1431 1692 loqui

247 1690 361 1750 edonis
382 1691 490 1769 glories,
509 1713 574 1770 quae
594 1692 631 1751 ab
653 1701 759 1752 aeterno
780 1691 864 1750 nobis
884 1690 1066 1768 praeparavit,
1087 1710 1146 1750 non
1162 1690 1198 1749 de
1213 1691 1299 1750 donis
1319 1693 1431 1770 gratias,

225 1770 388 1849 dequibus
410 1773 555 1849 quaeritur.
601 1770 676 1847 Quia
696 1770 732 1830 de
751 1771 881 1847 utrisque
901 1771 1029 1847 loquitur
1050 1770 1167 1845 Paulus,
1189 1778 1219 1830 et
1240 1770 1277 1830 de
1301 1772 1429 1850 utrisque

226 1849 415 1928 disputamus,
441 1861 470 1912 et
497 1852 522 1910 si
547 1851 688 1912 certitudo
713 1851 801 1912 datum
820 1869 872 1927 per
897 1850 1036 1927 Spiritum
1059 1848 1200 1908 donorum
1227 1850 1339 1926 gloriae,
1363 1871 1429 1928 quae

225 1939 293 1990 sunt
313 1929 417 2008 future,
439 1940 547 2010 quanto
569 1931 661 2008 magis
675 1930 791 1990 dabitur
802 1930 943 1989 donorum
964 1928 1065 2006 gratiss
1079 1949 1143 2006 quae
1165 1939 1233 1989 sunt
1253 1932 1430 2008 prasentia?

226 2009 289 2070 Nec
313 2011 338 2070 si
361 2011 496 2072 dicuntur
519 2011 570 2071 ills
591 2013 621 2069 in
643 2030 692 2070 cor
716 2009 840 2069 bominis
864 2028 922 2067 non
944 2007 1108 2068 escendisse
1132 2018 1267 2086 respectu
1288 2011 1429 2070 naturalis

224 2090 343 2167 notities,
360 2091 457 2152 statim
471 2093 601 2169 sequitur
620 2111 678 2150 non
698 2109 783 2167 posse
798 2087 914 2149 acorde
934 2088 1014 2147 fideli
1033 2089 1142 2166 percipi
1162 2108 1201 2147 ex
1215 2092 1428 2166 supernaturali

225 2170 410 2231 revelatione.

266 2249 361 2307 XIII.
385 2250 501 2325 Quarto,
517 2251 634 2325 Pracb,
650 2259 677 2308 et
688 2251 834 2326 Exempla
848 2249 1024 2322 Sanctorum,
1044 2246 1097 2324 qui
1117 2245 1153 2306 de
1173 2247 1326 2307 illectione
1339 2259 1370 2308 et
1383 2270 1426 2310 sa⁴

222 2325 283 2386 lute
297 2349 351 2388 sus
363 2329 434 2388 certi
448 2328 571 2404 fuerunt,
586 2328 692 2387 docent
705 2347 763 2386 non
779 2327 865 2386 modo
886 2326 1052 2404 possibilem
1066 2347 1138 2402 esse,
1161 2326 1214 2388 sed
1234 2329 1427 2388 necessariam

222 2405 308 2465 istam
319 2407 528 2467 certitudinem.
566 2407 649 2466 Patet
662 2407 694 2464 in
703 2409 868 2466 Abralcmo
880 2407 966 2465 Patre
976 2405 1162 2482 credentium,
1175 2407 1225 2484 qai
1236 2417 1339 2467 cerac
1351 2429 1427 2486 span

220 2487 270 2544 aud
283 2505 332 2561 spe
345 2487 470 2562 0101110111,
485 2507 542 2546 nen
552 2487 709 2565 infirmatus
719 2487 823 2565 infide,
833 2488 886 2545 aed
897 2491 1081 2624 rampses&
1090 2487 1251 2560 pleurisim
1258 2507 1426 2564 pamm,

221 2567 425 2644 0001110901
438 2565 614 2643 prenderat
628 2566 706 2642 petre
726 2575 791 2624 erat
809 2566 923 2642 efficere,
987 2586 1025 2625 m.
1039 2567 1078 2624 iv.
1096 2567 1142 2640 18,
1160 2568 1206 2625 19.
1251 2567 1288 2624 Ιο
1302 2569 1424 2642 Daer‘de,

221 2647 272 2726 qui
286 2655 364 2707 certo
388 2646 444 2705 sibi
458 2645 619 2723 persuadet,
636 2665 666 2704 se
680 2665 740 2704 non
753 2653 863 2705 motum
881 2646 925 2720 iri,
942 2646 991 2704 Ps.
1006 2645 1066 2704 xvi.
1082 2646 1109 2720 8,
1126 2645 1178 2704 sed
1198 2645 1425 2706 misericordiam

222 2727 278 2786 Dei
292 2747 358 2786 eum
373 2726 571 2786 comitaturam
585 2725 719 2784 omnibus
733 2723 836 2784 diebus
850 2725 918 2783 vitre
937 2744 1005 2800 euae,
1022 2725 1071 2783 Ps.
1092 2724 1176 2783 xxiii.
1198 2727 1226 2801 6,
1249 2733 1280 2784 et
1296 2727 1379 2803 quod
1396 2727 1424 2786 in

220 2815 359 2866 {eternum
372 2825 432 2865 non
445 2805 549 2864 debeat
563 2803 708 2880 coniumdi,
726 2805 759 2864 P.
774 2804 857 2864 xxxi.
875 2808 900 2862 l.
924 2804 960 2862 In
970 2806 1070 2880 Perde,
1086 2804 1137 2880 qui
1150 2823 1288 2881 expresse
1303 2815 1426 2866 testatru

221 2905 252 2946 se
272 2906 442 2964 persuasum
456 2905 528 2962 esse,
550 2884 624 2943 nihil
643 2905 710 2944 eum
724 2901 856 2962 separare
876 2903 961 2961 posse
975 2883 1012 2942 ab
1026 2903 1123 2942 eruore
1138 2882 1202 2958 Dei,
1218 2883 1367 2962 πέτωμαι,
1383 2887 1422 2944 in·

220 2967 292 3044 quit,
307 2985 395 3044 aeque
407 2973 532 3042 morters,
548 2985 636 3042 aeque
648 2965 742 3040 uitam,
758 2983 846 3041 neque
858 2965 988 3040 11090100,
1003 2982 1091 3040 neque
1103 2963 1267 3040 Poteatutes,
1283 2966 1331 3039 ὅτ.
1341 2985 1423 3043 porse

219 3068 263 3107 me
276 3067 414 3123 separare
427 3047 462 3106 ab
476 3065 574 3104 amore
584 3045 643 3104 Dei
654 3045 684 3103 in
696 3044 815 3119 (lbrr'sto,
826 3043 948 3103 Romen.
959 3043 1020 3101 viii.
1033 3044 1081 3102 38.
1103 3042 1195 3117 Quale
1208 3043 1308 3104 auteui
1321 3045 1421 3105 funda

219 3135 348 3186 mentum
363 3147 427 3186 esse
447 3134 542 3204 potest
562 3125 647 3184 istius
666 3123 870 3198 insultationis,
885 3122 942 3181 nisi
959 3121 1101 3182 certitudo
1115 3121 1274 3200 electionis,
1290 3133 1322 3183 et
1335 3125 1391 3184 ado

218 3206 307 3265 tionis
327 3205 481 3266 fidelium?
500 3213 617 3282 propter
636 3224 724 3282 quam
744 3203 785 3280 fit,
800 3211 833 3262 ut
853 3203 884 3261 in
903 3202 1037 3261 omnibus
1051 3205 1202 3284 sagrata,
1218 3210 1248 3262 et
1269 3204 1366 3264 securi
1406 3223 1421 3262 0

218 3284 352 3344 hostibus
366 3286 499 3344 omnibus
513 3285 574 3344 siris
587 3284 763 3362 triumphare
776 3291 905 3360 possunt,
916 3301 946 3342 v.
958 3284 1006 3358 31,
1018 3284 1066 3357 32,
1078 3284 1128 3342 33.
1160 3281 1263 3359 Neque
1277 3283 1328 3342 hio
1341 3304 1419 3344 reve-

217 3362 288 3422 latio
302 3365 434 3438 quedem
448 3363 677 3422 extraordinaria
689 3372 734 3423 est
748 3361 938 3437 obtendenda,
949 3361 1032 3438 quasi
1045 3361 1101 3420 hoc
1115 3361 1254 3440 peculiari
1267 3363 1374 3440 privile
1395 3364 1420 3420 'o

216 3440 390 3518 quibusdam
412 3461 430 3498 a
450 3441 513 3500 Deo
534 3441 572 3500 sit
592 3441 746 3516 indultum,
766 3461 824 3500 non
837 3460 907 3500 vero
929 3440 1057 3516 caeteris3
1079 3441 1148 3519 quis
1162 3441 1324 3500 Abrabami
1348 3443 1369 3500 fi
1389 3461 1419 3500 es

215 3517 385 3597 proponitur
404 3520 436 3576 10
456 3519 621 3596 exemplum
642 3521 763 3595 caeteris,
781 3520 984 3580 1101101023.
1027 3519 1067 3579 Et
1088 3519 1197 3580 Paulus
1218 3521 1419 3581 certitudinem

217 3617 298 3657 suam
318 3597 399 3675 petit,
421 3617 480 3656 non
501 3617 538 3656 ex
559 3599 698 3676 peculiari
718 3599 903 3674 revelatione,
919 3597 971 3658 sed
991 3618 1028 3657 ex
1048 3597 1245 3658 fundamentis
1259 3607 1290 3659 et
1302 3601 1420 3661 motivis

216 3677 408 3756 generalibus,
425 3685 532 3736 retorna
545 3677 655 3736 scilicet
670 3677 727 3736 Dei
746 3677 895 3752 electione,
912 3677 1018 3737 Christi
1036 3686 1137 3753 morte,
1152 3686 1183 3737 et
1202 3679 1417 3752 intercessione,

209 3777 313 3818 amore
329 3756 384 3815 Dei
404 3757 594 3832 immutabili,
616 3776 681 3834 quse
696 3776 761 3816 cum
776 3757 834 3816 sint
847 3757 981 3816 fidelibus
995 3757 1129 3816 omnibus
1144 3759 1317 3834 eommunia,
1341 3768 1418 3836 patet

216 3858 274 3914 eos,
297 3856 355 3894 non
375 3835 471 3895 minus
490 3856 524 3896 ac
547 3835 678 3912 Paulum,
700 3843 797 3897 actum
819 3837 906 3896 istum
927 3835 1107 3896 certitudinis
1128 3836 1293 3896 fiducialem
1316 3839 1418 3898 elicere

195 3914 486 4072 eposXsllicgiiiiid,
509 3997 621 4070 Effecta
636 3994 711 4075 fidei
729 3995 804 4054 hanc
825 3993 1027 4055 certitudinem
1048 3995 1205 4071 postulent,
1227 3995 1327 4073 qualia
1352 4005 1416 4056 sunt

215 4078 361 4150 πιποίθιιτις,
381 4073 456 4152 Eph.
477 4075 517 4132 ili.
540 4078 586 4150 12,
607 4075 769 4156 πλψφοςῖα,
792 4075 869 4133 Ηο1).
883 4095 914 4132 x.
934 4077 981 4149 22,
1001 4073 1133 4150 anime,
1156 4075 1416 4158 11001102,ῃᾶ

206 4155 387 4230 ‘almariam
405 4157 420 4212 1
438 4154 500 4212 Pet.
514 4155 533 4213 i.
550 4157 577 4230 8,
592 4173 657 4231 quae
674 4175 692 4213 a
711 4154 796 4213 nobis
816 4153 879 4212 tolli
892 4171 950 4212 non
963 4161 1068 4230 potest,
1083 4153 1172 4212 Joba.
1187 4153 1248 4214 xvi.
1263 4157 1324 4230 22,
1347 4177 1415 4234 quo-

213 4234 300 4291 modo
314 4235 391 4292 enim
404 4232 453 4292 vel
472 4233 617 4308 fiduciam,
635 4242 664 4293 et
683 4233 798 4311 plenem
818 4232 1033 4310 persuasionem
1053 4233 1160 4292 bebere
1180 4253 1346 4311 possumus,
1368 4255 1416 4312 per

212 4331 299 4386 quem
313 4313 351 4370 ad
364 4312 499 4371 thronum
513 4313 614 4390 gratie
628 4332 694 4372 cum
707 4311 881 4371 confidentia
894 4310 1030 4370 accedere
1043 4311 1120 4387 licet,
1132 4311 1181 4370 vel
1193 4331 1295 4389 pacem
1309 4313 1415 4372 babere

212 4389 290 4464 apud
305 4391 407 4464 Deum,
424 4399 453 4448 01
467 4409 546 4467 spem
561 4411 626 4468 quoe
639 4411 698 4451 non
711 4391 879 4467 confundit3
901 4390 950 4449 vel
969 4391 1095 4468 gloriari,
1111 4399 1141 4450 et
1154 4391 1260 4468 gaudio
1274 4391 1416 4451 ineffabili

212 4475 241 4522 et
255 4467 381 4542 glorioso
395 4469 534 4543 exultare,
550 4470 573 4528 si
592 4479 731 4548 perpetuo
745 4480 824 4530 metu
838 4479 867 4529 01
881 4469 1252 4548 dubitationeagitarentur
1264 4472 1412 4529 conscien-

203 4541 313 4620 ·tiae,et
331 4547 446 4606 nonnisi
467 4549 690 4626 conjecturalem
711 4557 741 4609 et
761 4551 899 4609 incertam
920 4549 1113 4626 opinationem
1134 4549 1171 4607 de
1193 4567 1289 4608 amore
1307 4549 1365 4607 Dei
1387 4557 1413 4607 et

204 4619 304 4677 'salute
318 4631 416 4685 nostra
430 4645 580 4700 possemus
594 4628 745 4688 obtinere?
