3174 5174
140 340 254 406 eumen.
270 337 317 418 m]
643 358 681 398 nn
697 361 836 402 rnccnno.

618 577 811 652 QUAESTIO
833 581 875 678 II.

139 734 185 793 An
199 739 227 792 rt
241 731 344 792 ἑκούσιοι
357 733 413 792 aive
425 735 622 810 uoluntariam,
638 745 773 812 quatem
787 747 827 796 est
839 739 921 816 silius,
937 740 987 816 poi
998 741 1121 802 ιοίειιειι
1132 748 1224 804 volem
1235 746 1346 824 aliquid
1371 776 1376 786 ·

270 814 337 889 opit,
352 813 390 871 sit
402 815 437 872 de
447 815 564 872 meantia
572 817 685 890 peccati
691 819 705 874 ‚²
746 816 830 894 Neg'.,
846 827 945 877 eontra
960 820 1066 882 Pontis.
1082 832 1111 881 st
1127 823 1222 883 Sooin.

181 972 206 1030 1.
228 971 370 1064 Pontsfio't'
390 980 419 1030 et
440 971 586 1030 Sociniani
604 973 686 1032 litem
707 974 781 1032 hano
801 976 886 1035 nobis
906 987 1033 1054 movent,
1056 987 1089 1039 ιιι
1109 979 1223 1040 facilius
1243 1001 1343 1041 veram

138 1051 252 1128 peceati
273 1050 422 1128 originalis
442 1059 573 1109 naturam
591 1053 752 1128 obscurent,
774 1062 803 1114 et
823 1064 919 1114 motus
939 1057 1047 1134 primos
1061 1068 1180 1136 naturae,
1196 1069 1343 1138 uteunque

139 1129 234 1189 foedos
248 1139 277 1188 et
290 1138 398 1207 turpes,
410 1130 533 1206 quinon
547 1139 615 1190 sunt
635 1131 672 1203 ἔφ’
684 1134 748 1208 ipis,
764 1153 797 1191 ao
810 1135 897 1212 pleno
911 1137 999 1194 animi
1012 1157 1133 1197 assensu
1154 1149 1261 1214 carent,
1276 1160 1343 1218 peo-

140 1218 206 1269 oata
228 1229 291 1268 esse
312 1216 428 1286 negent.
471 1209 543 1268 Ideo
556 1210 630 1268 nihil
643 1211 746 1270 volunt
764 1214 876 1288 peooati
896 1216 1037 1275 rationem
1056 1218 1172 1294 habore,
1188 1219 1245 1276 nisi
1265 1220 1344 1296 qnod

139 1289 247 1366 pariter
261 1290 299 1347 eit
312 1287 515 1363 voluntarium,
527 1289 662 1348 nimirum
676 1291 754 1368 quod
767 1291 801 1349 fit
814 1294 939 1352 scienter
948 1303 977 1354 et
992 1295 1190 1376 διπςωςίηυς,
1202 1300 1276 1357 Beli.
1290 1299 1341 1357 lib.

142 1367 161 1426 i.
176 1367 213 1426 do
228 1368 338 1427 Amisa.
353 1387 415 1444 gra.
430 1387 455 1426 o.
472 1371 498 1442 1,
513 1367 605 1426 Sosin.
622 1369 704 1446 Disp.
718 1369 749 1429 ii.
765 1381 840 1430 oont.
857 1373 972 1432 Frantz.

433 1446 476 1504 II.
492 1446 553 1506 Nos
563 1449 751 1524 qnaestionem
757 1448 796 1507 du
815 1450 865 1508 lioi
875 1452 1058 1512 distinetione
1070 1454 1218 1514 solvimus.
1234 1456 1340 1532 Primo,

407 1526 609 1600 Volantan’om,
625 1528 674 1585 vel
683 1529 776 1585 abiete
811 1529 902 1604 ⁸nitur,
915 1531 963 1588 vel
983 1534 1060 1604 Iote;
1081 1532 1175 1591 Priori
1189 1553 1275 1592 sensu
1288 1554 1341 1611 pro

402 1623 437 1662 eo
445 1603 524 1681 quod
532 1603 624 1681 titper
632 1606 773 1665 actualem
778 1616 889 1667 motum
897 1610 1069 1687 voluntatis;
1084 1611 1235 1687 posteriori
1242 1632 1295 1689 pro
1306 1631 1341 1672 eo

137 1683 218 1762 quod
232 1682 489 1760 quomodocunque
497 1684 546 1741 vel
556 1683 735 1744 voluntatem
749 1685 844 1762 afficit,
860 1696 889 1746 et
903 1689 947 1746 illi
960 1688 1089 1766 inhaeret,
1101 1690 1149 1748 vel
1162 1690 1340 1750 avoluntate

137 1761 254 1840 pendet.
291 1761 348 1820 Hie
359 1781 428 1820 vero
442 1781 501 1819 non
514 1763 611 1838 agitur
621 1762 657 1822 de
667 1763 831 1824 voluntario
844 1767 903 1825 lete
914 1766 1009 1845 dioto;
1030 1767 1096 1828 Non
1109 1789 1249 1846 negamus
1263 1771 1340 1828 enim

137 1849 289 1920 peceatum
309 1859 371 1899 esse
392 1841 423 1898 in
442 1840 601 1917 voluntate,
623 1849 653 1900 et
672 1843 811 1903 haetenus
833 1846 1028 1906 voluntarium
1051 1867 1136 1924 posse
1159 1848 1216 1907 diei
1237 1849 1340 1908 saltem

138 1919 309 1996 subjective.
351 1919 410 1979 Sed
430 1919 527 1996 egitur
546 1920 582 1979 de
595 1921 759 1980 voluntario
773 1924 873 1983 stricte
893 1923 978 2000 dioto,
1000 1926 1080 2002 qnod
1098 1927 1223 1985 involvit
1243 1937 1340 1987 actum

136 1997 295 2136 πςωιὶίσιος
309 2007 337 2058 et
350 1999 517 2076 voluntatis,
533 2017 591 2075 quo
606 2019 692 2058 sensu
705 2021 846 2078 negamus
859 2022 943 2062 omne
956 2013 1106 2082 peecatum
1121 2025 1185 2064 esse
1198 2005 1308 2065 am...

175 2078 210 2137 II
230 2122 237 2136 .
262 2078 403 2151 Secundo,
419 2077 644 2137 Insolentarium
656 2079 788 2138 bifariam
801 2081 915 2157 dieitur,
930 2082 979 2141 vel
995 2084 1121 2158 positive,
1137 2085 1185 2146 vel
1203 2085 1338 2161 neposve.

135 2156 216 2216 sslud
226 2156 304 2216 idem
314 2166 359 2216 est
370 2176 434 2215 eum
443 2157 544 2233 invito,
555 2157 634 2234 quod
647 2157 705 2216 tale
716 2168 761 2218 est
773 2180 826 2236 per
835 2162 993 2222 notitionem
1001 2163 1172 2238 positivam
1186 2164 1242 2223 hoo
1252 2183 1338 2222 sensu

135 2237 238 2295 damus
251 2237 364 2295 nullum
377 2243 526 2313 peceatum
540 2255 625 2314 posse
640 2257 703 2296 esse
718 2238 959 2318 involuntarium
982 2242 1067 2300 Istud
1078 2249 1130 2317 est,
1140 2242 1219 2319 quod
1229 2243 1262 2301 fit
1276 2262 1338 2301 oes-

135 2323 216 2374 sante
231 2324 298 2374 antu
307 2315 475 2385 voluntatis,
488 2335 553 2374 cnm
567 2335 652 2394 agero
668 2316 822 2394 debuisset,
833 2319 911 2395 quod
925 2321 982 2379 tale
997 2321 1103 2378 dieitur
1115 2340 1167 2397 per
1180 2323 1339 2380 notitionem

134 2395 301 2471 nepotioam.
337 2395 403 2452 Hoo
418 2413 503 2452 sensu
517 2414 576 2452 non
589 2415 706 2454 neeesse
720 2403 765 2454 est
778 2404 811 2455 ut
824 2417 909 2456 omne
922 2407 1072 2475 peceatum
1086 2399 1123 2459 sit
1134 2400 1337 2460 voluntarium.

176 2474 231 2532 IV.
253 2473 341 2531 Ratio
365 2481 418 2546 est7
434 2473 509 2546 Quia
531 2473 587 2531 hoo
611 2474 789 2551 requisitum,
805 2496 858 2535 neo
883 2479 961 2534 omni
985 2485 1113 2555 peceato,
1128 2497 1182 2537 nee
1206 2479 1269 2555 soli,
1285 2500 1338 2538 neo

92 2581 98 2586 ·
134 2573 248 2630 semper
261 2552 405 2610 convenit.
427 2552 494 2610 Non
507 2553 590 2628 omne}
605 2555 674 2629 quis
694 2573 747 2612 neo
761 2553 818 2612 diei
832 2562 928 2632 potest
942 2556 978 2615 do
987 2567 1105 2632 peccato
1119 2558 1244 2634 oriyinb,
1259 2558 1339 2636 quod

135 2631 281 2691 antecedit
295 2650 409 2690 omnem
422 2631 581 2690 voluntatis
601 2639 631 2691 et
652 2631 794 2692 libertatis
812 2653 907 2710 nsum,
923 2643 952 2694 et
966 2635 1126 2711 quodlicet
1140 2636 1221 2695 sitin
1235 2637 1337 2696 volun-

135 2719 195 2770 tate
209 2711 362 2785 mhjaeuve,
384 2729 443 2767 non
456 2718 501 2768 est
514 2716 611 2768 temon
625 2709 662 2768 ab
677 2729 711 2768 ea
725 2713 908 2787 oriqinaliter.
951 2713 1018 2772 Non
1033 2716 1158 2790 peccatis
1172 2717 1340 2790 iquorann'oe

134 2799 163 2849 et
177 2789 380 2864 imprudentius,
396 2808 460 2866 quse
474 2795 615 2848 vocantur
633 2792 713 2848 a70.
735 2790 853 2851 Numer.
868 2812 919 2849 xv.
934 2796 983 2866 27,
998 2795 1122 2873 ἱμαςτίιι
1146 2793 1262 2870 minos,
1278 2805 1338 2853 tam

135 2889 172 2927 ex
186 2867 351 2946 ignorantia
373 2867 518 2943 accersita,
533 2867 627 2944 qualis
640 2867 696 2926 tuit
714 2868 827 2927 Nosohi
848 2879 877 2928 st
900 2869 996 2944 Lothi‚
1011 2873 1061 2948 qni
1082 2873 1154 2930 ebrii
1171 2883 1336 2950 peccarunt,

135 2967 223 3025 qnam
245 2967 283 3005 ex
304 2947 435 3022 simplici,
459 2947 553 3024 qualia
579 2946 634 3005 fuit
661 2947 844 3007 Abimeleohi
869 2949 1007 3026 rapIentis
1028 2969 1149 3008 uxorem
1167 2951 1336 3026 Abrahami

136 3035 166 3086 et
180 3025 273 3100 Pauli,
290 3029 306 3084 1
322 3026 396 3084 Tim.
411 3026 429 3085 i.
447 3030 493 3086 13.
517 3027 583 3084 Non
596 3025 656 3100 soli,
672 3026 740 3102 quia
753 3031 781 3084 τι
800 3025 902 3085 bobun
916 3035 961 3086 est
974 3026 1088 3086 affectio
1102 3029 1262 3086 eommunis
1276 3048 1338 3086 om·

134 3106 216 3164 nium
227 3105 455 3182 actionumque
469 3105 542 3165 finnt
556 3107 581 3164 e
595 3105 759 3185 rgaaeqime.
785 3105 850 3163 Non
863 3125 980 3182 semper,
991 3107 1059 3182 quia
1069 3106 1241 3183 quandoque
1253 3106 1338 3165 datin

134 3185 213 3243 lucta
226 3185 258 3242 in
268 3184 429 3243 actionibus
442 3184 700 3261 poooaminosis‚.nt
711 3203 800 3262 quum
811 3183 920 3243 Paulus
930 3192 1080 3260 peecatum
1090 3183 1167 3261 iacit,
1178 3184 1258 3261 quod
1264 3205 1335 3243 non·

135 3264 201 3322 vnit
214 3271 244 3324 et
258 3263 328 3336 odit7
344 3263 399 3322 Ro.
414 3263 465 3322 vii.
482 3265 528 3322 16.

175 3342 214 3400 V.
237 3343 336 3401 Motus
350 3341 442 3421 primo
455 3341 540 3421 prImi
554 3341 793 3420 concupiscentiae
807 3361 864 3401 non
886 3342 1022 3403 desiuunt
1042 3361 1106 3402 esse
1126 3351 1253 3422 peccate,
1267 3343 1337 3402 licet

134 3440 189 3480 nse
204 3421 262 3480 siut
279 3421 363 3498 plene
377 3421 541 3496 voluntarii,
557 3440 610 3479 neo
632 3423 663 3478 in
686 3430 785 3480 nostra
804 3429 967 3499 potestate;
984 3431 1131 3498 peceatum
1152 3443 1209 3480 non
1222 3423 1339 3500 coynooi

135 3501 192 3559 nebi
197 3519 255 3576 per
264 3501 382 3576 Lepem:
402 3501 481 3558 Nam
495 3500 586 3576 paam
599 3519 708 3577 quoque
718 3501 897 3577 cupiditatem
907 3522 964 3560 non
972 3501 1105 3560 nombsem
1114 3520 1171 3560 esse
1179 3512 1335 3578 peccatam,

135 3578 191 3637 miri
203 3581 267 3638 Lea
280 3576 402 3654 ᾱιέιιὶιιοι,
417 3575 489 3638 Non
502 3581 683 3655 concupices,
700 3579 785 3638 Rom.
800 3580 851 3639 vii.
867 3584 883 3638 7
898 3603 905 3657 ;
927 3580 986 3639 imo
1000 3579 1162 3638 effraenatos
1175 3581 1254 3657 ipsos
1269 3600 1336 3639 oon·

133 3658 318 3734 onpisoentise
331 3665 427 3717 motus
440 3678 499 3716 non
519 3658 606 3716 modo
619 3666 705 3717 vocat
713 3669 870 3735 peccatum,
887 3659 938 3717 sed
956 3669 1103 3735 peccatam
1116 3659 1178 3716 καθ’
1202 3661 1337 3739 Ingaunis

133 3739 291 3817 ἆμιῃολιι,
307 3755 336 3796 v.
353 3741 399 3796 13.
423 3737 562 3810 Quamvis
575 3757 645 3796 vero
666 3745 763 3796 motus
786 3737 830 3795 illi
852 3757 910 3795 non
933 3739 990 3796 sint
1012 3739 1043 3794 in
1064 3746 1162 3795 nostra
1182 3745 1335 3812 potestate,

133 3817 202 3892 quia
216 3824 312 3874 tamen
325 3815 440 3876 finemnt
453 3816 485 3874 in
496 3816 638 3895 principio
652 3814 691 3886 ἐφ’
704 3816 767 3890 ripis,
783 3825 812 3875 et
825 3815 933 3874 debent
956 3833 1019 3874 esse
1041 3835 1079 3872 ex
1092 3813 1217 3872 hominis
1232 3813 1334 3891 officio,

134 3913 193 3952 non
207 3893 342 3954 desinunt
356 3913 419 3954 sese
432 3903 561 3972 peecata.

172 3971 229 4032 VI.
252 3973 401 4050 Cupiditas
425 3973 713 4049 contradistinguitur
733 3980 860 4050 peceato,
885 3990 942 4028 non
965 3969 1141 4046 simplieiter‚
1170 3969 1223 4028 ssd
1250 3979 1335 4030 oertae

131 4055 196 4130 ejus
210 4053 325 4130 speciei,
340 4073 443 4130 nempe
467 4061 586 4132 peeosto
610 4059 816 4126 consmmnoto,
832 4049 910 4128 qnod
928 4049 1065 4107 membris
1079 4049 1207 4108 externis
1220 4051 1334 4128 peragi·

132 4141 179 4191 tur
226 4151 269 4191 aa.
283 4131 304 4191 i.
340 4136 359 4190 4
386 4136 400 4190 l
426 4177 432 4192 .

170 4133 245 4270 IIII.
266 4135 437 4288 Ipndrdntda
451 4231 589 4272 excusare
603 4210 720 4288 quidem
734 4216 863 4286 potesta
878 4215 963 4281 tanto,
979 4205 1031 4265 sed
1051 4225 1110 4264 non
1130 4225 1150 4264 a
1164 4213 1228 4280 toto,
1243 4225 1334 4282 eoque

129 4301 187 4348 non
193 4290 279 4366 jonis,
296 4290 348 4349 ssd
360 4292 444 4366 sacta}
459 4311 518 4349 non
531 4290 672 4365 sunnila,
687 4291 830 4366 affectata,
846 4294 875 4345 st
889 4287 1050 4361 turbemus,
1066 4283 1119 4344 sed
1131 4285 1292 4343 innocent
1306 4293 1335 4344 st

129 4369 328 4444 involuntario,
344 4388 403 4428 non
415 4389 519 4446 prava
532 4370 727 4448 doposita'onie,
743 4387 808 4445 quae
829 4365 982 4444 culpabilis
1004 4373 1033 4424 st
1055 4383 1134 4424 error
1154 4363 1267 4439 dieitur,
1283 4363 1335 4423 sed

124 4467 211 4522 preroe
223 4448 387 4525 nepotiana,
402 4469 468 4526 quas
482 4449 632 4508 pendentia
645 4456 774 4507 vocatur.

170 4525 262 4586 VIII.
285 4527 382 4600 Quum
396 4527 582 4604 Augustinus
596 4527 638 4585 ait
650 4527 702 4588 lib.
717 4525 753 4584 de
768 4525 847 4584 Vera
868 4523 964 4599 Relig.
980 4544 1004 4581 o.
1022 4525 1070 4581 14.
1113 4523 1131 4556 “
1146 4521 1247 4597 Usque
1261 4519 1334 4580 adeo

130 4605 327 4664 voluntarium
350 4625 413 4663 esse
436 4614 594 4683 pennatum,
610 4613 643 4664 ut
663 4603 817 4679 nequidem
838 4611 987 4678 peceatum
1009 4601 1055 4677 ait,
1071 4600 1125 4658 nisi
1141 4599 1333 4658 voluntarium

168 1511 254 1580 Statqs
266 1509 350 1580 (Intes-

221 1575 304 1614 ιιοιιιι.
