3160 5194
237 384 335 448 xxxiv
442 383 446 386 ’
677 389 1011 442 onsn1onunasr1s.

239 562 302 628 rati
317 579 422 628 sumus
433 566 661 624 streneramur
671 556 704 620 in
715 555 899 622 &verendo
914 561 1023 620 nostro
1037 551 1218 617 Prouehinc
1231 551 1328 631 hujus
1349 547 1460 614 Athe-

240 661 300 726 nasi
323 656 569 741 splendidissimo
593 656 724 738 sydera:
750 655 959 720 arecas-anm
973 647 1462 736 Spanhemiumfamigeratissi-

241 780 324 824 mum
340 759 428 822 illum
444 757 620 831 Doctorem,
636 775 727 836 quem
747 753 883 821 revereri
908 773 969 817 non
988 751 1110 817 desinet
1137 757 1261 818 sacrata
1276 749 1462 813 Doctorum

242 857 344 935 turba,

786 973 866 1037 Dum
880 972 987 1030 lumina
1003 971 1087 1029 Titan

485 1055 610 1114 Essent
621 1071 657 1112 ac
669 1053 815 1112 serame
828 1053 905 1130 ipses
917 1055 1062 1112 miscetur
1078 1053 1206 1128 Olympo.

247 1247 427 1304 Maurensioi
443 1243 521 1321 μέγα
540 1243 637 1312 aidum
666 1236 800 1319 Europae
815 1240 916 1313 Sabae
933 1263 981 1298 και
998 1241 1077 1306 κλέος
1097 1244 1172 1318 φίλοι
1189 1238 1349 1318 adgauderet
1361 1253 1370 1305 ;
1400 1228 1464 1292 Ou-

241 1339 296 1419 jus
318 1337 516 1400 immaturum
539 1335 658 1400 obitum
681 1335 881 1402 Reformatus
907 1335 1008 1399 adhuc
1036 1333 1164 1398 defleret
1190 1332 1283 1408 orbis,
1299 1329 1366 1392 nisi
1381 1329 1464 1392 dnos

246 1443 319 1518 post
335 1457 368 1500 se
387 1435 565 1517 reliquisset
581 1441 675 1512 natos¹
686 1434 883 1499 Ezechielem
897 1439 931 1498 et
945 1432 1155 1508 aracaeum,
1172 1431 1311 1508 Quantos
1334 1427 1464 1492 Viros!

248 1536 331 1598 Proh
349 1533 451 1598 Deum
470 1533 695 1597 immortalem!
722 1533 795 1596 Duo
821 1533 918 1596 totius
945 1531 1137 1612 Reipublicae
1161 1528 1309 1596 literaria
1322 1526 1463 1600 lumina,

248 1633 345 1698 seculi
359 1631 516 1706 miracula,
531 1631 631 1698 nostri
647 1632 797 1711 temporis
813 1629 984 1708 Phoenices,
1000 1649 1076 1710 quos
1094 1629 1179 1694 nulla
1193 1647 1345 1694 annorum
1359 1624 1466 1694 series

249 1731 367 1813 poterit

471 1922 633 1982 Deturbare
644 1922 749 2000 prada
765 1924 935 2002 manebus
947 1939 1108 2000 expaaqere
1121 1922 1212 1980 seclo:

250 2121 482 2187 Alaccadram
496 2121 640 2198 Momm,
658 2121 893 2188 disertissimum
907 2122 993 2186 illum
1009 2121 1117 2194 rhum,
1133 2119 1220 2196 eujus
1239 2135 1273 2178 os
1287 2114 1467 2178 facundum

252 2218 374 2302 Pylium
388 2238 490 2284 senem
509 2221 630 2286 vincere
655 2221 817 2301 potuisset,
833 2227 867 2284 et
891 2219 1024 2282 immites
1048 2219 1183 2280 ferarum
1203 2213 1320 2275 animos
1335 2212 1469 2286 lenire;

253 2318 306 2398 qui
317 2318 364 2379 ita
372 2323 509 2380 nostrum
524 2317 744 2380 Turrettiaum
755 2316 1003 2389 exosculabatur,
1015 2321 1052 2376 ut
1067 2333 1136 2376 cum
1149 2312 1206 2374 sub
1217 2310 1284 2388 ejus
1295 2308 1467 2390 praesidio,

254 2415 349 2478 Anno
374 2413 467 2492 hujus
493 2413 586 2476 seculi
615 2413 672 2488 44,
691 2412 806 2478 Thesea
832 2413 871 2476 dc
885 2413 1080 2477 Necessario
1100 2409 1295 2476 DeiGrattc
1320 2428 1468 2490 propug-

253 2511 370 2576 nandas
386 2509 580 2590 suscepisset,
595 2508 646 2596 (ut
661 2512 718 2575 sub
734 2531 780 2588 co,
787 2511 950 2596 Annodll,
961 2511 999 2576 de
1008 2509 1186 2574 Felicitate
1200 2507 1327 2571 Morcli
1343 2515 1379 2571 et
1392 2510 1465 2572 Po·

256 2611 347 2675 litice
363 2605 556 2692 defenderat)
572 2609 606 2672 in
623 2609 690 2690 ejus
705 2610 838 2692 gratiam
855 2629 961 2676 versus
976 2609 1108 2674 condere
1123 2607 1208 2672 haud
1229 2611 1378 2687 gravatus
1394 2608 1466 2670 fuc-

255 2708 307 2772 rit.
360 2706 425 2770 Sub
450 2706 547 2772 tantis
563 2707 649 2772 Vin's
677 2716 825 2790 quantum
850 2709 1025 2790 profecerit,
1048 2708 1170 2788 judicet
1197 2707 1290 2782 orbis,
1306 2726 1371 2769 non
1387 2723 1465 2786 pro·

255 2805 374 2870 nuntio.
427 2803 495 2869 Hoc
520 2825 615 2869 unum
638 2827 822 2872 memorasse
846 2809 980 2888 juvabit,
1000 2808 1080 2888 quod
1107 2806 1227 2871 scilicet
1252 2827 1289 2870 ea
1308 2803 1467 2870 facilitate

257 2904 403 2968 discenda
417 2903 560 2981 disceret,
577 2911 614 2968 ut
628 2906 819 2988 probabilem
835 2907 973 2972 effecerit
998 2905 1186 2987 quorundam
1204 2905 1464 2984 Philosophorum

257 3002 419 3067 amabilem
435 3001 595 3080 insaniam,
611 3003 689 3066 nihil
703 3004 786 3067 aliud
804 3025 871 3069 esse
887 3005 1004 3070 discere
1019 3025 1110 3086 quem
1126 3005 1301 3079 recordari;
1327 3004 1373 3068 sic
1390 3022 1466 3066 raro

258 3101 326 3168 coeli
341 3103 452 3178 farore,
471 3102 559 3182 quasi
587 3122 643 3183 per
667 3103 774 3166 ludum
789 3109 822 3167 ct
846 3103 930 3167 aliud
946 3105 1064 3185 agendo
1079 3103 1148 3184 plus
1172 3103 1353 3184 proficiebat
1369 3121 1464 3183 quam

258 3201 311 3264 alii
327 3201 468 3282 improbo
494 3221 529 3264 ac
546 3201 699 3282 pertinaci
724 3202 838 3280 labore,
856 3209 890 3266 et
917 3203 964 3266 ita
987 3223 1128 3284 magnam
1150 3201 1332 3266 eruditionis
1347 3219 1464 3282 penum

259 3298 319 3364 sibi
336 3299 536 3378 comparavit.
1074 3371 1078 3376 ¹

310 3393 388 3458 CUM
412 3414 468 3475 per
494 3395 611 3476 aliquot
630 3417 726 3461 annos
751 3399 863 3462 studiis
889 3397 1003 3461 acriter
1027 3397 1218 3462 incubuisset
1240 3399 1274 3461 in
1290 3396 1466 3462 Academia

256 3492 372 3576 'patria
390 3492 466 3555 alias
480 3499 549 3556 toto
565 3495 639 3557 orbe
656 3495 791 3560 celebres
809 3496 962 3560 lustrandi
977 3495 1088 3576 cupido
1104 3497 1240 3573 incessit,
1258 3504 1291 3561 et
1307 3497 1467 3560 luculento

260 3590 439 3655 testimonio
457 3590 664 3655 discedentem
681 3592 868 3656 comitantur
881 3592 1060 3658 Venerandi
1071 3596 1168 3658 nostri
1185 3595 1330 3676 Synedrii
1342 3594 1464 3658 Patres.

263 3689 378 3752 Statim
390 3709 422 3752 se
431 3687 615 3770 Lugdunum
625 3690 814 3755 Batavorum
825 3693 966 3770 contulit,
973 3713 1040 3773 quse
1052 3695 1127 3756 urbs
1138 3702 1213 3758 tnnc
1224 3701 1302 3770 erat,
1313 3700 1346 3758 et
1355 3694 1465 3757 etiam-

263 3809 336 3852 num
355 3794 403 3851 cst
417 3785 578 3850 Musarum
593 3789 712 3872 domus,
728 3790 850 3854 officina
874 3791 1019 3867 Palladis,
1046 3791 1170 3872 Sophiae
1196 3792 1350 3873 palaestra,
1367 3789 1465 3854 dulcis

264 3886 379 3951 artium
394 3905 514 3966 parens,
527 3887 759 3952 laetavirtutum
777 3909 873 3972 seges,
887 3895 920 3953 et
931 3891 1019 3954 ferax
1035 3890 1133 3972 frugis
1150 3892 1239 3954 bona
1256 3890 1465 3964 seminarium.

264 3985 305 4051 In
322 3986 380 4049 hac
397 3983 595 4050 scientiarum
613 3985 844 4069 Doctorumque
869 3989 942 4053 sede
966 4009 1028 4052 non
1052 3989 1205 4069 privatam
1225 3996 1347 4053 tantum
1366 3989 1464 4053 Thea

265 4083 406 4166 logorum
422 4083 716 4149 commendationem
740 4089 863 4164 meruit,
880 4107 984 4151 rerum
1009 4093 1042 4151 et
1067 4093 1166 4151 totam
1185 4087 1387 4152 Academiam
1402 4102 1465 4151 suae

266 4181 448 4246 cruditionis
458 4189 571 4248 testem
579 4184 709 4260 habuit;
735 4187 792 4250 sub
806 4185 1093 4251 celeberrimoenim
1103 4185 1299 4267 Spanhcmio,
1309 4186 1349 4250 de
1363 4184 1465 4248 Verbo

267 4279 330 4342 Dei
343 4273 464 4360 scripto
489 4281 627 4360 publicas
652 4283 768 4349 Thescs
790 4284 823 4348 in
850 4285 967 4350 solenni
990 4283 1139 4365 panegyri
1154 4283 1301 4348 defendit.
1353 4283 1466 4346 Omnes
1569 4319 1570 4352 ι

268 4375 364 4438 Viros
378 4375 411 4438 in
428 4374 537 4457 Belgio
551 4398 623 4443 rara
637 4382 811 4448 eruditione
828 4382 1046 4464 suspiciendos,
1062 4383 1239 4462 eloquentia
1254 4390 1287 4448 et
1296 4381 1368 4445 vita
1380 4397 1465 4444 sunc-

269 4471 399 4538 timonia
421 4472 530 4551 claros,
556 4478 744 4557 sectabatur,
761 4479 979 4546 Venerandum
995 4479 1231 4564 Polyarchum,
1248 4489 1290 4544 τὸν
1313 4486 1382 4542 πάνυ
1396 4477 1465 4541 Aa·
1569 4467 1570 4518 l

269 4574 384 4637 dream
405 4571 562 4650 Rivalem,
589 4574 858 4658 incomparabilem
883 4573 1091 4656 salensium,
1120 4583 1272 4657 Saeptum
1291 4579 1467 4646 Hecatam,

271 4665 479 4738 Clarissimum
507 4671 746 4758 factitatum,
789 4675 1026 4744 Celeberrinum
1061 4677 1215 4756 Vettium,
1245 4676 1467 4744 Doctissimum
1569 4679 1570 4770 j
