3174 5174
123 374 236 426 ounsr.
252 353 322 436 vm]
555 370 594 410 ns
608 367 810 412 rsovmsnrm
824 369 883 412 nm.
1076 351 1080 358 '
1265 357 1323 415 469

120 537 174 576 our
187 515 219 574 in
232 516 289 574 heo
302 511 466 586 traditione,
480 511 567 570 homo
581 519 625 571 est
639 530 713 586 reus,
729 519 758 570 et
773 511 853 571 Deus
871 511 978 588 justus,
993 512 1049 572 nisi
1070 512 1138 590 quie
1157 514 1188 571 in
1212 534 1243 573 re
1267 534 1326 574 uns

120 614 211 674 qusm
225 594 364 669 leserunt,
379 611 467 652 oense
480 611 538 651 non
552 611 610 650 une
623 600 668 651 est
682 591 719 650 ob
733 610 820 669 quam
834 590 1003 651 fecemnt?”
1026 593 1111 652 nteit
1124 592 1203 671 Aug.
1219 614 1263 672 ep.
1274 596 1322 670 48,

121 676 161 735 sd
174 675 300 734 Vinoen.

318 812 325 824 ,
431 749 543 810 XXII.
565 749 651 824 Quod
665 751 746 810 Deus
759 749 832 825 vult,
847 757 877 808 et
890 749 1019 810 decrerit
1032 750 1208 828 simpliciter,
1223 761 1252 811 et
1274 772 1325 831 per

142 811 351 916 sonspsupneluno-
390 849 431 905 se,
446 831 510 907 ejus
523 837 601 888 reete
614 837 710 906 potest
723 829 781 888 diei
795 847 890 888 eausa.
933 829 992 888 Sed
1009 840 1128 908 peoeots
1147 850 1206 889 non
1226 831 1325 891 deere-

390 910 435 968 vit
462 908 638 986 simpliciter,
666 909 719 968 sed
740 908 897 968 seeundum
919 908 999 986 quid,
1024 919 1166 986 qnatenus
1188 920 1256 970 sunt
1277 932 1325 971 eo·

123 990 228 1065 tiones,
244 1007 299 1048 nee
313 1009 365 1067 per
378 1007 418 1064 se,
434 989 464 1048 in
478 997 617 1064 qnantum
632 997 699 1048 sunt
712 1007 799 1066 opere
812 988 896 1064 mels,
907 988 959 1048 sed
971 1009 1023 1066 per
1033 989 1175 1064 eeoidens,
1190 991 1221 1048 in
1234 1010 1325 1068 quen·

123 1080 187 1128 tum
202 1089 255 1146 per
268 1088 318 1127 ess
332 1069 460 1128 notiones
473 1067 579 1145 exequi
592 1066 686 1127 voluit
699 1067 813 1128 occulte
826 1087 879 1127 sus
891 1067 1019 1146 judicia:
1043 1069 1092 1128 Sio
1112 1069 1206 1130 voluit
1225 1079 1255 1130 et
1275 1070 1325 1129 de·

124 1149 218 1208 erevit
239 1148 366 1225 Josephi
386 1145 592 1220 venditionem,
615 1155 645 1206 et
667 1147 773 1206 Christi
798 1147 1021 1224 crucifixionem,
1045 1148 1097 1207 sed
1118 1149 1324 1228 fine'optim03

124 1229 211 1287 Illam
226 1237 261 1286 ιιι
274 1235 438 1286 servaretur
451 1226 560 1285 familie
568 1227 590 1286 J
591 1226 682 1301 noobi,
696 1226 786 1285 Istam
799 1235 833 1286 ut
842 1225 1030 1287 redimeretur
1038 1228 1183 1303 Ecclesie;
1205 1239 1326 1306 utraque

123 1328 199 1386 opus
212 1307 269 1366 fnit
278 1308 393 1384 justum
406 1313 436 1366 et
450 1315 581 1364 sanetum
595 1325 612 1363 n
625 1314 707 1384 purte
721 1306 786 1381 Dei,
801 1306 870 1366 licet
882 1306 956 1365 illud
968 1307 1094 1368 voluerit
1107 1327 1159 1384 per
1177 1309 1327 1368 hominnm

124 1388 235 1447 seelera
249 1386 364 1463 exequi,
379 1405 444 1462 quae
458 1385 551 1444 noluit
565 1385 684 1460 efficere,
699 1385 752 1444 sed
765 1395 877 1444 tantum
890 1387 1064 1464 permittere.
1093 1387 1247 1464 Perperem
1256 1407 1325 1448 vero

125 1469 267 1526 Bellene.
283 1465 320 1524 de
333 1465 430 1524 emiss.
445 1473 519 1542 gret.
534 1473 563 1523 et
577 1473 630 1524 ste.
650 1485 747 1543 pecca.
771 1465 822 1525 lib.
842 1465 872 1523 ii.
897 1484 921 1524 e.
948 1468 993 1539 11,
1016 1465 1162 1544 pertendit
1182 1467 1247 1526 loce
1270 1467 1327 1526 ists

127 1547 203 1606 Gen.
218 1546 282 1604 xlv.
298 1547 326 1620 7,
341 1553 372 1604 et
385 1544 454 1604 Aet.
469 1545 508 1602 iv.
524 1546 571 1620 28,
587 1564 645 1603 non
659 1544 697 1602 ed
710 1547 798 1623 opere
810 1544 1046 1604 melereferenda
1059 1563 1132 1621 esse,
1144 1545 1196 1604 sed
1209 1545 1247 1604 ed
1256 1543 1326 1622 pas·

125 1628 217 1685 norem
230 1627 318 1684 bonos
331 1625 362 1682 in
375 1624 442 1700 illis,
457 1633 490 1684 ut
503 1643 569 1700 quae
582 1643 620 1683 ex
632 1633 714 1701 perte
736 1624 884 1701 agentium
908 1624 1080 1700 gravissime
1102 1634 1185 1685 erent
1208 1626 1325 1702 scelere,

125 1725 164 1765 ex
177 1713 261 1782 purte
274 1704 455 1782 potientium,
471 1701 579 1762 Christi
591 1709 622 1763 et
634 1703 656 1763 J
658 1703 766 1781 osephi,
782 1723 865 1780 aequo
889 1704 985 1762 animo
1008 1703 1161 1764 ferentium
1183 1705 1326 1764 venditio·

125 1805 194 1844 nem
212 1792 243 1842 et
264 1791 395 1858 mortem,
419 1782 526 1841 fuerint
547 1801 635 1860 opere
658 1801 777 1841 summe
800 1783 954 1858 patientiae,
980 1782 1109 1860 adeoque
1133 1784 1220 1845 valde
1242 1786 1326 1844 bona.

128 1864 205 1938 Quis
220 1863 369 1940 Scriptura
382 1881 440 1920 non
454 1869 566 1922 tentum
579 1862 743 1939 passionem
763 1871 814 1920 eut
833 1862 965 1939 Josephi‚
988 1870 1039 1921 sut
1059 1863 1166 1923 Christi
1187 1865 1252 1923 Deo
1276 1865 1326 1922 tri·

127 1943 203 2016 buit,
217 1942 370 2002 sedetiam
383 1941 489 2001 diserte
503 1941 654 2016 actionem,
669 1961 687 2000 e
701 1959 758 2020 qua
772 1940 826 2000 fuit
849 1940 900 1998 ille
921 1941 1035 2018 pessi03
1058 1942 1124 2000 Non
1146 1942 1217 2002 dicit
1240 1944 1262 2002 J
1264 1963 1326 2001 ose-

125 2023 204 2101 phus
216 2021 333 2100 pessire
347 2021 383 2080 de
397 2040 437 2096 se,
453 2021 519 2098 Ego
533 2041 552 2080 s
566 2022 629 2080 Deo
642 2021 701 2079 huo
713 2021 819 2078 missus
834 2039 906 2094 sum,
922 2019 974 2078 sed
994 2021 1097 2095 notive,
1119 2023 1199 2080 Deus
1218 2023 1271 2080 huo
1284 2043 1328 2081 me

126 2102 222 2175 1ηὼιῇ
243 2102 311 2161 Non
324 2100 426 2160 dieunt
447 2100 592 2178 Apostoli,
618 2100 714 2159 Deum
734 2099 862 2158 voluisse
885 2099 1030 2158 Christum
1055 2100 1136 2174 mori,
1160 2100 1212 2160 sed
1233 2101 1328 2161 notive

127 2182 185 2241 Dei
198 2181 353 2240 eonsilium
366 2189 396 2241 et
409 2200 526 2240 menum
540 2179 728 2257 prsefinivisso
742 2177 814 2237 illud
828 2179 931 2255 ipsum,
946 2179 1025 2256 quod
1043 2178 1174 2239 ieoenmt
1195 2179 1329 2238 Herodes

126 2269 158 2320 et
172 2262 296 2320 Pontius
312 2259 432 2320 Pilatus.
474 2259 562 2318 Adde
576 2258 663 2335 quod,
678 2279 743 2318 eum
758 2257 833 2317 sotio
847 2267 876 2317 et
889 2257 985 2336 passio
1005 2277 1064 2318 non
1083 2278 1124 2335 re,
1146 2259 1198 2319 sed
1217 2258 1329 2320 ratione

125 2341 271 2415 different,
287 2339 419 2417 quisquis
432 2337 561 2397 deoemit
574 2338 746 2416 passionem,
761 2338 787 2396 is
800 2337 887 2395 etism
901 2337 988 2397 debet
1000 2338 1143 2398 sotionem
1166 2339 1259 2416 ipsam
1277 2339 1328 2400 de-

124 2439 265 2480 cernere:
289 2419 321 2478 Si
336 2418 416 2478 Deus
429 2418 523 2477 voluit
536 2417 558 2478 J
560 2418 698 2494 osephum
711 2417 808 2492 vendi,
821 2416 967 2476 Christum
981 2418 1119 2494 crucifigi,
1134 2419 1229 2479 voluit
1241 2419 1329 2480 etism

124 2520 175 2638 :pfl
187 2501 261 2578 ipso,
285 2507 319 2558 nt
342 2498 444 2558 fratres
465 2497 627 2576 Josephum
649 2495 817 2574 venderent,
845 2504 876 2557 et
902 2505 936 2558 ut
957 2496 1058 2558 Judsei
1079 2497 1226 2559 Christum
1248 2499 1328 2562 omoi

215 2588 289 2639 rent.
546 2613 548 2618 ·

168 2600 301 2718 ῗΧΙΙΙ.
324 2657 380 2733 Qui
400 2658 523 2736 impellit
543 2658 581 2716 sd
599 2657 707 2718 malum
727 2658 867 2735 hominos,
883 2659 1048 2720 voluntates
1068 2659 1159 2720 bones
1179 2661 1329 2721 efficiendo

124 2739 228 2814 meles,
244 2738 293 2798 vel
306 2739 413 2797 invitas
427 2748 456 2798 et
470 2737 601 2797 nolentes
614 2737 762 2813 trahendo,
774 2739 824 2798 vel
836 2739 983 2799 moraliter
992 2739 1144 2799 edmelnm
1155 2742 1330 2818 quemnlum

125 2817 276 2877 inoitnndo
290 2837 342 2895 per
354 2825 529 2895 prseoeptnm
553 2825 603 2877 sut
616 2817 787 2893 suasionem,
802 2826 847 2877 est
861 2837 948 2878 oense
960 2819 1087 2895 peoosti;
1108 2819 1167 2879 Sed
1181 2821 1262 2879 Deus
1276 2822 1329 2880 im-

126 2899 237 2975 pellere
251 2895 357 2956 dieitur
370 2898 534 2956 voluntates
548 2897 579 2955 in
593 2917 624 2956 se
637 2897 737 2972 mules,
752 2906 782 2957 et
803 2905 904 2974 sponte
925 2897 963 2955 ed
982 2899 1059 2955 mula
1078 2908 1203 2975 ruentes,
1219 2919 1272 2958 neo
1292 2900 1330 2958 ed

13 2961 14 2988 ³
126 2978 206 3035 melo
219 2977 376 3054 quemne,
392 2977 444 3035 sed
457 2997 515 3053 que
528 2977 642 3036 oooulte
655 2985 723 3035 sunt
738 2995 790 3034 sue
810 2975 940 3052 judicis3
962 2985 996 3035 ut
1014 2975 1062 3034 hio
1083 2995 1141 3035 non
1162 2977 1330 3054 simpliciter

13 3057 14 3062 ’
128 3065 163 3116 ιιι
177 3057 320 3114 Dominus
334 3056 507 3133 spootendus
521 3056 567 3131 sit,
583 3056 633 3132 qui
646 3055 736 3114 libere
750 3065 909 3113 ereaturam
922 3053 981 3112 labi
995 3053 1143 3131 permittit,
1159 3055 1210 3114 sod
1223 3064 1257 3114 ut
1267 3057 1329 3133 jus·

127 3135 259 3196 tissimus
273 3135 295 3195 J
296 3135 382 3208 ndex,
398 3135 449 3211 qui
461 3143 580 3212 peeeote
592 3134 718 3212 pereatis
731 3133 823 3210 punit,
838 3134 945 3210 quique
959 3132 1025 3192 ideo
1038 3151 1096 3190 non
1110 3143 1206 3211 potest
1219 3137 1331 3194 oenseri

127 3215 241 3292 peoesti
262 3215 375 3288 author,
399 3215 450 3273 sed
472 3223 585 3273 tentum
599 3233 692 3292 poense
712 3213 934 3272 administrator.
975 3213 1111 3288 impulsio
1132 3233 1202 3289 orgo
1216 3213 1274 3272 elis
1286 3225 1332 3274 est

13 3293 15 3358 ξ
123 3296 247 3371 proprie
260 3295 302 3352 ita
316 3295 399 3370 dicta,
415 3305 441 3353 et
453 3293 610 3368 coactionis,
626 3313 684 3369 que
697 3292 743 3350 vis
757 3291 877 3350 infertur
890 3290 981 3352 libero
996 3292 1128 3368 arbitri03
1144 3292 1215 3351 Alia
1225 3294 1330 3370 imtrro·

13 3393 15 3450 3
124 3375 197 3450 pria
211 3376 400 3432 sesecundum
413 3373 489 3450 quid,
505 3393 570 3450 quae
583 3393 650 3432 oum
670 3371 803 3430 libertate
824 3372 976 3449 conspiret,
992 3379 1022 3431 et
1042 3372 1243 3432 necessitatem
1263 3393 1331 3433 oon-

129 3453 288 3530 sequentise
302 3461 413 3512 tentum
426 3452 520 3526 infert,
533 3472 584 3512 seu
599 3451 833 3525 conditionatem,
847 3470 906 3509 non
917 3471 987 3510 vero
1001 3451 1171 3528 absolutam,
1187 3462 1216 3512 et
1230 3467 1330 3514 eonse-v

127 3533 256 3625 puentis.
297 3532 354 3589 Ille
372 3541 420 3624 est
443 3531 556 3606 vitiose,
579 3539 608 3591 et
624 3549 708 3626 ⁸reum
728 3531 839 3609 peceati
859 3530 937 3608 feeit,
958 3531 1009 3608 qui
1029 3551 1063 3590 es
1076 3533 1185 3607 utitur;
1203 3531 1262 3592 Sed
1274 3555 1333 3593 non

129 3620 298 3750 1⁸&me
312 3611 809 3766 ariigdiiioDviilssgdtli‘rii,uillilidsllctio
823 3699 851 3749 et
867 3693 976 3766 spirense
990 3701 1030 3750 est
1037 3692 1134 3768 petius
1146 3712 1239 3749 rausoe
1249 3694 1332 3768 prin·

130 3770 239 3845 cipalis,
250 3789 336 3845 quam
344 3769 570 3843 instrumentalis,
582 3769 660 3828 unde
669 3768 784 3827 videtur
793 3770 891 3843 eolligi
901 3771 996 3828 Deum
1007 3789 1070 3828 esse
1084 3769 1195 3846 peeooti
1205 3789 1331 3846 oensem,

130 3849 201 3926 quis
214 3849 306 3908 utitur
321 3848 445 3908 Dieholo
469 3857 499 3908 et
513 3848 608 3925 impiis
621 3858 759 3924 tanquam
772 3848 970 3906 instmmentis
984 3847 1022 3905 ed
1035 3867 1108 3924 opus
1128 3868 1221 3924 suum,
1237 3851 1333 3908 varias

131 3929 242 4004 petitur
263 3927 459 3986 limitationes.
503 3931 529 3986 1.
545 3928 633 3986 Valet
652 3927 683 3983 in
704 3927 795 3984 cotors
814 3927 995 4001 homopeneis,
1011 3946 1101 4003 quum
1121 3937 1251 4002 utreque,
1273 3937 1333 3988 tem

130 4007 301 4086 principalis
324 4025 411 4084 quern
433 4004 667 4079 instrumentalis,
691 4011 759 4062 sunt
779 4005 829 4062 vel
855 4005 996 4080 positivae,
1021 4005 1070 4063 vel
1096 4005 1256 4083 privetivae,
1286 4009 1335 4067 vel

131 4086 272 4164 physion,
287 4086 336 4144 vel
349 4085 491 4160 morales3
508 4085 551 4146 Ut
564 4084 695 4144 Verbum
716 4083 780 4157 Dei,
795 4091 829 4143 ut
848 4083 1070 4142 instrumentum
1090 4103 1144 4143 nos
1165 4085 1333 4160 sanctificet,

133 4167 214 4242 Ergo
229 4165 429 4240 multomagis
445 4165 569 4240 Spiritus
582 4165 705 4223 Sanetus
727 4161 933 4238 perVerbum;
950 4162 1212 4241 ,Pseudoprophete
1223 4165 1335 4228 seducit

133 4245 299 4318 Aehsbum,
312 4244 392 4320 Ergo
406 4244 497 4337 multo
511 4245 605 4336 magius
620 4242 769 4316 Disbolus,
785 4241 836 4318 qui
849 4241 1009 4334 peripsum
1023 4243 1101 4334 agiu
1116 4241 1185 4320 quie
1198 4243 1229 4302 in
1242 4245 1334 4340 primo

131 4329 573 4479 iffihitiidhlhth
584 4321 940 4477 trtt‘ttittttt
951 4328 1128 4477 {illlis
1148 4321 1284 4478 Sitit
1293 4343 1336 4460 ἐι

132 4491 204 4555 tera,
220 4481 333 4542 scilieet
345 4479 582 4552 instrumentalis,
598 4488 643 4539 est
655 4479 800 4556 privative
813 4486 843 4537 et
856 4479 985 4554 momlis3
1000 4479 1049 4538 vel
1063 4421 1178 4557 quando
1188 4480 1278 4540 altere
1291 4492 1336 4541 est

130 4561 192 4637 legi
217 4561 343 4634 subdite,
368 4559 460 4618 slters
483 4579 552 4620 vero
572 4555 735 4632 tremitum,
758 4566 788 4618 et
808 4577 895 4636 supra
914 4559 1017 4637 legem,
1041 4559 1090 4619 vel
1109 4559 1184 4636 legis
1201 4559 1336 4638 inospex.

132 4639 221 4699 Unde
234 4659 294 4699 non
305 4638 394 4714 velet,
401 4637 525 4698 Gladius
539 4638 673 4698 oeoidens
686 4637 831 4697 hominem
845 4647 879 4696 ιιι
887 4638 1116 4715 instrumentum,
1128 4659 1186 4698 non
1197 4649 1242 4698 est
1250 4660 1337 4707 oense
