3174 5174
109 352 231 404 Quaen.
246 333 304 415 vn]
573 353 612 393 nu
627 353 827 396 enomnurrrs
841 355 902 397 cnr.
1267 341 1325 400 459

114 493 238 574 agendo
251 492 343 554 libere
357 491 436 570 quod
449 492 591 573 volumus,
607 494 680 554 nihil
694 502 790 556 tamen
803 503 908 574 prater
922 495 978 556 Dei
991 495 1171 555 voluntatem
1185 502 1214 555 et
1228 495 1326 557 deter-

113 574 312 634 minationem
325 572 473 649 faciamus,
488 581 522 633 ut
535 574 582 632 bic
595 575 706 650 merito,
722 577 747 634 si
766 577 878 652 uspiam
900 576 979 652 alibi,
1001 577 1162 636 exclamare
1185 577 1279 654 liccat,
1304 573 1324 634 ὖ

112 655 206 794 {⁴⁴⁸¹
226 655 322 790 aurp}
335 653 588 730 imperscrutabilia
600 663 665 712 sunt
673 655 733 714 Dei
736 657 857 734 jndice,
873 665 900 714 et
913 659 970 734 q'us
980 656 1032 715 cic
1045 656 1325 733 impe-verounum

149 753 268 792 om.x1.
324 777 333 790 .
726 785 736 800 ,

164 813 208 872 ll.
229 810 370 886 Quamvis
384 831 454 870 vero
477 811 685 874 conciliationis
707 813 791 874 istius
815 813 888 874 ratio
902 813 933 872 in
956 815 1011 874 hec
1024 813 1094 889 vita,
1120 813 1196 872 clare
1210 822 1240 872 et
1259 835 1323 891 per-

114 892 196 951 fecte
211 912 229 950 a
250 891 336 950 uobis
350 890 490 968 explicari
504 899 647 969 nequest3
669 901 766 971 potest
779 901 876 952 temen
896 895 1005 972 praevia
1018 893 1112 956 Verbi
1133 893 1235 954 Divini
1248 894 1322 973 lnce,

115 979 263 1049 quantum
277 970 316 1029 ad
330 970 452 1030 salutem
467 970 580 1048 sufficit,
595 979 742 1049 utcunque
756 972 890 1034 describi.
932 973 1011 1032 Ante
1027 973 1123 1034 omnia
1136 973 1192 1032 boe
1213 973 1243 1032 in
1263 993 1322 1034 me·

115 1051 244 1110 moriam
259 1068 373 1126 semper
386 1050 590 1128 revocandum,
607 1051 667 1111 Res
684 1051 859 1113 certissimas
873 1061 902 1112 et
915 1072 967 1131 per
980 1073 1011 1112 se
1025 1053 1185 1129 evidentes,
1201 1073 1260 1111 non
1273 1053 1322 1112 de-

116 1131 191 1190 bere
212 1131 243 1190 iu
257 1127 378 1188 dubium
392 1131 530 1206 revocari,
546 1131 583 1189 ob
597 1131 669 1192 elisa
687 1151 734 1190 res
754 1131 879 1192 incertas
900 1140 929 1193 et
949 1132 1139 1194 inevidentes.
1181 1133 1324 1196 Nimirum

117 1208 333 1287 distinguenda
346 1217 391 1269 cst
404 1230 450 1270 res
463 1231 481 1268 a
500 1213 583 1270 modo
603 1211 654 1270 rei.
697 1211 762 1272 Etsi
781 1211 900 1272 modum
920 1213 962 1272 rei
982 1212 1157 1290 ignoramus,
1179 1231 1238 1272 non
1258 1213 1325 1278 ideo

118 1298 294 1360 tumentem
309 1288 401 1366 ipsam
410 1289 447 1348 de
457 1309 515 1368 qua
528 1299 607 1350 certo
621 1299 742 1368 constat,
755 1311 861 1368 negare
870 1291 1017 1370 debemus,
1030 1313 1095 1352 cum
1107 1293 1256 1352 innumera
1266 1293 1325 1352 sint

118 1369 284 1444 verissima,
300 1388 365 1447 quse
379 1378 495 1447 captum
508 1377 639 1430 nostrum
659 1379 755 1430 tamen
779 1380 915 1449 superant
938 1372 1127 1450 longissime:
1157 1373 1229 1433 Cum
1254 1392 1324 1450 ergo

119 1448 182 1508 duo
196 1449 254 1506 iste
269 1447 328 1507 sint
342 1447 512 1524 indubitata,
528 1450 623 1510 Deum
637 1451 674 1510 ab
688 1471 746 1511 uua
758 1460 840 1528 perte
855 1451 1043 1510 Providentia
1064 1471 1117 1512 sua
1136 1461 1259 1520 eventus
1279 1472 1323 1511 re-

120 1548 187 1587 rum
201 1528 342 1602 omnium,
358 1528 420 1588 sire
434 1529 549 1606 liberos,
565 1531 626 1590 sive
642 1531 851 1607 contingentes,
867 1551 926 1590 non
939 1531 1026 1591 modo
1040 1530 1212 1604 decrevisse,
1229 1531 1324 1595 sedet

118 1627 279 1685 procurare
302 1607 480 1669 certissime:
503 1610 551 1668 Ex
573 1609 666 1668 altera
688 1618 770 1688 parte
794 1630 872 1687 vero,
898 1610 1044 1670 bominem
1068 1630 1181 1688 semper
1201 1610 1325 1669 liberum

119 1707 187 1746 esse
203 1689 233 1746 in
247 1686 369 1764 agendo,
386 1695 415 1748 et
428 1687 547 1748 effeetus
561 1690 668 1750 multos
683 1709 746 1750 esse
760 1691 979 1768 contingentes:
999 1691 1069 1750 licet
1082 1711 1140 1750 non
1150 1709 1265 1768 possem
1279 1709 1324 1750 es*

120 1767 216 1844 sequi,
230 1765 376 1846 quomodo
391 1767 466 1828 iuter
479 1788 510 1828 se
527 1769 584 1828 iste
597 1769 730 1828 connecti
749 1779 888 1846 possunt;
909 1789 969 1830 non
988 1778 1085 1830 nmen
1105 1777 1222 1848 propter
1242 1769 1324 1847 igno·

120 1847 249 1992 {numm
261 1845 348 1922 modi,
364 1867 411 1908 res
425 1848 496 1986 ipsa,
511 1868 576 1942 quc
590 1848 767 1987 aliuudguex
782 1849 882 1908 Verbo
896 1849 1056 1908 certissima
1077 1857 1130 1926 est,
1145 1849 1194 1908 vel
1217 1849 1248 1908 in
1272 1849 1324 1910 du·

148 1945 210 1986 rum
223 1945 273 1985 rer
407 1947 443 1986 ve
505 1937 584 1988 mtus
597 1948 633 1988 ne
745 1948 776 1988 es
810 1936 830 1988 t.

121 2059 192 2105 rdet
217 1925 392 2105 mffl
419 1948 577 2144 dIllleNon
591 1949 744 2101 ἆρῖῗιὲἲωη
757 1947 809 2085 qli
829 2007 1012 2100 concordiam
1032 2007 1119 2068 istam
1139 2007 1328 2101 tentaverint·

152 2119 366 2245 habitent
387 2087 983 2244 hctthtbllttssttfflttttff
997 2087 1326 2241 tldtbtttit

151 2249 221 2337 lgm
231 2235 366 2280 Premen-
385 2247 573 2308 Providentia
586 2248 730 2325 inflexum,
746 2247 797 2324 qui
810 2255 869 2306 tres
884 2254 952 2306 sunt
972 2245 1110 2324 praecipui
1131 2245 1210 2304 modi
1231 2246 1327 2306 conci·

387 2326 515 2386 liationis
530 2347 603 2404 quos
618 2326 789 2388 Adversarii
803 2326 971 2400 obtendunt,
994 2325 1078 2385 facile
1099 2334 1144 2386 est
1164 2326 1324 2402 ostendere,

122 2427 184 2468 non
196 2405 286 2469 modo
300 2425 391 2466 vanos
406 2425 469 2466 esse
483 2416 512 2466 et
525 2407 651 2483 fictitios,
667 2407 719 2465 sed
732 2405 821 2466 falsos
846 2415 874 2465 et
897 2406 1009 2483 impios,
1035 2404 1191 2484 Scripturas
1212 2415 1325 2467 eontra·

122 2488 192 2562 rios,
207 2494 239 2546 et
254 2486 286 2544 in
308 2485 364 2544 Dei
385 2485 601 2546 Providentiam
622 2485 751 2564 injurios.
794 2487 834 2545 Et
854 2485 892 2546 ed
911 2493 1088 2563 postremum
1108 2484 1226 2563 quidem
1246 2485 1326 2564 quod

12 2571 13 2578 ’
123 2567 237 2644 attinet,
256 2565 325 2644 quia
339 2564 401 2626 susc
416 2565 486 2626 satis
501 2566 537 2624 de
561 2586 596 2626 eo
609 2575 706 2628 actum
728 2565 784 2626 suit
806 2567 837 2625 in
858 2565 1096 2644 precedentibus,
1122 2566 1206 2644 plura
1229 2565 1325 2626 dicere

122 2645 197 2709 nihil
211 2665 286 2724 opus
300 2653 353 2705 est.
397 2645 442 2703 De
456 2646 568 2706 caeteris
582 2646 695 2706 duobus
714 2645 843 2706 breviter
862 2645 940 2706 idem
960 2646 1224 2722 demonstrandum,
1246 2645 1326 2724 quod

123 2727 205 2789 nullo
219 2725 338 2804 negotio
352 2724 414 2784 fieri
432 2733 536 2802 potest.
579 2726 654 2788 Nam
675 2726 771 2804 quoad
791 2727 1010 2802 Praeconium,
1032 2726 1123 2803 primo
1144 2726 1236 2802 gratis
1257 2746 1324 2804 sup·

124 2806 243 2884 ponitsu
257 2804 475 2872 Providentiam
490 2805 546 2864 Dei
567 2805 629 2864 solo
643 2814 710 2865 actu
722 2806 910 2883 praescientia
925 2806 1074 2882 contineri,
1089 2824 1147 2882 quo
1160 2825 1208 2866 res
1221 2805 1325 2866 lutura

124 2893 356 2964 cognoscentem
378 2903 444 2944 cum
457 2884 586 2944 includat
605 2886 692 2946 etiam
713 2894 808 2946 actum
823 2885 990 2960 voluntatis,
1002 2904 1060 2962 quo
1081 2884 1212 2947 futuritio
1226 2904 1325 2944 earum

123 2965 285 3026 infallibilis
299 2964 471 3040 decernitur,
486 2971 573 3042 atque
587 2963 628 3026 ita
642 2983 737 3024 causa
759 2983 859 3024 omnes
873 2965 1074 3040 contingentes
1095 2972 1124 3023 et
1144 2963 1243 3024 liberae
1264 2963 1323 3040 rzi-

123 3072 161 3104 ω
174 3044 282 3104 babere
306 3043 414 3102 debent
435 3042 473 3103 ad
496 3043 721 3118 Providentiam,
745 3063 804 3102 non
824 3042 911 3102 modo
935 3050 1077 3119 quatenus
1099 3041 1326 3118 praesciuntura

126 3126 196 3199 Deo,
212 3133 246 3184 ut
269 3123 382 3199 futura,
405 3122 556 3183 sedetiam
570 3131 712 3200 quatenus
731 3122 768 3182 ab
783 3129 889 3180 aeterno
903 3121 1096 3182 decernuntur
1110 3119 1222 3195 futura,
1244 3128 1274 3179 et
1294 3121 1325 3182 in

124 3212 253 3282 tempore
267 3211 421 3262 moventur
444 3211 474 3262 et
487 3203 656 3264 ordinantur
676 3201 868 3262 infallibiliter
886 3201 925 3261 ad
945 3200 1065 3260 effectus
1086 3219 1162 3259 suos.
1205 3204 1233 3260 2.
1249 3199 1323 3276 Sup-

163 3285 241 3342 nitur
253 3283 359 3344 iterum
373 3283 446 3342 falso
469 3283 579 3344 nullam
603 3281 666 3342 dari
690 3281 899 3342 connexionem
921 3300 1017 3340 rerum
1038 3279 1234 3357 praescitarum
1258 3300 1325 3341 cuns

124 3303 319 3438 liescientia,
345 3381 398 3421 nec
419 3363 504 3424 istam
529 3363 588 3422 illis
609 3363 699 3422 ullam
721 3361 921 3422 necessitatem
943 3361 1108 3439 imponere3
1132 3359 1204 3420 Cum
1229 3359 1324 3440 Scrip-

123 3451 187 3508 tura
200 3451 356 3520 utrumque
380 3441 537 3502 clarissime
560 3441 662 3502 doceat
685 3441 843 3502 innumeris
866 3441 897 3500 in
920 3441 1001 3518 locis,
1026 3441 1111 3500 Most.
1136 3441 1218 3502 xviii.
1242 3445 1269 3518 i,
1295 3449 1325 3510 et

13 3561 15 3568 ·
124 3523 206 3588 xxvi.
223 3524 272 3597 54,
295 3521 387 3582 Marc.
401 3522 462 3582 viii.
483 3525 530 3598 31,
554 3522 624 3584 Luc.
647 3523 730 3582 xxiv.
746 3526 773 3598 7,
789 3524 837 3597 46,
862 3525 877 3579 1
894 3521 959 3584 Oor.
981 3521 1022 3580 xi.
1045 3523 1102 3599 193
1124 3529 1154 3581 et
1174 3522 1248 3583 ratio
1268 3522 1324 3582 hoo

121 3601 241 3676 armcit,
256 3601 325 3679 quia
338 3601 419 3675 alies,
440 3601 495 3662 nisi
517 3601 679 3662 necessaria
700 3610 777 3662 esset
789 3602 865 3662 inter
888 3602 946 3662 ista
970 3601 1120 3676 connexio,
1143 3601 1325 3678 praecientia

125 3681 181 3742 Dei
194 3680 267 3758 salli
283 3687 313 3741 et
326 3679 473 3742 decretum
488 3683 552 3760 ejus
565 3682 670 3745 mutari
683 3690 790 3760 posset,
805 3681 884 3760 quod
897 3690 1051 3758 utrumque
1064 3681 1275 3757 blasphemum.

428 3761 484 3822 IV.
508 3761 564 3836 Qui
586 3761 624 3822 ed
646 3762 862 3822 Pcrnts'ssioacm
882 3761 1069 3837 confugiunt;
1091 3779 1150 3817 nou
1170 3760 1273 3820 melius
1294 3778 1325 3820 se

387 3839 562 3919 expediunt;
580 3841 663 3901 Licet
676 3842 753 3900 enim
766 3861 850 3901 suum
863 3840 969 3899 habere
984 3837 1088 3898 debeat
1107 3837 1203 3896 locum
1224 3837 1254 3896 in
1275 3857 1325 3898 ex·

386 3919 521 4000 plicande
542 3919 730 3982 Providentia
753 3921 810 3981 Dei
832 3920 863 3976 in
886 3918 971 3993 malo,
997 3923 1030 3976 ut
1049 3924 1150 3994 postea
1169 3915 1324 3994 videbitur,

159 4022 274 4082 rporam
287 4010 385 4062 tamen
398 3999 551 4060 adhibetur
564 3999 603 4060 ad
616 4000 701 4060 istam
711 3997 958 4058 conciliationem:
972 3997 1046 4058 Tum
1055 3995 1124 4074 quia
1137 3994 1234 4072 plures
1243 4005 1325 4056 actus
1400 4043 1410 4058 .

124 4023 180 4145 liei
193 4093 299 4162 prater
312 4081 420 4142 nudam
433 4080 650 4158 permissionem
664 4079 712 4138 bic
726 4077 839 4154 danhu,
851 4075 902 4154 qui
915 4095 1085 4136 conclusum
1096 4076 1160 4152 ejus
1170 4075 1324 4153 specialem

124 4170 154 4234 et
166 4163 313 4224 efficacem
326 4162 500 4237 important:
514 4161 590 4220 Tum
603 4159 672 4238 quia
685 4157 758 4218 falso
773 4155 943 4234 supponitur
956 4155 1173 4234 permissionem
1187 4155 1324 4233 conjunc.

124 4250 182 4317 tem
196 4263 262 4302 esse
276 4262 343 4301 cum
356 4237 549 4300 indifferentis
561 4246 743 4318 peccatorum
764 4236 861 4315 quoad
881 4243 1033 4311 eventum3
1057 4255 1132 4310 cum,
1146 4233 1242 4312 posite
1260 4254 1324 4312 per-

125 4322 260 4382 missione
275 4321 341 4396 Dei,
356 4319 519 4380 necessario
533 4327 669 4397 sequatur
681 4325 839 4412 peccatum,
856 4317 952 4376 sinon
966 4335 984 4376 s
997 4323 1077 4392 parte
1096 4314 1181 4376 liberi
1201 4313 1326 4376 hominis

124 4402 243 4478 arbitrii,
259 4409 290 4462 at
303 4420 322 4460 a
334 4407 416 4478 parte
430 4399 538 4460 decreti
553 4400 625 4475 Dei;
648 4419 716 4476 quia
729 4397 801 4458 alies
814 4397 957 4474 potuisset
974 4395 1050 4454 actio
1070 4393 1121 4452 illa
1140 4393 1281 4470 impediri,
1297 4401 1328 4453 et

125 4483 165 4542 sic
179 4482 286 4542 falsum
300 4479 403 4540 fuisset
416 4479 563 4543 decretum
578 4479 634 4540 Dei
648 4479 724 4540 circa
734 4498 807 4554 eam,
816 4497 845 4536 v.
857 4497 886 4556 g.
898 4475 974 4536 cirea
986 4473 1183 4534 venditionem
1193 4473 1215 4534 J
1217 4473 1326 4551 osephi,

150 3825 173 3872 2
181 3839 227 3886 per
235 3823 338 3871 Permis-

196 3885 298 3932 sionem.

125 4561 406 4702 ”ifflfimm
420 4559 536 4638 Christi,
551 4559 630 4640 quod
640 4567 738 4630 umen
747 4559 896 4638 Scriptura
908 4563 1005 4636 negat,
1019 4561 1048 4616 et
1061 4553 1103 4614 rei
1116 4553 1207 4633 ipsius
1225 4561 1328 4619 natura

125 4660 175 4720 pro
197 4665 207 4702 1
229 4661 246 4702 e
