3158 5180
229 356 288 436 392
705 385 797 428 neces
811 385 947 436 aeturus.
1245 361 1378 446 [eumer.
1395 380 1443 424 ιιι.

231 530 327 608 risque
335 549 394 588 nou
404 529 505 607 ignota
514 527 569 588 fait
579 527 679 588 muudi
689 527 850 606 productio.
873 529 955 588 Licet
968 535 1132 588 autemnon
1142 525 1288 605 petierint
1298 545 1334 584 eo
1345 545 1446 585 assur-

232 629 310 688 gere,
322 619 355 668 ut
369 609 550 669 Creatieucm
560 629 598 667 ex
611 607 702 668 nihilo
716 628 768 685 per
781 608 912 668 Verbum
926 615 1124 686 agnoscerent,
1140 606 1219 686 qued
1228 605 1339 666 Paulus
1353 615 1447 665 testa·

231 699 280 748 tur
293 689 410 748 demum
423 688 481 746 fide
494 689 612 766 percipi,
628 687 720 747 Hebr.
729 688 770 748 xi.
782 691 810 748 3.
827 689 930 747 “Fide
945 687 1089 747 credimus
1103 695 1251 764 compacta
1265 705 1329 744 esse
1344 686 1449 744 secula

233 769 332 829 Verbo
348 769 413 844 Dei,
428 777 461 828 ut
475 788 539 846 quae
553 768 689 827 videntur
702 788 761 826 uon
776 769 834 828 sint
853 788 892 828 ex
913 768 1117 846 apparentibus
1137 765 1214 825 facta
1225 767 1254 842 ;'’
1277 765 1357 824 Etsi
1376 785 1447 842 quae

233 869 268 908 eo
281 849 454 927 pertinentia
467 847 604 926 leguntur
617 848 695 926 apud
708 848 869 923 Platonem,
891 848 1069 908 Mercurium
1089 846 1240 922 Trismeg,
1263 851 1293 904 et
1306 845 1381 904 alies
1396 865 1446 904 sa-

232 929 337 1004 trieres,
359 949 394 988 ea
407 947 465 986 nen
479 947 516 986 ex
530 928 638 986 lumine
652 937 762 987 naturae
782 929 951 1006 simpliciter
964 927 1134 1000 habueruut,
1151 925 1202 984 sed
1216 945 1254 984 ex
1268 924 1449 984 testimoniis

234 1008 435 1068 Chaldaeorum
449 1015 479 1067 et
493 1007 711 1086 AEgyptierum,
722 1008 772 1086 qui
786 1027 820 1066 ea
833 1029 851 1066 a
865 1009 949 1066 Mese
960 1016 990 1066 et
1001 1006 1142 1066 Israelita
1153 1013 1342 1082 acceperant:
1365 1005 1446 1064 Cen·
1562 1026 1567 1037 ·

232 1096 293 1147 stat
306 1097 403 1149 umen
417 1086 495 1166 apud
514 1088 593 1165 ipsos
613 1108 666 1164 pro
686 1097 764 1147 certe
784 1088 923 1147 traditum
944 1087 1089 1146 Mundum
1110 1083 1228 1162 aliquod
1253 1085 1367 1143 initium
1390 1085 1446 1142 ha-

232 1167 340 1227 buisse.
382 1169 560 1227 Testimonia
573 1169 714 1226 Mercurii
728 1167 872 1244 Triamep,
891 1167 1004 1244 Orphei,
1017 1167 1195 1243 Pytbaqerae,
1211 1166 1347 1239 Platonis,
1363 1166 1441 1222 Pre-

232 1249 276 1322 clc',
292 1248 421 1323 Homeri,
443 1248 570 1323 Heubdi,
592 1257 622 1306 ct
643 1248 773 1324 alierum,
795 1267 861 1326 quae
880 1246 1032 1307 brevitatis
1053 1245 1149 1305 studio
1163 1245 1332 1312 emittimus,
1347 1245 1445 1303 videri

230 1337 354 1405 possunt
368 1326 445 1405 apud
458 1328 571 1385 Plessae.
586 1327 622 1386 de
636 1329 720 1387 verit.
737 1327 832 1406 Relig.
848 1327 954 1387 Christ.
969 1347 994 1386 c.
1010 1329 1037 1403 9,
1052 1327 1203 1384 etZanch.
1217 1325 1304 1384 libi.
1318 1345 1345 1384 c.
1360 1327 1390 1384 3.

234 1447 353 1494 Mundum
375 1451 444 1496 w·
556 1406 647 1466 VIlI.
671 1408 713 1468 Ut
735 1416 831 1466 autem
852 1405 981 1466 Mundus
999 1416 1124 1465 aeternus
1143 1425 1202 1463 nen
1222 1404 1294 1480 fuit3
1316 1405 1365 1463 Ita
1388 1423 1446 1464 nec

230 1517 234 1522 ·
262 1520 383 1552 numanae
397 1509 446 1551 nou
496 1505 559 1545 esse
573 1487 675 1564 potuit,
692 1487 830 1565 quiequid
846 1487 1017 1546 Scholastici
1037 1485 1173 1563 ganiant
1216 1484 1445 1562 Impossibilitas

262 1565 370 1674 mne
391 1579 445 1624 ΡΝ·
496 1585 527 1624 se
541 1575 621 1625 tenet
634 1577 695 1626 tum
717 1587 754 1626 ex
775 1577 856 1645 parte
876 1568 942 1642 Dei,
965 1576 1022 1625 arm
1036 1585 1072 1625 ex
1093 1575 1174 1643 parte
1190 1564 1356 1639 Creatiernb,
1378 1573 1444 1624 tum

495 1666 534 1704 ex
552 1655 633 1723 parte
659 1647 818 1706 Orcaturoe.
860 1647 967 1722 Primo,
993 1667 1031 1706 ex
1051 1655 1138 1722 parte
1161 1645 1221 1703 Dei
1226 1667 1239 1718 ,·
1260 1644 1335 1719 Quis
1360 1645 1446 1704 Deus

233 1743 292 1783 neu
321 1733 419 1803 petest
438 1725 595 1802 producere
616 1726 726 1804 aliquid
750 1727 806 1786 sibi
828 1735 1010 1801 eosetemum,
1035 1726 1107 1784 alias
1127 1723 1185 1784 duo
1206 1733 1305 1783 essem
1323 1733 1444 1802 aterna,

229 1813 262 1864 et
284 1805 324 1864 sie
344 1805 488 1864 aeternitas
505 1807 678 1884 attributum
703 1807 972 1868 incommunicabile
997 1806 1053 1865 Dei
1077 1825 1115 1864 ex
1141 1804 1297 1882 Scriptura,
1312 1823 1444 1864 commu-

233 1884 379 1944 nicaretur
399 1893 546 1945 creatura.
568 1890 597 1946 2.
613 1887 688 1962 Quia
708 1907 795 1946 caum
815 1886 902 1946 debet
921 1907 985 1946 csse
1006 1886 1084 1964 prior
1104 1903 1157 1944 sue
1177 1883 1300 1959 effectu3
1322 1904 1377 1944 nec
1399 1885 1442 1944 ef-

232 1963 341 2024 fectum
365 1972 547 2044 potestesse
575 1987 706 2026 coaevum
729 1987 823 2027 causas
846 1986 915 2026 sue.
968 1967 1088 2026 Frustra
1108 1964 1157 2024 hic
1180 1964 1356 2040 obtenditur,
1382 1965 1443 2025 Vel

231 2047 376 2122 emmane
401 2055 507 2106 ceram
530 2047 607 2122 Filii,
628 2067 693 2125 quaa
716 2067 775 2106 nen
796 2047 892 2107 obstat
919 2047 1072 2125 queminus
1095 2044 1133 2104 sit
1153 2052 1313 2104 contemne
1339 2045 1441 2120 Patri3

233 2127 302 2203 quia
326 2127 494 2204 longissime
515 2125 611 2186 differt
631 2127 738 2186 creatio
758 2127 795 2186 ab
816 2127 872 2186 ista
892 2127 1095 2204 generatione;
1125 2125 1198 2183 Haec
1220 2124 1296 2183 actio
1317 2133 1363 2184 est
1384 2125 1443 2184 Dai

233 2204 271 2264 ad
285 2206 361 2265 intra
374 2225 439 2284 quse
453 2205 547 2266 reddit
562 2207 670 2266 Filium
691 2205 812 2284 ὅμωῦσωι
830 2207 908 2266 Patri
928 2226 980 2284 per
1001 2205 1287 2264 communicationem
1308 2205 1442 2282 ejusdem

232 2302 353 2344 numere
374 2287 523 2362 essentiae3
546 2285 603 2344 llla
626 2307 696 2345 vero
717 2295 762 2346 est
782 2287 859 2346 actio
880 2286 1023 2346 transiens
1044 2294 1127 2344 extra
1149 2284 1243 2344 Deum
1267 2285 1298 2342 in
1319 2285 1441 2346 Crestu-

232 2383 303 2440 ram,
319 2385 384 2442 quaa
398 2364 624 2424 diversissimam
644 2375 775 2425 naturam
796 2367 827 2424 in
847 2367 911 2443 ipsa
930 2366 1080 2445 pmducit:
1101 2364 1160 2424 Vel
1180 2365 1321 2424 manaae
1340 2366 1442 2425 radie-

231 2463 297 2501 rum
309 2444 391 2519 Solet,
407 2445 458 2521 qui
472 2454 539 2504 sunt
553 2446 644 2504 cereri
667 2447 745 2522 Seli;
768 2445 843 2520 Quia
863 2446 920 2505 alia
941 2455 986 2505 est
1004 2445 1076 2506 ratio
1097 2445 1239 2522 wordum
1257 2465 1310 2522 per
1323 2465 1441 2505 maana-

232 2525 341 2600 tieuem,
357 2523 415 2582 alia
427 2525 568 2600 apartium
576 2545 634 2601 per
647 2526 928 2600 transmutationem,¹
949 2526 1008 2585 alia
1020 2527 1161 2604 agentem
1174 2525 1358 2602 naturalium,
1380 2526 1441 2585 alia

231 2603 394 2676 liberemus,-
408 2603 439 2661 in
452 2603 510 2662 illis
521 2603 640 2664 effeetus
653 2614 775 2684 pessunt
788 2625 851 2664 esse
865 2606 957 2665 cesari
968 2625 1071 2683 cause,
1083 2605 1135 2666 sed
1148 2625 1208 2665 neu
1217 2604 1248 2663 in
1262 2605 1343 2681 istis3
1361 2605 1441 2665 Solis

231 2681 304 2741 radii
318 2691 453 2742 emanant
471 2685 639 2744 neutraliter
659 2705 677 2744 a
698 2685 774 2762 Sele,
797 2693 826 2746 et
846 2695 915 2746 sunt
935 2685 1065 2764 ejusdem
1085 2705 1150 2745 cum
1172 2705 1206 2745 eo
1227 2695 1355 2763 uaturae5
1379 2685 1440 2746 Sed

232 2773 369 2822 creaturae
383 2763 474 2823 libere
487 2785 505 2822 a
519 2765 583 2824 Dee
597 2764 795 2843 producuntur
807 2773 837 2825 et
851 2775 920 2825 sunt
933 2766 1137 2825 diversissime
1151 2764 1188 2824 ab
1201 2765 1274 2843 ipae.

271 2842 332 2902 IX.
356 2843 497 2920 Secunde,
513 2854 686 2923 repugnata
701 2846 970 2923 percomesus,
986 2846 1055 2924 qnia
1073 2865 1139 2905 eum
1159 2845 1266 2904 creatio
1287 2845 1326 2904 eit
1339 2865 1378 2903 ex
1392 2845 1436 2904 ni·

189 2934 192 2943 '
230 2922 301 3000 hilo,
316 2923 347 2982 in
361 2944 418 3002 qua
431 2945 478 2984 res
491 2926 594 2986 transit
608 2945 626 2985 a
638 2946 698 2985 nen
710 2945 774 2986 esse
788 2926 826 2984 ad
846 2945 918 3003 esse,
940 2925 1103 2986 necessarie
1116 2925 1203 2985 infert
1215 2925 1377 2985 novitatem
1392 2945 1436 2984 es·

232 3003 324 3082 sandi,
339 3005 408 3084 quia
421 3025 467 3064 res
477 3004 564 3064 debet
581 3006 692 3085 concipi
706 3026 765 3065 non
778 3005 876 3083 fixisse,
898 3006 1066 3084 priusquam
1079 3005 1219 3084 producta
1232 3005 1327 3081 fuerit,
1349 3014 1438 3083 atqua

231 3084 273 3144 ita
287 3093 395 3145 eterna
407 3105 471 3146 esse
485 3107 542 3146 uon
556 3087 659 3164 potuit.
701 3086 762 3146 Nec
779 3087 866 3165 juvat
879 3086 974 3146 dicare
995 3105 1047 3164 per
1059 3091 1087 3144 sl
1101 3106 1138 3144 eac
1158 3085 1244 3145 anto
1257 3085 1351 3144 notari
1373 3093 1435 3144 tau·

231 3171 294 3226 tum
307 3167 481 3243 cepaticum
494 3168 628 3243 metata,
651 3186 702 3227 seu
717 3166 967 3245 independentiam
982 3186 999 3225 a
1013 3167 1152 3244 subjecte,
1174 3185 1241 3225 cum
1254 3174 1336 3226 uetat
1349 3166 1436 3226 etiam

231 3245 347 3304 nr'dilam
361 3247 481 3321 temeti,
495 3256 528 3306 ut
538 3267 584 3306 res
598 3256 694 3307 ereata
707 3247 862 3326 aliquande
876 3266 934 3305 nen
948 3245 1042 3323 fuerit,
1058 3255 1088 3306 et
1101 3254 1202 3324 postea
1215 3265 1279 3305 esse
1293 3247 1423 3324 coeperit

274 3325 316 3382 X.
338 3325 445 3401 Tertio,
461 3326 678 3403 impossibilitas
691 3327 742 3386 illa
756 3347 787 3387 se
808 3335 887 3386 tenet
900 3347 918 3384 a
927 3335 1014 3402 parte
1035 3327 1192 3402 Creetaroe,
1216 3329 1242 3385 1.
1264 3327 1334 3403 quia
1354 3325 1434 3404 qued

232 3402 407 3480 hebetasse,
423 3413 453 3463 et
465 3404 647 3464 durationem
662 3407 857 3466 successivam
871 3415 900 3467 et
912 3407 1033 3482 finitam,
1048 3406 1092 3464 illi
1114 3414 1257 3484 repugnat
1279 3408 1435 3466 numina

233 3479 276 3539 At
290 3481 384 3540 omnis
399 3483 536 3542 Oreatura
558 3505 616 3562 qua
640 3485 706 3544 talis
728 3486 817 3545 babet
839 3505 911 3562 esse,
935 3494 964 3546 et
986 3485 1166 3546 durationem
1189 3487 1384 3546 successivam
1407 3495 1437 3546 et

231 3558 351 3637 linitam,
366 3580 421 3621 nee
434 3571 530 3639 petest
544 3565 657 3642 concipi
670 3564 773 3642 aliter,
796 3566 885 3644 Ergo,
900 3570 928 3625 2.
946 3566 978 3626 si
993 3566 1131 3626 Creatms
1150 3573 1257 3625 eterna
1277 3575 1362 3642 esset,
1386 3566 1435 3626 de-

230 3639 313 3700 beret
327 3641 460 3717 existere,
474 3642 524 3702 rel
539 3642 603 3718 Dei,
618 3644 667 3703 vel
682 3663 734 3704 sua
746 3645 864 3723 propria
878 3646 1054 3723 aeternitate3
1078 3645 1111 3705 Si
1130 3646 1282 3724 posterius,
1309 3646 1368 3706 due
1390 3667 1436 3706 ss·

233 3729 299 3780 seut
312 3729 427 3798 eterna,
443 3723 500 3784 due
514 3723 635 3799 infinita,
652 3725 765 3803 Deique
779 3735 809 3784 et
823 3734 961 3786 creatura
975 3726 1089 3786 dumtie
1103 3734 1180 3786 esset
1194 3727 1321 3804 equalis,
1338 3727 1437 3788 eterit

232 3802 376 3861 eternitas
390 3811 474 3862 extra
488 3803 591 3880 Deum,
607 3804 654 3864 eui
668 3805 818 3867 ce'existet.
848 3807 880 3866 Si
893 3807 981 3884 prius,
997 3814 1191 3866 ereaturarum
1211 3807 1368 3867 existentia
1381 3807 1436 3866 erit

232 3882 388 3942 existentia
401 3883 474 3959 Dei;
496 3903 562 3944 cum
576 3885 721 3945 aeternitas
741 3886 797 3945 Dei
810 3906 869 3946 neu
883 3885 997 3947 differat
1010 3887 1047 3945 ab
1061 3888 1125 3965 ejus
1139 3886 1311 3963 existentia3
1334 3886 1434 3965 Atque

231 3962 272 4021 ita
287 3962 343 4021 Dei
356 3964 501 4024 aeternitas
515 3973 545 4024 st
558 3965 685 4026 infinitas
698 3967 753 4026 erit
767 3967 926 4026 communis
939 3975 1086 4042 creatura,
1101 3965 1181 4045 qued
1192 3965 1342 4026 ὶωΰπιπι.
1370 3967 1434 4026 Imo

232 4051 329 4102 creata
343 4045 488 4105 eternitas
501 4045 572 4105 dicit
585 4046 842 4106 contradictionem
855 4047 886 4105 in
900 4046 1022 4124 adjecto,
1038 4055 1071 4106 ut
1084 4045 1166 4107 finita
1176 4047 1339 4107 infinitude.
1375 4047 1433 4106 De-

231 4122 319 4200 nique
333 4123 370 4183 de
384 4125 494 4184 ratione
508 4126 621 4186 formali
635 4135 772 4186 creatura
786 4134 832 4187 est
843 4136 877 4186 ut
890 4126 1052 4204 dependeat
1065 4127 1257 4187 essentialiter
1276 4147 1293 4186 a
1308 4127 1382 4204 Dee,
1405 4135 1434 4186 et

232 4211 265 4262 ut
278 4203 450 4281 principium
463 4206 569 4265 habeat
584 4225 643 4266 susa
656 4206 828 4267 existentiae.
871 4205 914 4266 At
927 4205 1005 4284 qued
1018 4205 1163 4284 dependet
1176 4207 1214 4266 ab
1228 4207 1294 4283 alio,
1314 4207 1346 4266 id
1367 4227 1433 4285 pos·

231 4284 321 4342 terius
335 4285 398 4361 ipso
413 4293 466 4362 eet,
481 4295 510 4346 et
524 4287 566 4346 sic
580 4294 719 4347 semmam
733 4307 797 4347 asse
810 4287 925 4364 nequit;
946 4287 994 4345 uu·
1006 4287 1076 4363 qaid
1082 4288 1257 4364 pataream
1270 4288 1371 4346 emtori
1383 4289 1433 4346 ba·

231 4363 296 4422 bere
307 4365 353 4422 aui
364 4383 430 4440 esee,
445 4386 530 4443 nepes
544 4387 601 4426 ecee
614 4387 646 4426 ee
660 4368 720 4444 epse
734 4377 876 4444 etenum,
891 4376 925 4428 ut
938 4366 979 4426 ait
992 4368 1113 4427 Lactora
1129 4367 1226 4426 Instit.
1240 4368 1290 4427 lib.
1300 4368 1352 4426 vii.
1364 4388 1390 4426 c.
1406 4371 1432 4428 1.

249 4495 250 4502 ,
533 4445 593 4507 ΧΙ.
616 4446 719 4525 Agens
733 4456 871 4507 aternum
885 4447 964 4524 qued
978 4447 1039 4524 agit
1059 4455 1144 4507 extm
1165 4467 1196 4507 se
1220 4447 1251 4506 in
1275 4446 1364 4522 aliud,
1388 4467 1431 4506 re·

265 4505 435 4609 fflffiffilu'
491 4525 580 4603 quirit
592 4527 706 4604 patiens
721 4535 911 4603 coretemum3
934 4526 985 4586 sed
1000 4527 1082 4587 Deus
1095 4547 1154 4587 nen
1168 4536 1213 4587 est
1234 4547 1326 4605 agens
1349 4537 1431 4586 aeter·

303 4627 305 4632 ’
489 4624 559 4663 num
574 4606 629 4665 hoc
643 4625 739 4684 sensu,
754 4607 823 4685 quia
836 4607 952 4667 demum
977 4605 1007 4664 in
1031 4615 1160 4685 tempere
1182 4609 1271 4686 coepit
1293 4617 1380 4666 extra
1401 4625 1432 4666 aa

224 4683 323 4752 agere.
366 4679 427 4738 Nec
442 4682 466 4742 si
480 4683 586 4743 dicitur
595 4683 688 4760 parias
700 4697 787 4764 occu,
803 4688 872 4764 quia
885 4687 940 4746 fuit
953 4705 1067 4764 semper
1079 4696 1215 4746 actuosus
1229 4688 1259 4745 in
1273 4705 1314 4762 se,
1328 4695 1360 4746 st
1380 4707 1430 4746 ex-
