3160 5194
533 435 702 482 urrsuous
721 437 973 485 usuucnuouus.
1301 423 1356 485 xxi

131 595 188 676 jus
210 594 363 660 beneficii
389 595 546 672 memorie,
572 604 608 660 ut
638 597 748 661 animis
772 597 887 662 nostris
905 597 1002 660 infixa
1026 603 1175 660 aeternum
1197 599 1350 676 haerebit3

137 695 187 757 ila
214 693 371 776 postulet,
391 701 429 756 ut
456 695 539 775 grati
564 696 656 758 enimi
675 696 895 760 testificatione
912 698 995 777 apud
1021 715 1124 760 omues
1141 697 1351 777 predicetur:

142 793 257 873 quue
284 792 395 873 magis,
418 791 501 873 quod
525 793 636 858 exinde
655 793 793 874 ejusdem
820 795 933 858 favoris
949 814 1010 857 nou
1034 795 1165 857 obscura
1190 794 1264 860 dere
1288 817 1351 860 non

143 891 287 955 desiistis
320 897 515 972 arguments,
542 911 616 972 erge
643 912 692 956 me
720 891 884 973 imprimis,
916 912 1005 972 quem
1037 911 1099 956 non
1132 912 1194 956 uno
1225 894 1349 958 honoris

145 1010 263 1071 genere
280 997 418 1052 mactum
433 989 634 1065 reddidistis;
661 1011 723 1054 non
740 991 830 1053 modo
855 1009 987 1071 sacrum,
1009 1011 1069 1070 quo
1092 997 1159 1053 tum
1180 991 1213 1054 in
1237 993 1350 1057 Eccle-

145 1087 205 1168 sia,
227 1097 295 1150 tum
317 1087 350 1150 in
369 1087 540 1150 Academia
553 1089 673 1169 fungor,
691 1107 802 1152 munus
824 1099 940 1168 prester
966 1109 1055 1151 omne
1080 1089 1224 1152 meritum
1247 1111 1348 1154 meum

144 1185 225 1248 mihi
242 1184 474 1261 committendo,
491 1184 545 1249 sed
562 1193 594 1248 et
619 1186 750 1268 benigne
777 1206 898 1266 semper
924 1207 972 1248 me
999 1185 1138 1262 fouendo,
1167 1193 1200 1250 et
1227 1187 1349 1267 quoles-

146 1303 271 1363 cunque
287 1291 419 1347 conatus
443 1303 526 1347 meos
553 1289 680 1346 eatenus
702 1285 871 1363 probando,
894 1291 930 1346 ut
955 1304 1016 1347 non
1039 1284 1132 1346 semel
1151 1283 1213 1347 elio
1233 1285 1349 1349 inrita·

145 1389 226 1456 tum,
245 1381 319 1444 licet
346 1380 425 1443 nihil
452 1381 553 1443 minus
578 1382 731 1460 quamde
756 1381 913 1444 mutandis
940 1381 1064 1444 sedibus
1089 1381 1287 1464 cogitantem,
1314 1390 1347 1447 et

145 1478 286 1542 maxime
314 1484 388 1542 ante
413 1478 531 1558 aliquot
556 1499 652 1542 annos
681 1500 700 1542 a
725 1479 908 1544 celsissimis
933 1485 967 1542 et
991 1479 1248 1562 Praepotentibus,
1278 1486 1346 1544 tum

147 1577 251 1657 Belgii
266 1575 435 1657 Foedereti,
453 1584 519 1638 tum
536 1575 708 1640 Hullendiae
734 1577 913 1653 Ordinibus,
939 1577 980 1640 ad
1005 1577 1226 1641 Professionem
1244 1577 1346 1642 Theo-

145 1674 278 1755 logicem
294 1675 327 1736 in
343 1673 576 1738 Florentissimo
594 1675 748 1739 Atheneo
769 1675 1058 1757 Lugduno-Batavo
1073 1676 1238 1740 honorifice
1254 1696 1346 1739 roca·

145 1783 226 1846 tum,
241 1771 390 1836 benevolo
404 1771 437 1833 in
453 1774 631 1837 meeffoctu
648 1773 697 1837 hic
712 1774 847 1837 retinere
862 1773 1040 1837 volueritis:
1066 1773 1133 1850 Quo
1149 1776 1231 1838 facto
1245 1793 1344 1837 meam

146 1869 237 1934 robis
256 1871 348 1933 fidem
371 1877 404 1933 et
430 1869 609 1949 obsequium
636 1871 702 1950 jem
720 1871 886 1948 addictum,
913 1871 1011 1952 magis
1036 1870 1193 1952 magisque
1215 1871 1262 1934 ite
1288 1873 1344 1934 ob-

144 1967 332 2049 strinxistis,
350 1975 386 2029 ut
402 1967 515 2029 malum
532 1965 566 2028 N
566 1988 654 2031 omen
670 1969 783 2032 merito
800 1989 950 2049 censeret,
968 1955 996 2030 si
1021 1988 1090 2032 cum
1114 1969 1252 2032 debitum
1279 1967 1345 2032 dis·

144 2086 286 2146 pungere
310 2085 371 2128 non
395 2065 521 2145 possim,
537 2065 669 2146 ingenue
684 2065 793 2128 saltem
818 2065 894 2127 illud
913 2086 975 2127 non
1000 2065 1182 2144 profiterer3
1208 2085 1264 2128 nec
1290 2085 1345 2127 cu-

146 2183 262 2244 rarem,
280 2172 317 2225 ut
333 2169 478 2226 constans
493 2161 615 2242 aliquod
634 2162 838 2226 observantiae
853 2163 885 2225 in
902 2161 969 2225 Vos
986 2180 1071 2237 meae,
1089 2168 1122 2224 et
1144 2161 1227 2242 greti
1251 2161 1344 2223 animi

146 2281 271 2340 semper
286 2267 409 2324 extaret
423 2259 652 2323 monimentum.
688 2259 834 2340 Accipite
851 2279 923 2341 ergo
939 2279 1048 2322 serens
1060 2260 1174 2339 fronte,
1188 2260 1345 2322 Aurus-

145 2375 223 2420 suuu
239 2359 436 2439 Psocnsus
460 2359 518 2422 hoc
532 2357 686 2439 exiguum,
703 2377 764 2420 non
781 2357 883 2439 exigui
911 2358 966 2420 scd
994 2357 1181 2423 devotissimi
1205 2355 1344 2436 obsequii
1443 2369 1446 2374 '

144 2456 218 2537 mei,
245 2463 279 2519 et
303 2454 534 2536 propensissimi
559 2477 634 2537 erga
660 2457 739 2518 hauc
755 2464 891 2519 vestram
918 2454 995 2519 lucis
1021 2455 1213 2548 Euangelicae
1240 2456 1343 2518 sedem

145 2553 244 2617 studii
258 2553 390 2635 pignus;
418 2553 462 2616 Et
488 2555 591 2617 ferere
606 2553 727 2635 pergite
740 2554 794 2629 illi,
810 2553 863 2634 qui
880 2563 916 2615 ut
930 2573 964 2616 se
981 2551 1081 2617 Vobis
1097 2553 1263 2633 plurimum
1276 2553 1343 2632 jam

145 2651 262 2716 debere
282 2652 390 2714 lubens
418 2651 579 2731 agnoscit:
606 2652 659 2714 Ita
683 2659 785 2715 totum
809 2672 842 2715 se
871 2650 955 2715 cultu
984 2658 1017 2713 et
1044 2651 1191 2730 obsequio
1206 2657 1343 2714 restrum

142 2755 298 2829 perpetuo
310 2751 450 2812 fut-urum
466 2748 631 2829 profitetur
648 2756 680 2812 et
695 2749 835 2830 spondet.
875 2747 963 2825 Quod
984 2756 1134 2829 superest,
1151 2747 1252 2812 Deum
1269 2747 1343 2827 Opt.

144 2845 246 2928 Max,
262 2867 318 2927 per
338 2868 428 2927 quem
445 2847 547 2926 Reges
561 2853 703 2929 regnant,
719 2847 849 2927 supplex
864 2866 1001 2922 veneror,
1026 2853 1061 2908 ut
1086 2846 1119 2908 N
1122 2845 1169 2908 ,Ν
1172 2894 1178 2908 .
1196 2853 1229 2909 et
1253 2847 1341 2908 An.
1463 2877 1466 2884 .

143 2942 186 3008 D.
205 2943 248 3009 Ι).
265 2943 307 3010 V.
327 2943 370 3011 V.
401 2943 557 3025 propitius
589 2963 711 3025 semper
742 2945 845 3018 edsit3
878 2943 1113 3023 Rempubliosm
1142 2941 1257 3020 Vobis,¹
1275 2941 1341 3007 Vos

141 3040 301 3122 Reipubl,
320 3063 412 3122 quem
430 3041 602 3106 diutissime
618 3049 746 3121 praestet
761 3041 940 3122 incolumes,
949 3049 983 3105 et
999 3040 1081 3104 omni
1095 3041 1342 3105 benedictionum

140 3159 256 3219 genere
287 3140 435 3219 cummet,
466 3139 586 3219 Spiritu
617 3159 673 3202 suo
699 3159 772 3202 rere
803 3145 951 3221 ἡγεμονικῳ
970 3137 1130 3218 sapientiae
1157 3143 1190 3199 et
1215 3137 1343 3199 sortitu-

139 3237 234 3317 dinis,
252 3237 383 3318 pietatis
397 3245 430 3300 et
447 3237 580 3316 justitie
594 3237 641 3299 its
655 3234 723 3299 Vos
737 3255 857 3314 semper
873 3236 1018 3316 regendo,
1035 3240 1072 3296 ut
1084 3231 1219 3296 Consilia
1240 3234 1342 3297 omnia

138 3345 245 3398 restra
259 3336 300 3398 ed
323 3333 518 3398 Sanctissimi
541 3333 684 3397 Nominis
699 3333 747 3396 sui
773 3333 913 3414 gloriam,
934 3331 1125 3416 Reipublicae
1140 3333 1341 3415 commodum,

135 3441 169 3495 et
186 3431 340 3497 Ecclesiae
360 3431 540 3496 felicitatem
557 3433 679 3496 cedant.
721 3433 840 3494 Auen.
888 3431 1017 3494 Dabam
1035 3430 1177 3514 Gecevoe,
1196 3447 1245 3496 lv,
1261 3431 1342 3495 Idus

133 3531 322 3608 Febmtardi,
340 3531 443 3594 Anno
460 3538 508 3603 τῆς
528 3538 688 3604 Οἰκονομίας
705 3544 923 3596 bl.D0.LXXIX.
