3160 5194
530 393 661 442 onsrm
678 393 865 443 ronanam.
1273 381 1318 444 xli

108 555 216 638 quitus
241 553 516 633 obtestationibus,
541 564 574 621 a
602 577 692 638 qum
719 557 892 622 invidendis
920 538 1146 623 andrasum
1165 557 1319 642 urgens

106 654 321 736 etIeydensis
336 653 477 720 Ecclesia
485 655 567 720 illius
576 656 750 721 ministerio
759 657 820 720 frui
830 657 945 720 annisa
955 657 1029 738 sint,
1040 665 1188 738 quantum
1199 665 1232 722 et
1244 679 1318 738 quo-

107 755 166 818 ties
182 753 388 817 Universitas
404 754 691 836 Lugduno-Batava
714 755 800 819 illum
817 755 962 820 ambierit
987 756 1165 831 Doctorem,
1180 763 1217 819 ut
1240 777 1320 821 nova

108 853 174 917 luce
188 850 419 929 illustraretur,
437 859 469 916 et
485 853 606 918 ceteris
622 853 799 930 luminibus,
816 854 926 935 quibus
942 857 1136 935 coruscabat,
1162 855 1319 920 accenseri

106 957 213 1032 posset
226 951 446 1027 Tarrctla'nus,
458 952 507 1032 cuj
511 971 546 1016 us
559 951 753 1017 mirabantur
766 951 1015 1017 candidissimam
1029 953 1162 1016 animam
1176 960 1209 1016 et
1220 959 1318 1017 totam

107 1049 348 1126 ccelodevotam,
358 1049 530 1113 doctrinam
539 1052 578 1114 ab
589 1051 671 1114 omni
681 1051 889 1115 ostentatione
899 1051 1059 1128 intactam,
1072 1072 1174 1115 raram
1185 1052 1320 1134 integri-

108 1155 215 1224 tatem,
232 1148 334 1210 rariae
345 1154 379 1212 et
390 1149 557 1212 recondita
568 1149 752 1213 eruditionis
767 1150 952 1226 ubertatem,
963 1149 1194 1230 castigatissimi
1206 1151 1318 1231 judicii

110 1246 324 1327 acrimoniam,
340 1245 464 1328 vigilem
481 1267 517 1312 ac
531 1247 775 1328 imperterritum
800 1248 970 1314 intuenda
993 1254 1026 1313 et
1051 1249 1216 1313 asserenda
1240 1249 1320 1313 reri·

111 1351 178 1408 tate
193 1345 344 1422 animum,
362 1353 404 1406 τὸν
420 1351 468 1420 μὶν
486 1349 635 1430 ὄρθοδοξίας
650 1351 816 1431 ὺπέρμαχον,
836 1354 885 1418 τῆς
911 1353 938 1410 dl
964 1350 1132 1429 κακοδοξίας
1157 1355 1319 1433 ἀντίμαχον.

110 1443 305 1507 Frustrauea
312 1445 694 1519 fuerautbaomolimina3
711 1445 838 1525 reliquit
845 1445 1319 1532 Belm'umncsterotpavmrlm,

109 1563 144 1606 ac
156 1561 213 1605 suo
230 1540 377 1606 discessu
393 1549 518 1606 moestos
540 1543 678 1607 reddidit
702 1543 838 1608 Batavos
855 1564 918 1608 suae
933 1545 1115 1610 eruditionis
1141 1566 1177 1610 ac
1194 1566 1321 1609 suarum

110 1641 260 1702 virtutum
279 1640 428 1704 cultores.
480 1639 555 1704 Illos
568 1649 671 1705 tamen
685 1663 840 1723 uunquam
857 1643 954 1706 nostri
972 1643 1118 1726 Theologi
1144 1644 1228 1724 cepit
1244 1645 1321 1708 obli-

111 1739 167 1818 rio,
183 1739 256 1802 hinc
271 1738 361 1802 iuter
373 1739 441 1819 ejus
457 1743 587 1814 κειμήλια
604 1739 717 1804 multas
732 1740 860 1822 legimus
879 1740 986 1806 literas
1003 1743 1043 1804 ad
1060 1743 1160 1824 ipsum
1176 1753 1322 1808 exaratas

114 1838 150 1898 ab
161 1836 373 1918 Amplissimc
389 1835 682 1918 consultissimoque
692 1839 931 1922 Bcrpersdicio,
945 1861 1005 1903 nou
1018 1841 1188 1922 Leydensis
1199 1849 1323 1905 tautum

112 1934 215 2012 Urbis,
232 1935 291 1998 sed
310 1943 345 1998 et
361 1935 460 1998 totius
475 1935 576 2017 Belgii
593 1956 711 2000 summo
728 1944 919 2019 ornamento,
945 1937 1052 2018 Magni
1077 1940 1215 2017 parentis
1233 1939 1325 2022 Mag-

113 2055 151 2096 no
171 2034 238 2097 lilio
266 2033 452 2097 muneribus
475 2033 538 2098 suis
564 2034 684 2113 majori,
711 2034 805 2115 idque
828 2055 891 2097 uon
914 2055 987 2098 raro
1009 2035 1132 2098 nomine
1149 2035 1322 2100 Illustrium

116 2131 145 2193 N
147 2133 452 2212 obilissimorumque
468 2131 648 2196 Academia
658 2131 953 2213 Lugduuo-Batavae
964 2133 1149 2196 Cunctorum
1158 2141 1190 2197 et
1200 2133 1325 2216 Magni-

116 2231 239 2296 ficcrum
256 2231 455 2312 Reipublicae
473 2230 643 2312 Leydensis
668 2229 842 2294 Consulum.
893 2231 955 2295 Per
968 2231 1166 2294 Gemuauiam
1180 2233 1326 2298 tenderat

117 2329 236 2394 Noster
258 2331 295 2393 in
325 2328 544 2405 Hollaudiam3
570 2336 604 2392 at
627 2329 660 2393 in
685 2329 790 2394 reditu
818 2329 903 2393 aliud
920 2329 1061 2394 instituit
1084 2329 1162 2405 itcr;
1188 2330 1324 2396 Parisios

116 2427 226 2492 iterum
242 2429 394 2505 lustrare,
421 2448 457 2492 ac
482 2447 554 2492 suos
579 2429 679 2492 claros
705 2427 916 2508 Praeceptores
942 2429 1127 2509 compellare
1152 2429 1322 2511 exoptavit.

119 2525 175 2602 Qui
196 2527 389 2609 superstites
404 2533 503 2602 erant,
519 2546 609 2607 quem
625 2526 807 2590 audiverant
823 2527 1015 2609 discipulum,
1037 2526 1144 2592 audire
1158 2528 1326 2592 Doctorem

118 2627 292 2706 gestierunt
309 2647 317 2700 3
360 2625 503 2706 Ipsorum
518 2624 661 2706 petitioni
676 2625 821 2688 reluctari
839 2645 900 2689 non
915 2645 1007 2689 ausus
1021 2633 1070 2690 est
1091 2625 1210 2690 Noster
1225 2654 1328 2702 μακα-

120 2735 199 2808 ρίτης,
214 2733 249 2789 et
263 2725 318 2790 bis
332 2725 489 2804 peroravit
505 2723 538 2786 iu
547 2723 768 2787 Careutouensi
779 2725 868 2787 Goetu
882 2724 1142 2806 numerosissimo,
1153 2726 1241 2806 cujus
1255 2726 1327 2789 dum

121 2824 262 2887 recordor
278 2823 392 2886 horret
409 2823 539 2899 animus,
556 2842 617 2886 vox
637 2824 736 2885 haret
758 2823 907 2900 faucibus,
933 2830 967 2887 et
991 2829 1174 2905 turgescunt
1190 2825 1266 2888 fletu
1281 2825 1327 2888 lu-

120 2921 209 2986 mina.
235 2921 330 2985 Tunc
344 2921 477 3002 primum
492 2921 635 3002 cognorit
649 2919 924 3002 Inoomparebilem
945 2922 1130 2985 Jolrrnnem
1145 2921 1328 3005 Claudium,

124 3021 208 3100 cujus
217 3019 356 3083 nominis
367 3018 529 3100 splendore
540 3039 576 3083 ac
587 3019 683 3083 radiis
693 3025 778 3083 totus
789 3020 982 3102 perstringor
993 3020 1328 3099 atquecircumfundor,

30 3163 36 3178 .
125 3123 156 3179 et
178 3139 270 3198 quem
296 3118 423 3182 laudare
451 3124 505 3182 aut
530 3117 703 3198 exprimere
739 3137 800 3180 uon
828 3118 1000 3200 aggredior,
1031 3115 1182 3196 siquidem
1207 3137 1257 3180 res
1282 3130 1331 3182 est

128 3217 239 3281 uostris
249 3217 418 3281 conatibus
428 3217 539 3298 major,
552 3225 585 3280 et
596 3214 636 3278 ad
652 3215 783 3296 primam
793 3216 905 3279 lineam
918 3215 999 3278 acies
1008 3214 1159 3290 hebescit,
1169 3216 1331 3295 penicillus

129 3311 220 3396 labat,
246 3315 405 3378 industria
430 3315 619 3390 retunditur,
635 3321 669 3378 et
691 3313 816 3377 tremuli
845 3333 882 3376 ac
907 3319 1047 3377 errantes
1072 3312 1151 3376 oculi
1177 3313 1209 3377 id
1234 3316 1332 3398 effigi-

130 3431 179 3475 are
193 3435 255 3477 uou
271 3420 414 3494 possunt,
431 3434 491 3494 quo
504 3414 705 3477 fascinantur.
756 3411 894 3474 Tandem
906 3431 1010 3492 sospes
1020 3432 1161 3477 reversus
1176 3415 1215 3476 ad
1224 3421 1333 3494 optata

131 3512 238 3587 patrie
254 3519 351 3588 tecta,
376 3533 488 3593 magno
508 3511 643 3591 undique
661 3510 933 3590 Amplissimorum
948 3509 1125 3591 Procerum,
1142 3512 1333 3593 Collegarum

131 3617 161 3669 et
169 3610 336 3674 amicorum
345 3609 568 3690 gratulantium
575 3629 737 3689 concursu,
745 3609 932 3672 calidissimo
940 3609 1075 3673 omnium
1085 3609 1334 3692 affectmexcipi-

133 3713 193 3788 tur,
210 3717 245 3771 et
260 3709 434 3772 Academia
449 3729 517 3788 qua
534 3727 646 3788 magno
657 3707 782 3790 Lepero
795 3709 906 3771 orbata
922 3707 1105 3787 squallebat,
1121 3708 1202 3770 tanti
1215 3707 1335 3772 Docto-

133 3803 175 3867 ris
188 3807 297 3870 funere
314 3812 504 3881 exsternata,
522 3807 562 3869 ad
583 3812 782 3885 conspectum
796 3805 896 3890 nostri
913 3805 1000 3868 latos
1017 3803 1145 3868 induere
1162 3803 1255 3885 coepit
1265 3806 1336 3868 rul-

135 3906 192 3980 tus,
207 3925 244 3968 ac
260 3905 402 3968 exultare
415 3905 483 3967 risa
497 3911 555 3968 est.

183 4002 238 4064 Au
255 4002 405 4083 pristinos
420 4002 516 4066 rediit
542 4003 673 4084 labores,
699 4002 870 4084 majorique
897 4023 967 4066 cum
995 4003 1123 4081 impetu.
1151 3999 1247 4062 Anno
1276 4001 1334 4083 68,

136 4098 249 4163 itmum
264 4101 411 4165 Athenai
425 4101 524 4164 nostri
539 4101 658 4165 clevum
675 4102 788 4183 tenuit,
806 4109 901 4180 atque
915 4099 948 4162 in
976 4097 1151 4162 solennibus
1169 4095 1338 4162 Academi-

144 4197 184 4260 cis
199 4217 255 4277 pro
269 4219 356 4263 more
370 4207 403 4264 et
418 4219 479 4280 qua
493 4199 613 4263 solebat
629 4199 786 4280 facundia,
803 4198 842 4261 de
857 4199 986 4261 Genera
1002 4203 1204 4278 coacervata,
1219 4215 1255 4260 cc
1272 4197 1337 4262 Ec-

144 4295 240 4358 clesia
253 4297 351 4361 nralis
366 4307 397 4361 ct
410 4297 586 4379 sanato,
602 4297 769 4378 peroravit.

190 4391 301 4457 Numa
331 4395 391 4476 ipsi
420 4396 525 4460 deesse
550 4395 716 4460 ridebatur
741 4397 856 4473 prater
883 4391 1008 4456 ultimos
1033 4391 1162 4456 thalami
1186 4395 1317 4458 honores
1329 4416 1338 4467 ;

145 4487 245 4571 itaque
259 4494 298 4558 de
314 4493 454 4559 ducenda
477 4515 574 4558 uxore
597 4493 735 4574 cogitare
753 4487 857 4570 coepit,
885 4511 921 4555 ac
950 4491 1170 4555 nobilissimam
1191 4492 1340 4573 virginem

148 4587 217 4652 lecit
232 4591 279 4654 sui
309 4593 370 4655 tori
401 4599 573 4657 consortem
606 4589 832 4654 Etoaoettom
864 4581 905 4655 de
927 4589 1049 4670 Masso,
1079 4609 1119 4652 ex
1148 4609 1209 4668 qua
1235 4595 1340 4652 natam

150 4691 266 4772 umque
281 4689 390 4755 habuit
402 4691 491 4773 filios,
510 4709 641 4772 quorum
654 4707 748 4751 uuum
764 4685 862 4752 adhuc
879 4687 1078 4769 superstitem
