3174 5174
130 279 248 334 unsar.
264 255 311 340 u]
607 312 610 318 ,
644 273 683 314 ns
698 275 836 318 asanais.
1286 259 1344 316 493

175 419 234 480 IV.
257 419 291 478 Si
303 415 444 475 Mota
456 411 564 472 dicitur
577 413 673 494 toas,
687 414 967 496 infitiarsbeltionis,
983 415 1059 494 Eph.
1073 413 1104 475 ii.
1119 419 1147 493 2,
1162 416 1218 476 hoo
1232 416 1273 476 ita
1287 438 1345 477 non

132 495 368 578 intelligendum,
383 494 468 572 qnasi
480 493 646 560 immediate
660 495 691 552 in
704 496 829 555 animam
842 495 935 574 ipsam
948 494 1118 554 rationalem
1132 504 1275 575 operetur,
1294 497 1346 558 sed

132 581 205 659 qnia
218 572 414 638 diversimode
429 573 491 652 agit
504 573 536 630 in
550 591 653 634 sensus
666 583 802 635 externos
823 585 853 636 et
867 577 1004 650 internos,
1025 595 1077 653 per
1091 577 1294 654 suggestiones
1315 587 1345 638 et

133 659 312 722 tentationes
325 655 426 730 malas,
441 653 472 711 in
485 653 667 731 phantasiam
680 674 732 732 per
745 656 924 732 objectorum
937 655 1172 734 propositionem,
1194 657 1225 715 in
1240 678 1344 719 concu-

133 739 308 820 piscentiam
321 755 374 814 per
397 732 553 793 affectuum
566 733 770 793 excitationem
785 742 814 794 et
828 735 1025 794 irritationem.
1067 735 1129 795 Neo
1144 736 1168 795 si
1189 735 1266 797 idem
1280 758 1346 798 ver-

133 821 205 880 bum
227 823 384 896 usurpatur
396 820 530 892 respectu
551 813 725 896 operationis
742 814 866 893 Spiritus
887 815 986 875 Sancti
999 817 1113 894 agentis
1130 817 1295 878 immediate
1315 819 1346 878 in

135 899 225 960 eorde
244 907 354 971 nostro,
370 893 439 953 dum
460 892 566 952 dicitnr
586 893 681 974 ἰηςγιῖι
701 895 777 954 velle
798 905 828 954 et
840 895 986 973 perficere,
1008 894 1084 954 Phil.
1099 897 1129 956 ii.
1146 900 1193 973 13,
1216 897 1347 976 sequitur

37 1041 39 1050 ,
136 979 264 1040 eundem
275 975 393 1036 omnino
404 991 468 1033 esse
480 992 596 1032 sensum
606 981 739 1052 respectu
751 975 877 1050 Diaboli,
889 976 985 1052 quoad
995 976 1169 1052 ρνίποῲίωη
1182 981 1344 1054 atmodum,

36 1061 38 1074 '
137 1080 205 1121 curn
221 1059 278 1118 Dei
291 1053 420 1134 operatio
433 1053 521 1130 longe
535 1051 650 1112 differat
662 1054 700 1113 ab
713 1054 879 1132 operatione
894 1055 1027 1131 Diaboli3
1050 1055 1103 1116 sod
1116 1065 1228 1118 tantum
1249 1059 1347 1136 quoad

137 1148 273 1212 masos,
287 1136 338 1214 qui
358 1153 418 1193 non
438 1141 498 1192 tam
519 1133 610 1192 oritur
630 1153 668 1193 ex
688 1133 796 1196 virtute
819 1135 941 1210 stane,
957 1137 1007 1214 qui
1028 1155 1087 1194 non
1105 1145 1201 1215 potest
1225 1138 1347 1200 ulterius

138 1239 236 1297 agere,
246 1236 334 1296 quam
347 1233 399 1292 por
413 1212 585 1289 suasionem,
597 1233 662 1290 quar
675 1212 809 1276 inefficax
820 1224 905 1292 esset,
915 1214 941 1274 si
950 1216 1037 1275 homo
1050 1215 1095 1275 illi
1105 1217 1238 1278 resistere
1246 1219 1345 1295 vellet,

138 1319 227 1378 qaam
241 1317 280 1358 ex
293 1315 385 1375 prava
398 1291 522 1371 subjecti
542 1293 738 1370 dispositione,
754 1295 832 1372 qnod
853 1305 954 1372 sponte
969 1315 1022 1356 sua
1035 1295 1073 1354 ad
1093 1297 1201 1356 malum
1215 1299 1281 1375 mit,
1302 1299 1346 1358 in·

140 1379 269 1457 stigante
285 1377 402 1436 Satara
444 1373 505 1431 Neo
520 1371 545 1431 si
558 1373 683 1432 δαιαηαε
696 1372 802 1434 dicitur
814 1375 961 1450 replevisse
974 1396 1024 1434 cor
1037 1377 1166 1452 Aroma,
1189 1377 1257 1437 Act.
1272 1398 1301 1438 r.
1317 1381 1346 1454 3,

140 1457 308 1521 immediate
323 1456 354 1514 in
367 1451 440 1513 illud
454 1471 540 1528 agere
554 1452 673 1530 debuit,
695 1453 751 1512 hoc
772 1453 849 1513 enim
862 1452 957 1532 potnit
976 1475 1028 1532 per
1042 1455 1221 1532 objectorum
1241 1476 1346 1536 propo·

140 1539 286 1612 sirionem,
302 1545 331 1595 et
345 1532 585 1610 concupiscentias
597 1532 796 1609 irritationem,
818 1553 883 1610 quas
897 1533 938 1593 ita
951 1553 1001 1594 nor
1020 1535 1084 1612 ejus
1098 1535 1235 1611 incendit,
1257 1545 1290 1596 ut
1310 1537 1349 1596 ad

141 1639 207 1678 sam
229 1615 404 1694 explendam
417 1631 476 1672 non
496 1611 635 1674 dubitarit
648 1612 679 1670 in
695 1612 835 1690 Spiritum
850 1613 880 1674 S.
901 1613 989 1694 impie
1009 1616 1133 1676 mentiri.
1175 1615 1223 1675 Ita
1242 1617 1349 1677 dicitur

142 1697 307 1758 intrassetis
320 1716 370 1756 cor
382 1695 478 1768 Judoe,
493 1692 542 1752 Jo.
558 1691 620 1752 xiii.
635 1695 684 1768 tt,
699 1711 759 1754 non
779 1692 930 1754 subeundo
950 1694 1074 1754 animam
1095 1695 1274 1773 rationalem,
1297 1698 1349 1757 sed

143 1779 173 1838 in
187 1778 314 1838 animam
328 1773 496 1839 sensitivam
510 1780 540 1831 et
553 1771 673 1834 affectus
687 1791 751 1832 sese
764 1772 946 1850 iminuando,
968 1774 1045 1835 unde
1059 1795 1109 1834 cor
1122 1777 1216 1854 ipsum
1234 1793 1349 1856 oppug-

144 1878 213 1918 nare
227 1865 258 1918 et
271 1872 440 1934 expugnare
453 1851 556 1930 potnit.
756 1933 762 1947 ,
902 1909 906 1918 ,
980 1935 986 1948 .
1100 1935 1106 1949 Ι
1249 1935 1256 1950 ,

144 1971 387 2088 *trister
407 2021 452 2074 a
465 1930 1350 2094 ttstt'ttmtttttmsthtt

173 2093 242 2135 seret
408 2111 474 2152 nem
489 2111 649 2167 canmmm,
665 2093 837 2172 applicando
845 2093 941 2154 activa
953 2094 1087 2172 passivis,
1103 2115 1161 2154 non
1171 2104 1294 2173 possunt
1307 2105 1350 2156 ta-

144 2195 211 2235 men
225 2173 341 2253 propris
363 2181 392 2232 et
424 2171 526 2250 hysice
540 2171 695 2250 quicquam
718 2173 886 2251 producere,
909 2173 978 2251 quia
992 2194 1057 2233 cum
1078 2173 1136 2234 duo
1158 2183 1271 2236 tanturn
1293 2175 1352 2236 sint

144 2252 343 2395 productionis
356 2192 444 2326 modi,
458 2271 510 2329 per
523 2253 692 2313 creationem
706 2262 736 2313 et
749 2275 801 2332 per
811 2255 1030 2331 perorationes,
1045 2263 1147 2314 neuter
1160 2255 1191 2315 in
1204 2273 1255 2314 eos
1265 2255 1352 2315 cadit.

85 2355 88 2362 ·
174 2355 212 2394 on
222 2334 310 2412 prior,
325 2331 394 2410 quia
406 2330 445 2392 ad
458 2351 524 2390 eum
537 2331 631 2392 virtus
645 2332 758 2393 infinita
771 2334 943 2412 requiritur,
966 2335 1032 2394 Non
1045 2335 1194 2413 posterior,
1210 2336 1353 2412 quiscum

145 2415 204 2476 sint
217 2411 379 2490 incorporei
392 2431 451 2470 non
465 2420 533 2471 sunt
540 2413 736 2488 generationis
749 2434 879 2492 capaces.
921 2414 976 2490 Qui
990 2415 1038 2474 hic
1052 2415 1185 2493 Angelos
1199 2416 1354 2476 voluerunt

21 2524 22 2573 p
144 2495 256 2572 fingere
281 2512 355 2552 sexu
368 2491 517 2584 discretos,
539 2493 703 2586 exquibus
725 2494 868 2572 Gigantes
891 2503 921 2555 et
940 2495 991 2554 alii
1011 2495 1103 2573 geniti
1123 2496 1190 2573 sint,
1213 2515 1278 2572 quas
1299 2495 1355 2556 fuit

21 2581 22 2632 l
145 2574 293 2634 variorum
307 2593 345 2632 ex
359 2571 474 2632 Judsers
488 2580 639 2650 sententia,
651 2581 684 2632 nt
693 2575 819 2651 Joseplti,
835 2574 885 2633 lib.
900 2575 920 2634 i.
935 2575 1038 2653 Antiq.
1053 2596 1116 2654 cap.
1131 2579 1159 2652 4,
1176 2583 1205 2636 et
1218 2577 1353 2652 Philonis,

146 2653 184 2714 da
207 2652 393 2730 Gigantibus,
415 2671 503 2731 quam
522 2671 560 2710 ex
581 2651 696 2714 Judaeis
717 2653 835 2731 plurimi
857 2654 1085 2715 Christianorum
1107 2656 1282 2733 hauserunt3
1305 2655 1355 2716 vel

146 2733 212 2799 sola
225 2731 334 2793 Christi
347 2731 520 2791 authoritate
532 2730 708 2792 sufficienter
721 2733 814 2794 refelli
828 2744 958 2812 possunt,
971 2735 1040 2794 dum
1053 2735 1095 2795 ait
1106 2735 1208 2795 beatos
1218 2735 1249 2794 in
1258 2755 1355 2796 resur·

145 2813 276 2874 tochone
289 2811 351 2870 fore
364 2811 525 2888 luminas,
541 2811 593 2888 qui
605 2831 659 2872 nec
673 2831 794 2874 uxorem
808 2813 926 2890 ducunt,
937 2821 1042 2893 'neque
1057 2815 1160 2892 nuptui
1173 2814 1253 2890 dant,
1269 2817 1355 2876 Matt.
1384 2813 1401 2844 ⁸

146 2893 222 2952 xxii.
238 2895 287 2952 30.
329 2890 415 2967 Quod
429 2911 498 2950 vero
513 2911 550 2950 ex
565 2891 640 2950 Gen.
655 2893 695 2950 vi.
710 2897 739 2968 2,
760 2893 869 2970 petitur
882 2893 919 2952 ad
940 2893 1044 2951 erroris
1058 2893 1142 2953 istius
1163 2893 1355 2954 confirmatio·

147 2993 224 3048 nam,
240 2971 277 3031 de
298 2972 382 3030 Filiis
395 2972 461 3048 Dei,
472 2971 523 3048 qai
533 2971 671 3048 cocepuss
685 2972 817 3030 dicuntur
830 2979 935 3032 amores
948 2972 1106 3050 exfiliollus
1120 2973 1268 3047 hominum,
1284 2992 1355 3051 qua·

148 3051 243 3114 lisunn
265 3072 302 3112 ue
315 3051 457 3110 Veterum
477 3050 532 3111 suit
546 3050 697 3125 sententia,
719 3071 807 3128 quam
820 3061 898 3111 recte
919 3050 1054 3110 Perariua
1074 3051 1104 3108 in
1124 3051 1154 3110 h.
1168 3051 1189 3110 l.
1203 3050 1305 3110 falsam
1326 3061 1356 3112 et

148 3132 247 3211 puden
286 3152 315 3190 m
326 3130 448 3208 judicat,
470 3151 528 3190 non
542 3138 638 3208 potest
650 3130 708 3189 huc
728 3130 836 3206 reterri,
858 3130 927 3207 quia
940 3130 1012 3189 Filii
1022 3129 1083 3188 Dei
1094 3148 1129 3188 eo
1149 3129 1213 3188 loco
1227 3149 1286 3188 non
1306 3131 1356 3190 alii

149 3209 663 3367 sltffssmttstt
670 3209 1356 3370 stttttttrttrtttrmr

149 3381 265 3432 uantur.
557 3383 560 3388 '

454 3451 511 3512 VI.
533 3450 606 3512 Cum
627 3472 645 3511 a
657 3451 820 3530 privatione
840 3451 924 3513 totali
937 3450 976 3512 ad
988 3452 1120 3513 habitum
1134 3472 1193 3513 non
1206 3453 1292 3513 detur
1311 3473 1355 3513 re·

150 3505 393 3611 ”uffifflffl'
413 3550 531 3608 gressm
545 3532 722 3607 naturaliter,
733 3533 883 3592 Suscitatio
897 3533 1002 3592 mortui
1010 3553 1083 3611 opus
1097 3533 1230 3612 estquod
1241 3542 1357 3610 superat
1411 3567 1420 3584 ι

413 3610 551 3670 virtutem
573 3611 756 3690 Angelicam,
772 3622 801 3673 et
823 3613 913 3672 solius
934 3612 990 3671 Dei
1030 3613 1157 3690 roprium
1176 3620 1230 3671 est.
1272 3613 1312 3670 Et
1332 3612 1358 3670 si

151 3711 217 3768 quas
238 3687 397 3750 afferuntur
417 3690 552 3768 exempla
572 3710 591 3749 a
611 3691 797 3768 Philostrato,
813 3699 843 3752 st
861 3693 926 3752 aliis
946 3633 1030 3769 apud
1038 3692 1139 3750 Delrio
1151 3690 1204 3748 lib.
1218 3689 1248 3748 ii.
1263 3708 1291 3765 q.
1307 3693 1355 3764 29,

152 3787 254 3828 eortrm
267 3769 317 3846 qui
339 3789 357 3826 a
370 3769 550 3830 daemonibus
564 3771 696 3834 suscitati
716 3769 859 3846 dicuntur,
875 3771 982 3832 sitista
1002 3789 1060 3828 non
1079 3778 1155 3845 sunt,
1170 3768 1287 3828 filerunt
1306 3777 1358 3828 aut

153 3856 268 3925 spectra
281 3847 424 3910 diabolica
438 3850 533 3927 specie
546 3849 695 3908 hominum
709 3848 919 3923 defunctorum,
934 3857 984 3908 aut
1003 3848 1145 3906 cadavera
1157 3847 1358 3906 defunctorum

152 3926 191 3988 ad
206 3935 319 4006 tempus
332 3936 490 4005 gestataet
501 3937 581 3991 mota
601 3947 619 3988 a
640 3928 774 4000 Diabolo,
789 3929 837 3988 vel
850 3928 982 3988 homines
996 3927 1039 3986 illi
1059 3946 1161 3986 revera
1173 3925 1280 3984 mortui
1299 3945 1358 3986 non

152 4016 243 4084 erant,
258 4006 319 4083 sed,
332 4009 417 4085 gravi
430 4008 527 4087 aliqua
541 4027 668 4086 syncope
681 4007 782 4085 pressi,
792 4016 825 4067 ut
838 4007 1000 4085 apoplexis,
1015 4007 1161 4084 hysterioa
1174 4005 1316 4082 passione,
1329 4015 1360 4066 et

152 4087 217 4150 sim,
240 4088 452 4166 symptomatis,
466 4109 519 4166 pro
541 4087 662 4148 mortuis
684 4086 776 4146 habiti
798 4096 873 4163 sunt,
888 4086 938 4146 vel
961 4085 1011 4164 qui
1031 4087 1073 4146 ita
1085 4104 1105 4145 a
1118 4086 1257 4144 Damone
1272 4085 1359 4163 sopiti

152 4175 243 4243 erant,
258 4167 390 4228 cohibito
401 4175 432 4228 et
444 4187 576 4247 represso
590 4187 689 4228 eorum
702 4174 783 4226 motu
797 4175 827 4225 et
841 4185 936 4242 sensu,
951 4173 984 4224 ut
1000 4165 1181 4225 adstantibus
1195 4164 1300 4224 mortui
1315 4165 1359 4223 vi·

152 4245 299 4308 derantur.
341 4247 426 4322 Quod
439 4267 518 4322 vero,
536 4250 551 4306 1
569 4247 647 4309 sam.
662 4245 766 4306 xxviii.
779 4249 826 4321 la,
841 4245 878 4308 ds
891 4247 1021 4305 &maela
1034 4265 1055 4303 a
1067 4246 1160 4323 Mopsi
1173 4244 1294 4304 excitato
1315 4244 1358 4303 di-

153 4325 238 4403 citur,
252 4335 364 4386 certum
378 4335 423 4388 est
437 4347 496 4387 non
509 4327 598 4386 luisse
612 4346 713 4387 verum
736 4325 908 4399 Samuelem,
923 4325 973 4384 vel
985 4324 1110 4384 animam
1132 4325 1205 4402 ejus,
1221 4323 1360 4401 quioquid

155 4405 320 4484 Syr-scidas
335 4426 399 4484 cap.
414 4406 487 4466 xlvi.
501 4409 550 4482 20,
565 4407 644 4468 dicat
657 4406 694 4468 dc
710 4407 843 4468 Samuele
856 4413 1055 4482 postmortem
1070 4405 1278 4483 prophetante;
1303 4405 1361 4464 Sed

152 4495 295 4561 spectum
308 4485 434 4560 Satanoe,
449 4487 518 4564 qnia
531 4487 689 4546 excitatum
709 4485 815 4546 dicitur
836 4485 873 4546 de
893 4492 978 4560 terra,
993 4503 1023 4544 v.
1039 4487 1086 4561 13,
1102 4505 1168 4544 cunr
1190 4483 1362 4544 Sanctorum

154 4564 259 4640 animas
274 4564 377 4624 sintin
391 4565 466 4626 coslo
479 4566 510 4626 in
523 4585 612 4648 manu
626 4567 692 4644 Dei,
706 4585 765 4648 non
779 4567 809 4628 in
823 4573 965 4646 potestate
982 4565 1105 4626 Satanas.
