3158 5190
111 333 223 384 comer.
237 313 289 397 v.]
614 337 654 378 ns
668 336 840 380 sortierunt.
1291 323 1332 380 ts

114 475 187 536 catio
209 474 294 554 epnd
319 475 452 536 Psaltem
475 475 560 536 debet
581 477 718 550 obtinere,
742 497 829 554 quam
851 477 929 557 opud
957 476 1072 536 Isaiem.
1122 481 1150 537 4.
1172 478 1330 540 Versiones

113 556 330 633 antiquissimae
344 556 387 615 ita
401 564 559 635 exponunt,
575 557 679 616 LXX.
694 555 796 634 ὕρνξιι,
812 558 853 618 sio
865 558 1000 634 Arabico,
1018 557 1145 635 Syriaca,
1156 559 1329 636 AEtlriopica.

114 639 142 696 5.
168 634 284 695 Psalmi
307 655 424 714 scopus,
467 637 497 695 ui
517 646 562 696 est
581 656 668 714 agere
690 637 726 696 do
746 638 868 698 oonsilio
888 637 1014 697 hostium
1039 637 1147 698 Christi
1168 637 1245 697 circs
1265 639 1330 716 ejus
1441 691 1445 698 .

114 715 357 792 crucifixionem
380 736 421 793 qu
482 725 562 794 patet
581 737 619 776 ex
633 717 759 776 vestium
779 717 930 794 divisione,
953 727 982 777 et
1002 717 1107 777 tunicas
1130 718 1279 778 sortitione
1299 727 1330 777 et

113 797 181 854 sim.
225 795 301 870 Quis
323 815 395 854 vero
419 795 519 855 credet
544 794 575 854 id
595 795 674 874 quod
701 797 877 875 praecipuum
898 805 968 873 erat
991 806 1021 857 et
1042 805 1210 856 ceterorum
1232 807 1327 875 caput,

114 875 236 934 silentio
249 875 342 934 fixisse
358 876 606 952 pretermissum?
646 878 675 936 6.
698 877 793 936 Son'es
806 877 961 936 verborum
981 877 1036 936 hoc
1056 878 1200 955 postulst3
1222 877 1330 936 namsi

113 956 254 1033 legumus
269 955 345 1014 sicut
355 955 425 1030 leo,
440 955 537 1014 hiulca
546 956 602 1014 erit
611 955 712 1032 oratio,
727 965 757 1016 et
770 957 868 1016 nullus
879 957 943 1034 ejus
954 975 1073 1032 sensus;
1095 977 1195 1018 manus
1205 967 1232 1016 et
1239 959 1328 1034 pedes

113 1055 194 1094 meos
214 1036 289 1094 siccat
308 1037 388 1107 Lco;
409 1043 522 1112 oportet
543 1055 612 1111 ergo
633 1043 666 1094 ut
686 1035 723 1095 sit
743 1035 862 1114 aliquod
875 1037 996 1096 verbum
1016 1031 1165 1114 periodum
1180 1036 1330 1114 claudens,

112 1114 199 1196 quod
213 1135 273 1172 non
289 1123 384 1192 potest
398 1113 478 1174 eliud
489 1134 552 1172 osso
563 1135 649 1192 quam
667 1134 713 1192 rs,
721 1118 868 1193 foderunt,
877 1135 936 1193 quo
951 1117 1069 1194 respicit
1083 1116 1162 1176 aliud
1173 1116 1328 1176 Orooulum

114 1194 230 1255 zecha
245 1193 298 1252 xii.
314 1195 360 1269 10,
375 1194 506 1253 ridebunt
524 1215 605 1272 quem
626 1199 837 1276 tramfixmunt.
879 1199 906 1254 l.
929 1196 1068 1270 Quemvis
1082 1195 1216 1256 daremm
1231 1197 1328 1256 locum

111 1277 209 1336 fuisse
224 1281 391 1351 corruptum
406 1293 424 1332 a
437 1274 560 1350 Iudaeis,
575 1295 634 1332 non
645 1285 813 1355 sequoretur
826 1275 1036 1354 corruptionem
1048 1295 1110 1335 esse
1125 1276 1326 1352 universalem,

112 1358 190 1434 quia
204 1353 381 1412 Mesorome
396 1362 540 1414 testantur
553 1373 584 1412 se
598 1355 628 1412 in
640 1357 794 1416 (lodicibus
808 1355 1019 1434 probatioribus
1030 1356 1168 1433 scriptum
1182 1357 1328 1416 invenisse

113 1457 182 1508 m,
207 1433 327 1492 blasora
346 1434 516 1511 marginalis
536 1433 574 1492 sd
595 1435 681 1494 Num.
703 1436 785 1494 xxiv.
809 1437 837 1494 9.
893 1435 933 1494 Et
953 1437 1044 1494 Jacob
1067 1437 1244 1495 Bet-Haiim
1268 1437 1327 1495 col-

112 1515 213 1573 lector
227 1512 322 1589 operis
342 1513 530 1573 Mssorethici
543 1513 650 1575 Veneti
670 1517 700 1574 in
714 1515 887 1594 quibusdam
901 1515 1114 1592 exemplaribus
1128 1517 1263 1576 correctis
1284 1516 1327 1574 in-

115 1592 203 1654 venit
216 1591 365 1669 scriptum,
381 1592 492 1652 scilicet
509 1593 539 1650 in
558 1601 650 1669 textu,
660 1613 722 1672 roo,
737 1596 844 1654 lectum
857 1615 935 1670 vero,
951 1594 991 1654 id.
1007 1595 1038 1653 in
1053 1596 1183 1673 margine
1196 1604 1327 1656 notatum

115 1695 184 1745 ηο,
199 1673 270 1730 Jot.
285 1673 405 1730 Isaacur
423 1691 461 1730 ex
477 1672 583 1732 Judsoo
598 1674 779 1734 Christianus
796 1674 890 1734 facture
909 1683 1009 1734 contra
1023 1674 1187 1734 Lindanum
1204 1683 1329 1735 testetur

116 1751 148 1810 in
165 1752 312 1810 Psslterio
326 1752 374 1810 evi
389 1751 434 1811 sui
448 1771 479 1810 so
492 1751 569 1811 idem
583 1753 732 1830 reperisse,
747 1754 826 1832 quod
839 1753 990 1814 confirmat
1002 1755 1112 1831 Capito.
1124 1755 1219 1815 Instit.
1235 1756 1327 1814 chr.

116 1831 149 1889 li.
171 1832 192 1889 i.
214 1851 279 1909 cap.
297 1833 344 1890 10.
386 1831 448 1890 Nee
469 1831 583 1890 diffiteri
603 1843 725 1911 possunt
747 1834 899 1906 Pontificii,
922 1853 988 1894 cum
1002 1833 1099 1893 Biblia
1113 1834 1329 1912 Complutensis

117 1912 160 1969 its
174 1911 286 1989 legant,
301 1919 331 1970 ot
345 1911 550 1970 Genebrordus
563 1912 652 1971 variis
666 1912 839 1972 testimoniis
852 1912 1023 1972 Judsoorum
1042 1913 1145 1990 probet
1160 1914 1202 1973 ita
1221 1915 1328 1973 lectum

117 1991 221 2050 fnisse.

160 2070 278 2129 XXII.
301 2069 414 2130 tSem.
439 2069 522 2130 xxiv.
537 2075 585 2146 24,
610 2071 708 2130 David
732 2071 838 2131 dicitur
859 2071 963 2131 emisse
985 2071 1022 2130 sb
1036 2070 1159 2130 Arouna
1180 2091 1275 2130 arcam
1299 2080 1329 2132 et

117 2151 213 2209 boves
238 2149 319 2208 siclis
332 2149 543 2227 quinquaginta
566 2151 689 2229 argenti.
730 2151 775 2210 At
799 2151 955 2228 lPeralip.
970 2151 1032 2210 xxi.
1047 2153 1095 2226 25,
1114 2150 1249 2210 siclorum
1266 2153 1329 2210 euri

118 2239 326 2290 sexcentorum
336 2229 370 2288 fit
382 2230 508 2289 mentio:
530 2231 700 2290 conciliatio
714 2231 808 2290 facilis
821 2240 866 2290 est
880 2251 917 2290 ex
931 2231 1050 2290 matoria
1064 2231 1234 2309 emptionis;
1249 2231 1330 2292 dedit
1446 2295 1449 2303 ,

119 2312 159 2368 50
174 2309 264 2368 siclos
277 2329 330 2386 pro
345 2329 379 2367 os
412 2317 473 2368 arte
487 2329 561 2369 arses
578 2310 608 2369 in
622 2331 680 2386 qua
694 2311 783 2370 eltaro
803 2311 896 2388 primo
910 2310 1081 2388 aedificavit3
1104 2311 1155 2371 sed
1175 2320 1328 2389 postquam

119 2409 158 2448 err
172 2390 243 2466 igno
258 2388 373 2448 coelitus
386 2329 505 2466 delapso
519 2390 657 2468 cognovit
671 2391 766 2450 locum
788 2411 853 2449 csse
866 2411 952 2468 quem
967 2391 1047 2450 Dsus
1068 2392 1106 2450 od
1130 2391 1328 2452 edificandam

119 2469 241 2528 domurn
255 2467 417 2546 selegerst;
437 2470 499 2545 jem
512 2471 622 2548 exigua
635 2469 686 2529 ills
699 2490 767 2529 ereo
786 2490 844 2529 nou
867 2479 1028 2548 contentus,
1043 2471 1211 2531 universum
1225 2492 1327 2550 agrurn

119 2557 150 2608 et
164 2557 294 2608 montem
308 2548 378 2607 emit
392 2551 452 2609 600
466 2548 553 2608 siclis.

163 2628 297 2686 XXIII.
319 2627 442 2703 Ibidem,
457 2647 534 2688 vers.
558 2631 605 2703 13,
629 2637 828 2706 proponuntur
849 2649 866 2688 e
888 2630 972 2690 Gade
996 2631 1103 2690 Davidi
1125 2639 1235 2709 septem
1259 2631 1328 2692 enni

120 2708 208 2766 lamis
230 2707 261 2765 in
282 2727 397 2785 poenom
419 2727 438 2766 a
455 2707 518 2767 Deo
540 2707 745 2786 infligendam:
767 2709 810 2769 At
834 2712 848 2767 1
866 2710 990 2787 Paralip.
1011 2711 1074 2769 xxi.
1091 2715 1137 2786 12,
1159 2711 1193 2770 fit
1214 2720 1327 2771 tentum

119 2787 231 2846 mentio
246 2788 343 2846 bium.
387 2787 446 2846 Sed
459 2787 515 2847 ista
528 2787 606 2846 facili
620 2790 737 2866 negotio
751 2789 947 2864 conciliantur,
964 2790 989 2849 si
1003 2788 1200 2865 dieamus,ch
1215 2791 1328 2850 Gadem

120 2867 215 2945 primo
243 2867 428 2944 proposuisse
452 2867 641 2944 septennium,
665 2869 744 2945 quod
770 2877 872 2946 postea
898 2871 1115 2929 cohorresconte
1139 2869 1261 2946 Davide,
1291 2871 1328 2930 sd

119 2965 224 3024 preoes
239 2945 333 3006 Gadis
351 2945 414 3004 sive
430 2947 553 3005 Doridis
575 2947 613 3006 sd
634 2957 693 3007 tres
715 2967 807 3007 annos
829 2947 978 3007 reductum
999 2948 1093 3024 literit,
1108 2956 1142 3007 ut
1156 2949 1230 3007 Gen.
1246 2950 1328 3024 xviii,

120 3046 261 3086 numerus
276 3029 316 3084 50
333 3027 478 3104 justorum
492 3027 633 3104 rodIgitur
646 3027 684 3087 ad
703 3027 819 3102 dccem;
841 3027 899 3086 Vol
921 3027 951 3085 in
972 3046 1093 3086 numero
1107 3028 1276 3104 septenario,
1293 3027 1329 3087 ds

119 3126 181 3184 quo
194 3106 257 3182 agit
275 3105 350 3165 liber
365 3106 516 3181 Samuelis,
537 3106 646 3165 includi
669 3115 727 3167 tres
749 3125 840 3166 annos
860 3106 953 3180 fomis,
969 3107 1020 3183 qui
1039 3106 1102 3183 jam
1122 3105 1328 3183 preterierant,

120 3206 189 3264 ques
210 3185 348 3264 imposito
368 3185 423 3244 fuit
445 3195 561 3263 propter
575 3186 754 3260 Gibeonitss,
770 3185 807 3243 de
821 3205 887 3263 qua,
911 3189 929 3244 2
946 3186 1023 3244 Sam.
1038 3185 1101 3244 xxi.
1117 3187 1143 3260 l,
1166 3203 1232 3244 curn
1253 3205 1330 3246 enno

119 3265 256 3341 labente;
279 3264 375 3324 sedin
393 3265 444 3324 lib.
460 3265 576 3325 Chroni.
599 3266 774 3325 mentionem
795 3273 907 3325 tantum
928 3264 990 3324 fiori
1010 3264 1097 3324 trium
1114 3285 1263 3342 annorum,
1278 3267 1330 3344 qui

121 3345 240 3404 venturi
254 3353 354 3403 erent:
376 3343 418 3403 sic
432 3345 560 3404 sentiunt
574 3346 695 3420 Kimcbi,
710 3347 836 3421 martyr,
852 3345 966 3404 Junios.

163 3423 292 3482 XXIV.
313 3423 422 3502 2Reg.
437 3424 520 3485 xxiv.
535 3427 563 3500 8,
578 3425 714 3486 Joechim
735 3424 842 3484 dicitur
863 3444 984 3502 regnum
1007 3423 1112 3484 adiisse
1126 3445 1329 3502 quumannos

126 3509 163 3564 18
178 3513 266 3562 natus
280 3511 366 3562 esset.
410 3503 452 3564 At
467 3508 484 3562 2
500 3504 586 3563 Chro.
602 3505 705 3563 xxxvi.
721 3507 748 3580 9,
765 3503 871 3563 dicitur
889 3513 975 3563 natus
993 3513 1105 3564 tantum
1119 3513 1194 3564 octo.
1236 3505 1328 3564 Nimi-

122 3603 187 3643 rum
202 3603 281 3642 enno
294 3590 399 3642 octavo
413 3603 533 3661 regnare
547 3584 635 3661 eoepit
648 3603 714 3642 curn
730 3584 824 3660 Patro,
839 3593 925 3662 prout
946 3584 1056 3644 ferebet
1075 3605 1150 3662 saepo
1165 3586 1280 3662 Regum
1294 3605 1329 3644 eo

122 3671 253 3740 tempore
267 3661 455 3739 consuetudo,
471 3671 503 3722 ut
516 3672 613 3740 patres
626 3663 703 3722 filios
719 3663 776 3722 sibi
795 3664 826 3722 iu
846 3663 929 3742 regni
952 3664 1117 3724 societatem
1140 3673 1328 3740 assumerent,

122 3752 157 3803 ut
174 3743 237 3819 jam
258 3741 322 3801 desi
383 3751 461 3802 retur
484 3749 514 3802 et
534 3751 739 3820 agnosceretur
760 3743 908 3820 legitimus
935 3743 1017 3820 regni
1044 3743 1153 3818 hssres;
1183 3741 1227 3801 At
1253 3763 1329 3801 anno

123 3822 240 3880 demum
256 3823 303 3895 18,
340 3821 456 3880 efuncto
476 3831 594 3899 parente
616 3842 738 3900 regnare
758 3824 854 3900 coepit.
898 3824 947 3882 Sic
965 3823 1118 3899 Wolplsius,
1137 3823 1276 3896 Sanctius,
1300 3829 1330 3883 et

123 3901 173 3959 elii
194 3909 263 3980 post
277 3901 446 3961 Kimcbium
469 3901 632 3961 conciliant.
674 3903 832 3961 Aborbencl
845 3904 909 3962 vult
922 3905 1016 3962 decem
1029 3903 1096 3975 dics,
1111 3900 1162 3978 qui
1184 3899 1330 3958 adduntur

123 3982 153 4038 in
166 3980 217 4039 lib.
227 3980 335 4039 Chron.
351 3981 427 4040 sumi
440 4000 492 4058 pro
506 3983 599 4040 decem
612 3983 702 4056 anab,
718 3991 751 4041 ut
764 4001 822 4040 non
836 4001 901 4040 raro
915 3981 993 4054 alibi,
1009 3980 1087 4058 quod
1101 3999 1136 4038 co
1144 3978 1330 4037 verisimilius

124 4067 213 4138 putet,
229 4060 299 4138 quia
312 4059 386 4119 alios
400 4078 458 4117 non
472 4061 689 4120 commemorari
703 4061 797 4120 solent
810 4060 873 4120 dies
887 4059 993 4136 quibus
1008 4059 1105 4136 Reges
1123 4066 1254 4134 regnant,
1279 4057 1331 4120 sed

123 4149 233 4199 teritum
247 4139 318 4198 anni
332 4138 381 4197 vel
394 4158 518 4198 menses.
1324 4175 1327 4190 ι

163 4219 271 4278 XXV.
294 4218 379 4277 Licet
392 4217 468 4276 varii
480 4217 589 4278 nodum
602 4218 786 4278 insolubilem
801 4239 865 4278 esse
885 4223 988 4295 putent
1006 4214 1082 4275 inter
1101 4220 1119 4274 2
1136 4215 1241 4276 Chron.
1257 4217 1329 4278 xxii.

3 4327 5 4352 t
124 4303 151 4374 2,
165 4308 194 4359 st
215 4299 327 4376 ssRog.
342 4297 405 4356 viii.
420 4301 469 4372 26,
484 4299 534 4357 ubi
555 4299 657 4358 Joram
679 4307 762 4376 pater
782 4297 919 4358 Achsziae
940 4293 1045 4355 dicitur
1066 4296 1187 4374 coepisse
1210 4316 1331 4374 regnare

123 4398 196 4438 enno
210 4377 361 4438 tricesimo
376 4376 504 4436 seormdo
518 4378 620 4455 etatis,
635 4382 654 4436 2
669 4379 776 4438 Chron.
791 4378 853 4436 xxi.
869 4378 897 4454 5,
912 4385 942 4436 et
962 4395 1098 4454 regnasse
1112 4385 1177 4436 octo
1191 4377 1283 4452 annis,
1299 4387 1332 4439 ut

124 4459 160 4518 sit
175 4467 311 4518 mortuus
328 4477 406 4516 anno
421 4459 461 4515 40
475 4457 569 4516 cototis
582 4477 611 4515 v.
626 4461 675 4518 20.
717 4456 864 4515 Acbaziss
877 4477 947 4515 voro
969 4457 1082 4533 dicitur,
1104 4477 1129 4515 c.
1145 4461 1193 4532 22,
1209 4457 1331 4534 coepisse

123 4559 241 4616 regnare
258 4557 307 4596 an.
330 4541 379 4612 42,
401 4544 490 4613 etque
511 4537 552 4595 ita
573 4537 651 4596 filius
674 4536 788 4598 duobus
810 4535 894 4594 annis
914 4536 1058 4614 antiquior
1075 4544 1155 4615 petre
1177 4535 1331 4596 videretur.

124 4617 234 4679 Rursus
257 4617 289 4676 in
312 4616 389 4676 libro
413 4616 528 4694 Regum
550 4616 656 4677 dicitur
678 4615 801 4695 coepisse
821 4620 1077 4692 regeremur,
1100 4635 1158 4674 non
1175 4619 1223 4676 42.
1265 4615 1333 4676 Non
