3158 5190
227 331 266 388 84
693 343 784 386 nocua
798 341 957 386 sucusnns.
1242 319 1368 404 [auasr.
1383 339 1436 384 vr.
1562 312 1565 333 ¹

230 485 305 544 Nam
321 483 445 562 Spiritus
458 482 508 559 qui
529 489 651 542 testatur
670 481 700 541 in
722 482 807 542 nobis
821 482 857 541 de
872 481 1031 541 Divinitate
1047 479 1209 558 Scriptura,
1233 499 1293 540 non
1306 489 1352 540 est
1364 499 1438 557 pm·

229 565 309 642 prius
332 563 510 639 singulorum
532 561 643 620 ratione
666 561 799 639 principii
821 569 851 619 et
872 559 1001 636 originis,
1024 558 1093 635 quia
1116 559 1278 618 communis
1305 566 1350 618 cst
1376 560 1440 618 toti

231 641 378 714 Ecclesia,
394 649 423 698 et
437 641 570 698 omnibus
583 639 717 700 fidelibus
732 638 882 716 inquibus
896 638 1017 698 eandem
1031 637 1118 696 fidem
1132 637 1301 714 ingenerat;
1324 639 1379 696 etsi
1393 639 1440 696 sit

229 721 296 780 talis
310 719 470 796 subjective
484 719 594 778 ratione
609 719 750 798 cujusque
763 717 914 793 individui,
929 717 998 794 quia
1011 717 1133 793 singulis
1147 715 1282 776 fidelibus
1296 715 1438 793 privatim

229 799 323 858 datur.

270 875 360 935 XVI.
383 875 466 935 Licet
484 877 613 935 Ecclesia
633 876 672 935 ait
691 874 834 952 antiquior
847 874 998 950 Scriptura
1013 874 1179 948 formaliter
1201 871 1384 943 considerata
1403 881 1439 930 et

229 954 325 1032 quoad
338 954 455 1014 modum
470 955 651 1032 scriptionis:
672 973 731 1012 uon
744 959 841 1012 tamen
861 953 929 1011 talis
942 951 1000 1010 dici
1013 961 1109 1029 potest
1128 961 1260 1028 respectu
1275 951 1438 1026 Scripturae

229 1033 415 1094 materialiter
436 1041 571 1110 spectata
594 1041 623 1091 et
641 1032 737 1108 quoad
759 1031 952 1091 substantiam
971 1031 1126 1106 doetrinae;
1148 1031 1216 1107 quia
1230 1030 1362 1088 Verbum
1378 1029 1439 1087 Dei

231 1111 377 1189 antiquius
391 1111 446 1170 fuit
458 1113 522 1189 ipsa
537 1111 676 1186 Ecclesia,
693 1119 791 1188 utpote
806 1112 870 1186 ejus
883 1109 1101 1170 fundamentum
1122 1119 1151 1168 et
1171 1129 1278 1168 semen.
1321 1112 1352 1166 2.
1367 1108 1437 1165 lion

250 1191 368 1250 uaeritur
389 1190 426 1249 de
453 1191 618 1250 testimonio
641 1189 779 1248 Ecclesia
793 1189 910 1248 Veteris
934 1187 1164 1248 Patriarchnrum
1191 1207 1256 1263 quae
1283 1185 1340 1246 fuit
1366 1195 1437 1245 ante

231 1211 417 1346 Scriptum,
433 1269 485 1328 sed
497 1268 643 1328 hodierna
658 1287 722 1346 qua
735 1269 799 1344 ipsa
811 1268 898 1344 longe
912 1267 1054 1326 recentior
1067 1275 1120 1326 ast.

272 1348 380 1406 XVII.
402 1348 485 1406 Licet
498 1346 599 1407 fideles
614 1347 739 1424 Spiritus
754 1347 784 1406 S.
799 1346 964 1405 testimonio
984 1346 1210 1422 persuadeantur
1223 1343 1259 1402 de
1276 1343 1437 1420 Scripturas

232 1427 409 1502 Divinitate;
431 1445 490 1484 uon
503 1426 633 1504 sequitur
647 1433 743 1484 tamen
756 1443 855 1484 omnes
869 1426 919 1502 qui
942 1424 1080 1502 Spiritum
1094 1425 1176 1484 illum
1189 1423 1297 1482 habent
1312 1440 1434 1480 consen-

231 1506 285 1564 tire
299 1504 403 1563 debere
418 1505 448 1563 in
462 1504 585 1580 singulis
598 1505 681 1562 libris
694 1503 801 1581 pariter
814 1502 1010 1581 accipiendis:
1029 1504 1099 1579 quia
1118 1511 1151 1562 ut
1171 1521 1229 1562 nen
1242 1501 1328 1560 datur
1342 1501 1436 1558 omni·

230 1584 287 1644 bus
308 1584 412 1659 aequali
433 1603 575 1658 mensura,
596 1583 637 1640 ita
658 1602 711 1641 nec
734 1600 833 1640 omnes
853 1583 959 1658 aequali
981 1582 1154 1658 cognitionis
1175 1581 1240 1640 luae
1262 1589 1323 1638 tam
1337 1579 1437 1655 quoad

230 1661 404 1741 principium
426 1661 597 1738 Religionis,
615 1680 701 1738 quam
724 1659 820 1738 quoad
843 1662 908 1737 ejus
929 1661 1066 1738 dogmate
1086 1659 1240 1736 perfundit,
1256 1659 1305 1716 vel
1328 1658 1435 1733 aequali

231 1739 359 1799 efficacia
381 1740 419 1798 ad
442 1758 591 1799 assensum
614 1747 782 1816 permovet:
814 1738 894 1798 Hinc
918 1739 1034 1816 quidam
1059 1738 1254 1798 Protestantes
1277 1745 1437 1814 potuerunt

232 1817 365 1881 dubitare
386 1817 422 1877 de
443 1838 502 1878 uno
516 1819 564 1877 vel
586 1817 676 1878 altero
697 1817 773 1877 libro
796 1817 951 1892 canonico,
967 1817 1036 1894 quia
1056 1816 1184 1877 nondum
1206 1817 1277 1875 satis
1298 1815 1436 1874 illustrati

232 1905 314 1958 erant
327 1898 435 1958 lumine
449 1897 574 1975 Spiritus
590 1896 697 1956 Sancti.
1059 1939 1063 1948 .

274 1975 399 2036 XVIII.
421 1977 487 2036 Non
501 1995 618 2036 necesse
632 1985 677 2036 est
694 1995 813 2052 semper,
829 1982 863 2034 ut
875 1973 1014 2052 quicquid
1034 1973 1172 2052 probatur
1193 1981 1250 2050 per'
1266 1969 1347 2031 aliud
1368 1991 1436 2049 pro-

232 2056 326 2116 betur.
367 2055 506 2130 Quadam
528 2055 605 2114 enim
628 2062 697 2112 sunt
719 2063 787 2114 nota
810 2053 920 2131 seipsis,
940 2053 1029 2130 juxta
1043 2053 1242 2128 Philosophos,
1265 2059 1299 2111 ut
1323 2069 1438 2110 summa

232 2153 329 2194 rerum
350 2154 458 2212 genera
472 2142 502 2192 et
515 2135 624 2192 ultimae
639 2132 807 2191 differentia
824 2141 853 2190 et
874 2133 968 2210 prima
987 2131 1135 2209 principia,
1151 2151 1215 2207 quse
1237 2129 1354 2188 aliunde
1375 2149 1439 2188 non

232 2221 354 2292 possunt
368 2213 557 2272 demonstrari
571 2212 623 2271 aad
637 2230 690 2270 sua
710 2211 775 2270 luce
788 2219 896 2287 patent,
912 2219 942 2270 et
963 2218 1099 2287 tanquam
1122 2218 1201 2268 certa
1221 2217 1250 2268 et
1272 2209 1439 2269 indubitata

234 2299 450 2370 supponuntur;
472 2298 502 2348 et
524 2289 628 2365 siquis
649 2307 684 2348 ea
697 2287 769 2348 forte
783 2289 941 2365 negaverit,
956 2308 1015 2347 non
1029 2288 1206 2366 argumentis
1219 2287 1439 2346 conveniendus

234 2378 287 2442 est,
303 2366 354 2427 sed
368 2368 406 2426 ad
419 2375 541 2444 agnatos
554 2366 727 2443 relegandus
741 2375 792 2425 aut
805 2367 954 2444 suppliciis
968 2367 1149 2442 codrcendus,
1165 2365 1261 2443 utqui
1275 2374 1351 2426 teste
1365 2365 1436 2424 Phi-

233 2447 364 2523 losopho,
379 2445 428 2503 vel
450 2464 537 2504 sensu
556 2445 604 2504 vel
626 2463 712 2522 paena
733 2444 871 2522 indigeat.
914 2445 963 2504 Sic
984 2445 1106 2506 Posteri.
1127 2445 1249 2521 Analyt
1268 2445 1290 2504 l.
1304 2445 1324 2504 i.
1346 2447 1437 2518 c.10,

234 2525 305 2584 dicit
318 2523 451 2600 quaedam
465 2521 623 2582 Arriomata
636 2543 709 2597 esse,
723 2543 789 2599 quae
802 2523 932 2584 veritatis
946 2543 1061 2584 causam
1075 2531 1224 2584 externam
1238 2543 1296 2582 non
1309 2524 1437 2597 habent;

233 2601 246 2661 'o’
260 2604 357 2674 ὶιιίγκη
370 2607 427 2661 tiras
440 2599 470 2661 δι’
478 2605 539 2661 ariri
552 2607 597 2661 ul
611 2599 685 2661 dantis
698 2602 805 2679 a'raiyxa,
820 2605 897 2678 quod
908 2623 1015 2664 78888888
1028 2613 1069 2664 eat
1075 2623 1167 2680 pme
1175 2624 1232 2664 8888
1240 2603 1367 2662 θίνίᾶθή
1373 2605 1438 2676 lale,

233 2682 331 2757 idest,
347 2680 426 2758 quod
439 2700 497 2741 non
511 2681 596 2740 modo
619 2690 664 2740 est
685 2682 843 2748 adriaco-m,
858 2701 959 2742 verum
980 2683 1124 2742 anemine
1138 2682 1213 2741 aerio
1226 2682 1329 2758 negari
1342 2690 1440 2760 potest

234 2761 285 2838 qui
298 2760 384 2819 modo
398 2761 437 2820 sit
451 2760 571 2820 rationis
580 2779 707 2837 compos.
735 2761 808 2821 Cum
822 2781 892 2838 ergo
903 2761 1051 2840 Scriptura
1064 2762 1102 2822 sit
1114 2761 1238 2839 primum
1248 2761 1438 2838 Principium,

235 2847 265 2900 et
277 2839 370 2917 prima
383 2847 413 2898 et
427 2837 593 2898 Iniallibilis
607 2839 734 2914 Veritas,
748 2839 820 2917 quid
832 2840 937 2901 mirum
959 2839 984 2899 si
1005 2860 1057 2918 per
1079 2859 1109 2901 se
1122 2840 1215 2917 ipsam
1228 2840 1345 2916 probari
1360 2839 1437 2898 dica·
1564 2876 1567 2889 ·

234 2921 304 2978 tur?
344 2922 372 2977 2.
396 2917 543 2996 Scriptura
556 2926 651 2995 potest
665 2937 696 2977 sc
710 2919 802 2996 ipsam
815 2919 953 2998 probare3
975 2919 1023 2978 vel
1037 2939 1103 2996 pars
1117 2939 1155 2978 ex
1168 2928 1259 2996 parte,
1274 2938 1366 2995 quum
1380 2938 1440 2978 non
1563 2960 1567 2979 ι

235 3015 335 3058 amnes
348 2997 455 3075 pariter
468 2997 498 3055 in
512 2997 632 3056 dubium
646 3006 794 3074 vocantur,
809 3006 843 3058 ut
856 3017 945 3075 quum
958 2997 1080 3058 Judaeos
1102 2998 1301 3056 convincimus
1323 3017 1364 3056 ex
1379 2997 1437 3058 Vc·

234 3076 291 3138 teri
304 3075 506 3153 Testament0;
527 3077 576 3134 vel
589 3084 652 3136 tota
665 3096 704 3135 ex
716 3084 786 3151 tota,
802 3095 861 3135 non
882 3083 1052 3154 argumento
1074 3075 1247 3136 inartificiali
1268 3077 1438 3150 testimonii,
1562 3064 1567 3133 ι’

234 3157 304 3292 puis
317 3154 445 3214 divinam
460 3153 591 3247 sedicit3
614 3153 666 3247 sed
679 3155 821 3247 artificiali
835 3164 865 3214 et
878 3155 1087 3248 ratiocinativa,
1102 3155 1171 3232 quia
1184 3156 1216 3214 in
1229 3174 1264 3214 ea
1277 3154 1438 3246 deprehen·
1563 3148 1566 3187 ²

256 3243 342 3292 untur
355 3241 430 3292 notae
445 3233 631 3310 divinaequae
644 3253 674 3291 m
687 3233 837 3294 hommum
858 3242 964 3311 scrrpta
977 3253 1036 3292 non
1050 3233 1165 3293 cadunt.
1208 3233 1280 3292 Ideo
1294 3253 1350 3292 nec
1364 3241 1438 3310 petr·

234 3319 282 3370 lus
294 3311 474 3387 Pfinelpium,
490 3312 558 3386 quia
572 3311 693 3370 Critcria
706 3313 763 3384 ista
783 3319 851 3371 sunt
864 3311 975 3389 aliquid
988 3312 1255 3372 contradistinctnm
1272 3311 1438 3388 Scriptura,
1563 3300 1566 3351 ἱ

235 3389 332 3446 sinon
345 3387 531 3446 materialiter
544 3397 575 3446 at
588 3388 754 3463 formaliter,
769 3399 802 3448 ut
824 3390 961 3466 adjuncta
983 3399 1013 3450 et
1033 3391 1222 3468 proprietates
1236 3409 1300 3467 quae
1319 3389 1438 3450 demon-

235 3473 363 3524 strantur
384 3463 420 3522 de
443 3464 592 3542 subjecto:
615 3467 676 3524 Nec
698 3466 775 3525 idem
796 3486 942 3544 peraeque
964 3469 1096 3544 ignotum
1118 3469 1263 3546 probatur,
1279 3469 1349 3545 quia
1371 3477 1440 3528 sunt

234 3543 347 3602 notiora
361 3541 458 3614 noem
478 3553 511 3602 ut
524 3543 598 3602 bene
612 3562 728 3602 causam
749 3544 786 3603 ab
806 3543 925 3620 effectis,
940 3554 970 3606 et
992 3548 1154 3624 subjectum
1174 3569 1192 3605 a
1212 3548 1438 3626 proprietatibus

234 3620 296 3681 suis
317 3620 555 3680 demonstramus.
597 3623 625 3682 3.
648 3619 862 3699 Argumentum
880 3623 1105 3701 Pontificiorum,
1120 3626 1198 3702 quod
1217 3626 1366 3702 Scriptura
1387 3646 1441 3703 per

234 3697 948 3840 trattati‘martirizata
968 3703 1095 3780 ΨΜ
1116 3704 1212 3782 ⁸⁶³¹*
1232 3701 1323 3780 ΜΞ
1345 3705 1439 3764 ”V

275 3856 370 3916 XIX.
393 3797 490 3934 Siqqui
503 3796 571 3916 siit
584 3857 635 3934 qui
648 3876 706 3916 non
720 3868 881 3950 agnoscunt
897 3859 1052 3938 Scripturas
1067 3860 1274 3935 Divinitatem;
1297 3880 1356 3918 nou
1371 3861 1438 3919 inde

234 3936 371 4014 estquod
385 3936 531 4014 objectum
544 3955 596 4014 per
610 3955 641 3995 se
655 3955 713 3995 non
727 3945 765 3997 art
786 3946 888 3998 notum
901 3939 950 3998 vel
971 3939 1175 4015 cognoscibile,
1192 3939 1243 3999 sed
1257 3940 1325 4015 quia
1347 3939 1437 3998 lacul-

233 4022 293 4074 tate
316 4015 391 4073 bene
414 4014 555 4093 disposita
575 4014 788 4092 destituuntur;
818 4017 924 4093 quibus
946 4017 1140 4094 Evangelium
1162 4026 1270 4078 tectum
1292 4026 1345 4091 ast,
1370 4018 1440 4094 quia

235 4092 325 4156 Satan
339 4094 501 4154 excoecavit
514 4093 614 4153 oculos
628 4113 734 4168 eorum,
750 4097 769 4154 2
785 4093 849 4154 Cor.
865 4093 904 4154 iv.
919 4097 947 4170 4,
963 4097 1060 4172 utqui
1075 4097 1169 4155 Deum
1190 4103 1305 4173 negant,
1321 4096 1372 4172 qui
1394 4105 1440 4154 est

232 4173 359 4240 maxime
383 4171 583 4252 intelligibilis,
600 4171 668 4250 quia
690 4181 786 4233 mente
809 4174 887 4250 capti
908 4183 985 4249 aunt,
1001 4175 1051 4234 vel
1067 4175 1117 4252 qui
1141 4175 1238 4234 Solem
1260 4193 1318 4232 non
1335 4173 1440 4233 vidant

233 4251 302 4326 quia
315 4251 384 4314 cnaei
398 4260 482 4328 sunt;
504 4259 537 4310 ut
550 4251 628 4329 apud
643 4250 781 4311 Senecam
795 4253 899 4312 mulier
912 4252 963 4312 illa
976 4271 1040 4330 quse
1061 4253 1153 4314 oculis
1167 4262 1251 4331 capta
1266 4252 1364 4312 Solem
1378 4272 1438 4310 non

233 4327 339 4384 exoriri
354 4329 560 4405 quiritabatnr;
583 4329 673 4388 nihilo
687 4338 784 4389 tamen
797 4329 893 4390 minus
915 4331 966 4390 Sol
988 4331 1083 4400 radios
1105 4351 1219 4410 semper
1232 4330 1346 4406 emittit,
1361 4349 1439 4406 quos

212 4415 214 4420 ’
232 4421 284 4480 per
298 4423 329 4461 se
343 4416 482 4482 usurpant
494 4409 545 4484 qui
559 4409 657 4468 valent
671 4408 771 4476 oculis.

246 4545 248 4552 ¹
274 4480 352 4539 XX.
374 4481 466 4543 Aliud
484 4495 529 4545 est
542 4487 698 4562 Scriptura
714 4487 857 4548 Cononem
879 4489 1036 4548 racemo
1049 4497 1078 4552 et
1098 4487 1253 4562 declarare,
1269 4485 1361 4545 Aliud
1378 4487 1437 4546 Oo-

233 4577 332 4618 nonom
352 4560 441 4642 aarum
463 4564 627 4642 constituere
648 4573 675 4624 ct
695 4567 879 4640 authenticum
894 4569 1004 4642 socero.
1055 4567 1185 4636 Ecclesia
1212 4565 1355 4646 posterius
1377 4585 1438 4632 nnn
