3160 5194
242 351 279 408 12
736 359 827 404 cocus
841 359 959 402 arruns.
1256 337 1386 421 [cumen.
1402 359 1448 404 rr.

1212 434 1220 456 1

237 508 386 569 Posterius
399 513 476 567 recte
490 503 595 564 dicitur
608 503 644 563 de
658 503 803 564 Gentibus
817 502 884 562 Act
900 501 970 560 xvii.
986 503 1034 576 26,
1049 503 1097 578 27,
1113 499 1164 560 sed
1178 520 1236 560 non
1250 501 1340 580 prius.
1383 503 1450 562 Nec

236 590 261 648 si
275 589 346 648 alibi
358 589 388 646 in
404 586 552 664 Scriptura
564 589 591 644 τὶ
606 604 733 661 φιωνονε
746 585 841 642 Deum
854 581 998 660 significat
1011 581 1049 640 ad
1062 581 1148 640 fidem
1165 582 1230 660 ejus
1244 583 1402 660 condirgere
1415 593 1450 642 ct

236 669 337 746 grstiae
350 668 414 745 ejus
428 666 592 744 praesidium
606 673 750 742 expetere,
768 672 873 723 etcum
887 662 1010 746 invenire
1022 670 1105 721 notat
1116 662 1277 740 expetitum
1291 663 1356 741 ejus
1369 683 1446 741 prae-

235 748 341 807 sidium
355 747 492 821 obtinere,
508 753 538 805 et
551 744 763 804 sanctissimum
773 744 838 822 ejus
849 743 963 802 Numan
970 742 1126 820 propitium
1139 742 1281 819 experiri,
1306 743 1449 820 Sequitur

235 827 291 886 hoc
304 827 335 885 in
348 827 412 886 loco
426 826 526 885 eodem
541 845 627 885 sensu
640 824 861 901 intelllgandum
874 841 956 883 esse:
985 821 1060 898 Quia
1070 830 1100 882 ct
1110 820 1226 880 dirersa
1235 830 1304 881 sunt
1317 823 1445 901 objecta,

235 915 265 967 et
286 907 371 986 plane
386 905 501 965 diversa
513 903 661 984 quaerendi
674 905 757 964 ratio.
799 904 836 962 In
856 903 920 962 aliis
940 902 1012 962 locis
1034 922 1098 980 quae
1112 901 1278 980 afferrrntur,
1294 903 1392 980 agitur
1405 903 1446 963 de

234 988 342 1066 populo
354 986 409 1046 Dei
423 985 581 1046 loederato:
603 986 640 1044 In
652 984 709 1044 hoc
722 1003 792 1043 vero
805 983 842 1043 de
856 983 892 1042 iis
905 991 1026 1058 tantum,
1041 983 1092 1060 qui
1105 983 1236 1041 extranei
1249 991 1332 1042 mant
1345 984 1446 1060 quoad

234 1076 384 1144 pactorum
397 1065 610 1145 promissiones.
653 1065 689 1122 In
703 1064 739 1124 iis
752 1064 790 1123 de
803 1063 839 1122 iis
853 1063 903 1140 qui
918 1063 1012 1121 Deum
1026 1071 1226 1142 cognoverunt
1238 1063 1269 1120 in
1283 1063 1391 1139 Verbo,
1412 1073 1445 1124 et

235 1146 320 1205 Idola
341 1146 498 1206 abominati
520 1153 606 1206 sunt:
629 1145 665 1203 In
684 1146 740 1203 hoc
761 1143 798 1203 de
819 1142 993 1218 Idololatria,
1016 1143 1121 1219 quibus
1137 1142 1217 1202 Deua
1236 1151 1298 1202 erat
1311 1143 1442 1222 ignotus.

235 1226 271 1284 In
285 1226 344 1285 illis
358 1227 394 1286 de
408 1226 562 1304 quaerendo
583 1233 612 1285 et
632 1223 806 1284 iuveniendo
828 1223 885 1282 Dei
903 1223 1013 1301 cogniti
1026 1221 1125 1282 lavore
1138 1241 1190 1300 per
1204 1223 1360 1283 Christum.
1403 1225 1443 1283 In

232 1306 288 1365 hoc
302 1327 371 1366 vero
394 1306 430 1366 de
454 1307 517 1366 Deo
538 1305 638 1384 ignoto
652 1324 704 1382 per
723 1323 810 1382 opera
830 1312 939 1362 naturae
961 1310 991 1362 et
1011 1301 1201 1380 providentiae
1219 1303 1383 1379 quaerendo,
1406 1314 1444 1364 ut

233 1395 431 1464 cognoscatur,
455 1395 485 1446 et
505 1386 542 1444 ab
557 1385 649 1444 Idolis
669 1383 856 1444 discernatur.
899 1383 1032 1460 Denique
1046 1383 1076 1442 in
1090 1383 1148 1440 illis
1162 1382 1332 1460 simpliciter
1345 1393 1375 1443 et
1387 1385 1441 1443 ab·

232 1467 325 1526 solute
340 1465 445 1526 dicitur
457 1465 558 1525 fideles
573 1465 668 1524 Deum
689 1484 817 1542 qnaererc
838 1462 942 1522 debere
962 1470 995 1522 ut
1009 1482 1075 1521 eum
1091 1461 1265 1522 adsalutem
1279 1463 1441 1542 inveniant,

231 1545 283 1604 sed
297 1547 327 1604 in
341 1547 396 1605 hoc
412 1547 505 1605 Deum
519 1545 585 1605 ideo
599 1546 629 1602 in
647 1544 755 1604 mundo
769 1542 919 1602 condendo
933 1551 963 1602 et
975 1543 1102 1620 regendo
1122 1543 1259 1620 potentiae
1279 1551 1310 1602 et
1324 1544 1441 1603 Divini-

230 1626 299 1685 tatis
314 1646 373 1686 snae
393 1626 567 1686 documenta
580 1624 694 1684 dedisse
707 1623 878 1698 istiusmodi,
902 1622 1008 1700 quibus
1029 1623 1233 1683 inducerentur
1253 1623 1291 1682 ad
1310 1625 1441 1684 omniurn

230 1705 406 1765 conditorem
429 1727 463 1766 eo
484 1705 570 1765 modo
583 1703 778 1783 querendae,
793 1723 897 1781 nempe
911 1703 936 1761 si
949 1702 1035 1762 modo
1046 1705 1198 1780 palpando
1211 1723 1274 1761 nrm
1287 1705 1439 1781 inueniam,

229 1784 309 1863 quod
330 1785 366 1844 de
389 1785 503 1846 Sanctis
523 1785 568 1860 iis,
592 1803 713 1861 quorum
727 1783 758 1842 in
772 1784 810 1842 V.
825 1783 859 1842 T.
874 1783 907 1842 fit
925 1783 1042 1860 mentio,
1065 1784 1116 1860 qui
1138 1783 1306 1842 certissimis
1329 1785 1385 1844 Dei
1405 1785 1439 1843 in

230 1865 344 1925 Christo
358 1865 507 1944 promissis
520 1863 583 1924 nixi
597 1863 635 1924 ad
648 1884 714 1924 eum
728 1863 864 1923 accedere
878 1863 956 1923 soliti
970 1871 1046 1940 sunt,
1068 1862 1126 1922 dici
1146 1862 1252 1923 debere
1272 1865 1437 1924 11110111(-

229 1945 293 2005 erit,

269 2026 360 2087 VIII.
376 2026 473 2087 Locus
485 2026 569 2086 Rom.
584 2025 603 2086 i.
617 2027 663 2102 19,
677 2027 725 2102 20,
738 2025 774 2084 de
787 2027 892 2102 γιυπςῒ
904 2030 948 2084 τοῦ
963 2029 1027 2084 (sub
1037 2043 1094 2082 non
1105 2023 1184 2082 lavet
1196 2022 1343 2101 Religioni
1357 2044 1435 2084 com-

227 2107 309 2168 muni
322 2127 374 2186 per
387 2128 475 2185 quam
488 2127 589 2167 omnes
602 2106 714 2185 possint
728 2105 843 2181 salvari
859 2115 889 2164 et
902 2126 967 2183 quae
981 2104 1103 2164 sufficiat
1117 2102 1297 2162 adsalutem.
1328 2107 1354 2164 1.
1366 2105 1439 2182 quia

226 2187 323 2264 agitur
332 2188 378 2246 hic
389 2196 501 2248 tantum
512 2187 549 2246 de
559 2190 670 2263 precepi,
683 2185 788 2245 nonde
801 2188 895 2261 πιπᾷ,
907 2184 985 2262 quod
994 2184 1087 2244 solum
1098 2191 1142 2243 est
1153 2183 1285 2242 salutare.
1316 2187 1344 2243 2.
1358 2184 1435 2244 Pau-

226 2266 273 2326 lus
287 2267 357 2326 dicit
370 2271 398 2325 st
412 2272 517 2340 praeta
533 2267 588 2324 Dei
601 2264 775 2343 patefactum
790 2284 853 2324 esse
868 2265 1020 2340 Gentibus,
1033 2263 1153 2323 sednon
1166 2266 1219 2323 κᾶν
1231 2267 1343 2336 munta,
1359 2263 1436 2324 illud

227 2345 338 2404 scilicet
351 2347 430 2422 quod
443 2346 543 2404 haberi
556 2353 653 2422 potest
666 2363 704 2402 ex
718 2342 792 2402 libro
805 2350 924 2419 naturae,
940 2363 998 2402 non
1013 2353 1109 2403 sutem
1122 2343 1196 2403 illud
1207 2364 1289 2403 omne
1303 2344 1383 2421 quod
1397 2345 1435 2404 ds

227 2425 290 2483 Deo
305 2424 441 2500 cognosci
455 2431 550 2501 potest
564 2443 602 2482 ex
616 2422 724 2498 Verbo,
747 2433 777 2481 et
797 2422 876 2500 quod
896 2423 970 2482 scitu
984 2424 1177 2483 necessarium
1191 2432 1236 2484 est
1248 2423 1286 2483 ed
1300 2423 1433 2505 salutern,

225 2502 311 2581 quale
325 2510 370 2562 est
385 2503 558 2580 Mysterium
572 2501 729 2578 limitatio,
745 2509 775 2561 et
789 2502 896 2562 Christi
910 2501 1121 2582 Redemptoris,
1137 2502 1191 2564 dcc.
1233 2507 1261 2564 3.
1283 2506 1433 2584 restringi-

225 2591 273 2643 tur
286 2582 323 2641 ab
338 2581 480 2660 Apostolo
494 2582 567 2641 illud
580 2587 687 2660 praeda
701 2581 903 2659 adpetentibus
912 2584 972 2643 Dei
983 2593 1010 2643 et
1022 2587 1081 2660 pus
1093 2585 1286 2659 Dieiniuatem,
1296 2584 1327 2642 id
1338 2594 1383 2644 est
1396 2585 1434 2645 ad

225 2662 419 2740 cognitionem
434 2663 596 2741 existentias
607 2663 663 2722 Dei
677 2671 706 2722 et
719 2663 834 2723 illorum
848 2663 1059 2740 attributorum,
1075 2685 1140 2742 quae
1154 2665 1184 2722 in
1200 2665 1335 2742 operibus
1347 2666 1432 2725 Gree-

224 2743 312 2802 tionis
327 2751 356 2802 et
371 2742 565 2803 Providentiae
579 2744 610 2802 in
624 2762 726 2803 sensus
739 2742 834 2821 magis
847 2743 1005 2820 incurrunt,
1027 2744 1106 2822 quod
1127 2743 1164 2802 ad
1177 2744 1368 2823 Theologiam
1381 2765 1432 2806 na·

224 2822 347 2882 turalem
370 2822 469 2883 referri
491 2823 582 2884 solet:
614 2823 672 2884 Sed
689 2842 748 2882 non
770 2823 937 2884 extenditur
958 2824 995 2883 ad
1016 2824 1209 2902 cognitionem
1224 2825 1383 2885 voluntatis
1403 2835 1434 2886 ct

223 2903 427 2963 misericordias
447 2903 511 2982 ejus
531 2904 562 2962 in
576 2905 698 2980 Christo,
714 2923 780 2982 quas
793 2923 831 2962 ox
845 2904 944 2964 Verbo
958 2912 1079 2980 tautum,
1102 2924 1285 2984 nequaquam
1303 2924 1374 2964 varo
1395 2925 1434 2965 ex

224 2983 359 3061 operibus
374 2984 430 3043 Dei
444 2983 544 3055 haberi
557 2991 660 3064 potest,
677 2984 739 3044 sino
752 3003 811 3062 qua
822 2991 920 3044 tamen
933 2984 1014 3044 nulla
1028 2985 1115 3044 salus.
1150 2989 1179 3045 4.
1194 2987 1253 3045 tale
1267 2994 1311 3044 est
1324 2991 1434 3057 munt»

224 3063 304 3142 quod
323 3084 382 3124 non
403 3063 461 3125 alio
483 3073 579 3143 potest
598 3065 751 3145 pertinere,
769 3083 857 3142 quam
878 3073 912 3124 ut
932 3064 1036 3124 reddat
1056 3064 1187 3125 homines
1207 3067 1432 3144 inexcusabiles,

225 3144 310 3204 Rom.
325 3145 344 3206 i.
360 3148 409 3207 20.
451 3147 513 3206 Nec
526 3146 667 3225 particule
687 3150 718 3211 (ἒς
738 3149 766 3204 rt
787 3145 906 3224 quesibi
925 3145 1047 3205 habetur
1067 3144 1154 3204 debet
1175 3145 1300 3222 intelligi
1318 3154 1433 3206 tantum

223 3227 412 3303 mentaliter,
434 3235 468 3286 ut
480 3235 596 3288 notetur
610 3227 652 3286 rei
665 3233 786 3286 eventus
800 3245 852 3303 per
865 3226 1006 3302 accidens,
1023 3224 1175 3284 sedetiam
1189 3227 1320 3306 finaliter
1334 3227 1433 3304 quoad

224 3303 282 3363 Dei
295 3305 455 3381 consilium,
477 3307 546 3383 quia
565 3315 688 3367 eventus
701 3307 756 3366 iste
770 3325 828 3365 non
842 3313 937 3384 potest
950 3325 1009 3364 non
1022 3325 1086 3366 esse
1100 3325 1118 3364 a
1132 3304 1195 3366 Deo
1209 3307 1346 3382 intentus,
1364 3327 1432 3366 cum

223 3382 272 3442 hio
285 3391 388 3460 agatur
402 3383 446 3522 ‹Ilpe
452 3404 538 3461 opere
552 3385 631 3463 quod
644 3385 714 3445 facit
728 3385 809 3444 Deus
823 3405 861 3444 ex
875 3385 998 3463 decreto,
1020 3405 1079 3444 non
1099 3385 1136 3445 de
1157 3406 1192 3445 eo
1208 3386 1285 3463 qnod
1299 3387 1433 3466 praecipit

224 3470 336 3522 tantum
351 3482 389 3521 cx
446 3483 492 3540 ge.

265 3541 325 3600 IX.
347 3542 432 3618 Quod
453 3542 558 3603 sufficit
578 3543 615 3603 ad
633 3541 913 3604 inexcusabilitatem
926 3563 985 3604 non
1008 3545 1105 3606 statim
1127 3544 1232 3606 sufficit
1245 3546 1283 3605 ad
1297 3547 1429 3622 salutem,

223 3621 249 3682 ai
263 3641 297 3681 eo
310 3621 385 3681 bene
399 3622 506 3700 utaris3
527 3624 612 3702 pluro
624 3623 701 3683 enim
715 3623 900 3702 requiruntur
912 3624 950 3683 ad
964 3625 1086 3686 salutern
1105 3625 1320 3701 conficiendum,
1342 3648 1430 3705 quam

222 3701 261 3761 ad
274 3701 487 3762 damnationem
503 3703 584 3781 juste
598 3712 627 3764 et
640 3702 834 3777 alma-omine
854 3704 1071 3782 incurrendam
1093 3707 1201 3766 malum
1215 3707 1292 3766 enim
1306 3727 1343 3766 ex
1357 3727 1429 3785 quo·

221 3781 294 3843 libet
307 3781 422 3843 defectu
435 3784 542 3860 oritur;
564 3791 595 3844 at
607 3786 715 3844 bonum
728 3786 849 3864 requirit
862 3785 1004 3864 integram
1019 3807 1151 3865 causam;
1174 3807 1202 3846 v.
1217 3805 1246 3865 g.
1268 3787 1319 3864 qui
1339 3786 1429 3865 impe-

221 3865 298 3942 gerit
310 3863 341 3923 in
354 3883 413 3924 uno
426 3884 494 3924 rens
507 3872 552 3925 est
565 3865 701 3942 omnium,
725 3886 763 3925 ax
783 3867 849 3927 Jac.
864 3864 894 3927 ii.
911 3869 957 3944 10,
981 3866 1033 3926 aad
1053 3887 1111 3927 non
1125 3867 1222 3927 statim
1243 3867 1294 3946 qui
1313 3867 1429 3927 benefe-

222 3945 294 4006 cerit
306 3945 338 4004 in
350 3965 409 4006 uno
426 3946 525 4025 justus
539 3953 583 4006 eat
596 3945 627 4004 in
641 3945 791 4025 omnibus;
812 3944 899 4007 unius
919 3947 1030 4025 peccati
1050 3947 1187 4007 admissio
1200 3955 1296 4025 potest
1309 3947 1429 4009 reddere

221 4024 367 4086 hominem
381 4025 616 4104 inexcusabilem,
635 4025 687 4086 sed
700 4027 786 4087 unius
799 4027 869 4087 boni
883 4027 978 4106 operis
991 4026 1120 4106 impletio
1134 4048 1193 4087 non
1207 4027 1311 4087 sufficit
1325 4026 1363 4085 ed
1376 4027 1427 4086 ho-

221 4105 328 4166 minem
342 4107 530 4186 salvandum
555 4107 603 4168 Sic
617 4107 829 4168 inexcusabiles
842 4117 924 4168 erant
934 4108 1075 4184 Gentiles,
1090 4108 1170 4186 quod
1181 4108 1247 4168 loco
1260 4107 1346 4167 unius
1362 4108 1427 4185 Dei,

221 4203 307 4260 quem
321 4196 454 4263 poterant
474 4209 512 4249 ex
533 4189 641 4249 lumine
663 4197 773 4248 naturae
795 4207 977 4268 cognoscere,
1001 4187 1166 4248 innumeros
1189 4189 1244 4248 sibi
1266 4188 1427 4266 fingerent:

223 4262 282 4321 Sed
295 4283 353 4322 non
366 4266 432 4327 ideo
446 4269 573 4346 cognitio
587 4269 673 4330 nnius
688 4269 744 4328 Dei
757 4277 853 4347 potest
866 4267 923 4327 dici
937 4267 1067 4327 sufficere
1083 4268 1215 4329 absolute
1235 4268 1273 4327 ad
1294 4269 1426 4328 salutem.

221 4341 268 4401 Ita
281 4343 517 4406 inexcusabilitas
539 4349 596 4408 ista
616 4348 818 4427 restringenda
839 4356 884 4408 est
903 4346 941 4406 ad
961 4349 1109 4408 materiam
1127 4349 1287 4428 subjectam
1310 4348 1347 4407 (11
1368 4367 1427 4425 qua

219 4423 281 4499 agit
295 4421 463 4501 Apostolus,
486 4427 620 4487 nimirum
634 4429 671 4487 ad
685 4428 877 4488 idololatriam
891 4448 956 4506 quaa
970 4429 1130 4490 sufficiebat
1143 4429 1181 4489 ad
1194 4449 1293 4490 eorum
1307 4428 1424 4486 damna-

218 4501 334 4578 tionem,
350 4502 418 4563 lioet
431 4504 495 4582 ejus
509 4504 578 4582 fuga
591 4525 649 4566 non
664 4508 806 4569 sufficeret
819 4509 856 4566 ad
871 4509 1001 4569 salutern.
1365 4515 1367 4521 ’

260 4581 301 4641 X.
324 4581 416 4642 Aliud
430 4591 475 4643 eat
488 4583 633 4644 hominem
647 4607 710 4646 osse
724 4589 920 4648 excusabilem
934 4589 982 4648 vel
996 4589 1211 4666 excusandum
1236 4588 1316 4648 aliud
1330 4587 1424 4648 salva·

217 4660 304 4722 bilem
319 4662 367 4725 rel
388 4663 567 4742 salvandum,
590 4665 615 4725 si
635 4667 810 4728 excusabilis
824 4676 868 4728 est
882 4675 993 4729 tantum
1007 4689 1025 4728 a
1038 4679 1116 4730 tanto
1138 4689 1196 4729 nou
1219 4689 1235 4728 a
1258 4678 1322 4746 toto,
1346 4667 1425 4747 quod
