<?xml version="1.0" encoding="UTF-8"?>
<!DOCTYPE html PUBLIC "-//W3C//DTD XHTML 1.0 Transitional//EN"
    "http://www.w3.org/TR/xhtml1/DTD/xhtml1-transitional.dtd">
<html xmlns="http://www.w3.org/1999/xhtml" xml:lang="en" lang="en">
 <head>
  <title>
</title>
<meta http-equiv="Content-Type" content="text/html;charset=utf-8" />
  <meta name='ocr-system' content='tesseract 3.04.00' />
  <meta name='ocr-capabilities' content='ocr_page ocr_carea ocr_par ocr_line ocrx_word'/>
</head>
<body>
  <div class='ocr_page' id='page_1' title='image "./francisciturret01pictgoog_0560.png"; bbox 0 0 3174 5174; ppageno 0'>
   <div class='ocr_carea' id='block_1_1' title="bbox 121 343 1315 424">
    <p class='ocr_par' dir='ltr' id='par_1_1' title="bbox 121 343 1315 424">
     <span class='ocr_line' id='line_1_1' title="bbox 121 343 1315 424; baseline 0.011 -29"><span class='ocrx_word' id='word_1_1' title='bbox 121 365 227 414; x_wconf 65' lang='lat' dir='ltr'>Qunsp,</span> <span class='ocrx_word' id='word_1_2' title='bbox 243 343 298 424; x_wconf 63' lang='lat' dir='ltr'>nn]</span> <span class='ocrx_word' id='word_1_3' title='bbox 654 360 693 400; x_wconf 84' lang='lat' dir='ltr'>ns</span> <span class='ocrx_word' id='word_1_4' title='bbox 708 361 842 404; x_wconf 76' lang='lat' dir='ltr'>lucanis.</span> <span class='ocrx_word' id='word_1_5' title='bbox 1257 357 1315 416; x_wconf 84' lang='lat'>505</span> 
     </span>
    </p>
   </div>
   <div class='ocr_carea' id='block_1_2' title="bbox 120 499 1319 672">
    <p class='ocr_par' dir='ltr' id='par_1_2' title="bbox 120 499 1319 672">
     <span class='ocr_line' id='line_1_2' title="bbox 121 499 1319 591; baseline 0.009 -27"><span class='ocrx_word' id='word_1_6' title='bbox 121 506 254 566; x_wconf 79' lang='lat' dir='ltr'>Ecclesiae</span> <span class='ocrx_word' id='word_1_7' title='bbox 268 499 484 577; x_wconf 66' lang='lat' dir='ltr'><strong>restauratione,</strong></span> <span class='ocrx_word' id='word_1_8' title='bbox 501 509 530 560; x_wconf 88' lang='lat' dir='ltr'>et</span> <span class='ocrx_word' id='word_1_9' title='bbox 551 507 630 560; x_wconf 87' lang='lat' dir='ltr'>stans</span> <span class='ocrx_word' id='word_1_10' title='bbox 644 501 674 560; x_wconf 91' lang='lat' dir='ltr'>in</span> <span class='ocrx_word' id='word_1_11' title='bbox 688 503 836 580; x_wconf 88' lang='lat' dir='ltr'>procinctu</span> <span class='ocrx_word' id='word_1_12' title='bbox 856 505 894 564; x_wconf 89' lang='lat' dir='ltr'>ad</span> <span class='ocrx_word' id='word_1_13' title='bbox 917 508 1105 586; x_wconf 86' lang='lat' dir='ltr'>pugnandum</span> <span class='ocrx_word' id='word_1_14' title='bbox 1129 531 1181 590; x_wconf 88' lang='lat' dir='ltr'>pro</span> <span class='ocrx_word' id='word_1_15' title='bbox 1203 514 1274 591; x_wconf 90' lang='lat' dir='ltr'>ipsa,</span> <span class='ocrx_word' id='word_1_16' title='bbox 1290 526 1319 576; x_wconf 88' lang='lat' dir='ltr'>et</span> 
     </span>
     <span class='ocr_line' id='line_1_3' title="bbox 120 581 1317 672; baseline 0.008 -28"><span class='ocrx_word' id='word_1_17' title='bbox 120 583 233 662; x_wconf 89' lang='lat' dir='ltr'>quidem</span> <span class='ocrx_word' id='word_1_18' title='bbox 247 585 319 642; x_wconf 79' lang='lat' dir='ltr'>inter</span> <span class='ocrx_word' id='word_1_19' title='bbox 332 591 445 658; x_wconf 70' lang='lat' dir='ltr'>myrtos,</span> <span class='ocrx_word' id='word_1_20' title='bbox 461 581 500 640; x_wconf 90' lang='lat' dir='ltr'>id.</span> <span class='ocrx_word' id='word_1_21' title='bbox 515 581 545 638; x_wconf 91' lang='lat' dir='ltr'>in</span> <span class='ocrx_word' id='word_1_22' title='bbox 560 581 699 659; x_wconf 76' lang='lat' dir='ltr'>Ecclesia,</span> <span class='ocrx_word' id='word_1_23' title='bbox 715 584 769 642; x_wconf 89' lang='lat' dir='ltr'>hac</span> <span class='ocrx_word' id='word_1_24' title='bbox 784 583 873 644; x_wconf 80' lang='lat' dir='ltr'>debili</span> <span class='ocrx_word' id='word_1_25' title='bbox 887 587 1052 666; x_wconf 88' lang='lat' dir='ltr'>inspeciem</span> <span class='ocrx_word' id='word_1_26' title='bbox 1066 592 1173 670; x_wconf 83' lang='lat' dir='ltr'>planta,</span> <span class='ocrx_word' id='word_1_27' title='bbox 1190 595 1240 653; x_wconf 92' lang='lat' dir='ltr'>sed</span> <span class='ocrx_word' id='word_1_28' title='bbox 1255 615 1317 672; x_wconf 90' lang='lat' dir='ltr'>prc-</span> 
     </span>
    </p>
   </div>
   <div class='ocr_carea' id='block_1_3' title="bbox 117 661 1336 2518">
    <p class='ocr_par' dir='ltr' id='par_1_3' title="bbox 117 661 1323 1124">
     <span class='ocr_line' id='line_1_4' title="bbox 121 661 1319 752; baseline 0.008 -28"><span class='ocrx_word' id='word_1_29' title='bbox 121 665 194 724; x_wconf 83' lang='lat' dir='ltr'>tioss</span> <span class='ocrx_word' id='word_1_30' title='bbox 213 675 240 724; x_wconf 87' lang='lat' dir='ltr'>et</span> <span class='ocrx_word' id='word_1_31' title='bbox 253 683 366 742; x_wconf 82' lang='lat' dir='ltr'>semper</span> <span class='ocrx_word' id='word_1_32' title='bbox 379 661 524 740; x_wconf 72' lang='lat' dir='ltr'>fragrante</span> <span class='ocrx_word' id='word_1_33' title='bbox 546 669 575 720; x_wconf 88' lang='lat' dir='ltr'>et</span> <span class='ocrx_word' id='word_1_34' title='bbox 598 661 717 740; x_wconf 83' lang='lat' dir='ltr'>virente,</span> <span class='ocrx_word' id='word_1_35' title='bbox 743 663 816 724; x_wconf 89' lang='lat' dir='ltr'>bene</span> <span class='ocrx_word' id='word_1_36' title='bbox 840 665 1026 745; x_wconf 82' lang='lat' dir='ltr'>adumbrata3</span> <span class='ocrx_word' id='word_1_37' title='bbox 1050 672 1097 730; x_wconf 89' lang='lat' dir='ltr'>cui</span> <span class='ocrx_word' id='word_1_38' title='bbox 1121 673 1319 752; x_wconf 89' lang='lat' dir='ltr'>adjunguntur</span> 
     </span>
     <span class='ocr_line' id='line_1_5' title="bbox 120 741 1319 830; baseline 0.012 -29"><span class='ocrx_word' id='word_1_39' title='bbox 120 745 226 823; x_wconf 85' lang='lat' dir='ltr'>Angeli</span> <span class='ocrx_word' id='word_1_40' title='bbox 238 743 320 820; x_wconf 89' lang='lat' dir='ltr'>varii,</span> <span class='ocrx_word' id='word_1_41' title='bbox 335 751 369 802; x_wconf 91' lang='lat' dir='ltr'>ut</span> <span class='ocrx_word' id='word_1_42' title='bbox 382 741 513 818; x_wconf 84' lang='lat' dir='ltr'>ministri,</span> <span class='ocrx_word' id='word_1_43' title='bbox 520 741 571 819; x_wconf 90' lang='lat' dir='ltr'>qui</span> <span class='ocrx_word' id='word_1_44' title='bbox 585 741 628 800; x_wconf 94' lang='lat' dir='ltr'>illi</span> <span class='ocrx_word' id='word_1_45' title='bbox 642 742 781 802; x_wconf 89' lang='lat' dir='ltr'>rationem</span> <span class='ocrx_word' id='word_1_46' title='bbox 796 745 914 806; x_wconf 79' lang='lat' dir='ltr'>reddere</span> <span class='ocrx_word' id='word_1_47' title='bbox 929 757 1070 826; x_wconf 89' lang='lat' dir='ltr'>tenentur,</span> <span class='ocrx_word' id='word_1_48' title='bbox 1079 772 1106 817; x_wconf 78' lang='lat' dir='ltr'>v,</span> <span class='ocrx_word' id='word_1_49' title='bbox 1120 756 1165 829; x_wconf 92' lang='lat' dir='ltr'>ll,</span> <span class='ocrx_word' id='word_1_50' title='bbox 1181 775 1319 830; x_wconf 88' lang='lat' dir='ltr'>equorum</span> 
     </span>
     <span class='ocr_line' id='line_1_6' title="bbox 121 821 1318 911; baseline 0.01 -29"><span class='ocrx_word' id='word_1_51' title='bbox 121 825 258 884; x_wconf 80' lang='lat' dir='ltr'>vationum</span> <span class='ocrx_word' id='word_1_52' title='bbox 274 823 445 882; x_wconf 73' lang='lat' dir='ltr'>emblemate</span> <span class='ocrx_word' id='word_1_53' title='bbox 459 821 604 900; x_wconf 81' lang='lat' dir='ltr'>descripti,</span> <span class='ocrx_word' id='word_1_54' title='bbox 619 822 657 882; x_wconf 89' lang='lat' dir='ltr'>ad</span> <span class='ocrx_word' id='word_1_55' title='bbox 671 823 858 901; x_wconf 73' lang='lat' dir='ltr'>multiplicem</span> <span class='ocrx_word' id='word_1_56' title='bbox 874 827 929 888; x_wconf 92' lang='lat' dir='ltr'>Dei</span> <span class='ocrx_word' id='word_1_57' title='bbox 943 849 1012 908; x_wconf 86' lang='lat' dir='ltr'>erga</span> <span class='ocrx_word' id='word_1_58' title='bbox 1025 831 1157 892; x_wconf 87' lang='lat' dir='ltr'>homines</span> <span class='ocrx_word' id='word_1_59' title='bbox 1171 833 1318 911; x_wconf 91' lang='lat' dir='ltr'>dispensa-</span> 
     </span>
     <span class='ocr_line' id='line_1_7' title="bbox 119 902 1323 990; baseline 0.008 -26"><span class='ocrx_word' id='word_1_60' title='bbox 119 907 223 964; x_wconf 82' lang='lat' dir='ltr'>tionem</span> <span class='ocrx_word' id='word_1_61' title='bbox 237 902 454 981; x_wconf 87' lang='lat' dir='ltr'>designaudam.</span> <span class='ocrx_word' id='word_1_62' title='bbox 476 903 551 963; x_wconf 89' lang='lat' dir='ltr'>Nam</span> <span class='ocrx_word' id='word_1_63' title='bbox 566 910 598 962; x_wconf 94' lang='grc' dir='ltr'>ιιι</span> <span class='ocrx_word' id='word_1_64' title='bbox 611 903 678 980; x_wconf 92' lang='lat' dir='ltr'>equi</span> <span class='ocrx_word' id='word_1_65' title='bbox 692 905 748 984; x_wconf 81' lang='lat' dir='ltr'>rufi</span> <span class='ocrx_word' id='word_1_66' title='bbox 760 913 861 964; x_wconf 79' lang='lat' dir='ltr'>notam</span> <span class='ocrx_word' id='word_1_67' title='bbox 875 906 1065 971; x_wconf 86' lang='lat' dir='ltr'>instrumenta</span> <span class='ocrx_word' id='word_1_68' title='bbox 1078 913 1249 990; x_wconf 84' lang='lat' dir='ltr'>severitatis,</span> <span class='ocrx_word' id='word_1_69' title='bbox 1264 917 1323 974; x_wconf 86' lang='lat' dir='ltr'>albi</span> 
     </span>
     <span class='ocr_line' id='line_1_8' title="bbox 118 981 1320 1069; baseline 0.012 -28"><span class='ocrx_word' id='word_1_70' title='bbox 118 985 234 1062; x_wconf 52' lang='lat' dir='ltr'>gratim</span> <span class='ocrx_word' id='word_1_71' title='bbox 256 985 296 1044; x_wconf 88' lang='lat' dir='ltr'>ita</span> <span class='ocrx_word' id='word_1_72' title='bbox 310 983 450 1060; x_wconf 63' lang='lat' dir='ltr'>canepeti</span> <span class='ocrx_word' id='word_1_73' title='bbox 461 989 529 1042; x_wconf 90' lang='lat' dir='ltr'>sunt</span> <span class='ocrx_word' id='word_1_74' title='bbox 543 981 675 1060; x_wconf 87' lang='lat' dir='ltr'>symbola</span> <span class='ocrx_word' id='word_1_75' title='bbox 688 985 874 1062; x_wconf 61' lang='lat' dir='ltr'>emanant,</span> <span class='ocrx_word' id='word_1_76' title='bbox 890 1008 953 1064; x_wconf 85' lang='lat' dir='ltr'>quae</span> <span class='ocrx_word' id='word_1_77' title='bbox 978 989 1156 1069; x_wconf 74' lang='lat' dir='ltr'>benignitate</span> <span class='ocrx_word' id='word_1_78' title='bbox 1170 1002 1199 1054; x_wconf 93' lang='lat' dir='ltr'>et</span> <span class='ocrx_word' id='word_1_79' title='bbox 1213 997 1320 1054; x_wconf 90' lang='lat' dir='ltr'>severi·</span> 
     </span>
     <span class='ocr_line' id='line_1_9' title="bbox 117 1072 368 1124; baseline 0 0"><span class='ocrx_word' id='word_1_80' title='bbox 117 1075 177 1124; x_wconf 80' lang='lat' dir='ltr'>tate</span> <span class='ocrx_word' id='word_1_81' title='bbox 191 1073 244 1124; x_wconf 87' lang='lat' dir='ltr'>tem</span> <span class='ocrx_word' id='word_1_82' title='bbox 281 1072 368 1124; x_wconf 86' lang='lat' dir='ltr'>ratur.</span> 
     </span>
    </p>

    <p class='ocr_par' dir='ltr' id='par_1_4' title="bbox 119 1085 1336 2421">
     <span class='ocr_line' id='line_1_10' title="bbox 163 1085 1322 1232; baseline 0.009 -30"><span class='ocrx_word' id='word_1_83' title='bbox 163 1144 202 1203; x_wconf 86' lang='lat' dir='ltr'>X.</span> <span class='ocrx_word' id='word_1_84' title='bbox 223 1085 317 1204; x_wconf 52' lang='lat' dir='ltr'>Locpeus</span> <span class='ocrx_word' id='word_1_85' title='bbox 331 1143 402 1204; x_wconf 90' lang='lat' dir='ltr'>Jobi</span> <span class='ocrx_word' id='word_1_86' title='bbox 416 1141 521 1202; x_wconf 80' lang='lat' dir='ltr'>xxxiii.</span> <span class='ocrx_word' id='word_1_87' title='bbox 537 1144 586 1216; x_wconf 82' lang='lat'>23,</span> <span class='ocrx_word' id='word_1_88' title='bbox 607 1161 665 1200; x_wconf 89' lang='lat' dir='ltr'>non</span> <span class='ocrx_word' id='word_1_89' title='bbox 679 1141 748 1202; x_wconf 83' lang='lat' dir='ltr'>facit</span> <span class='ocrx_word' id='word_1_90' title='bbox 761 1163 814 1221; x_wconf 90' lang='lat' dir='ltr'>pro</span> <span class='ocrx_word' id='word_1_91' title='bbox 828 1144 1032 1210; x_wconf 84' lang='lat' dir='ltr'>intercessione</span> <span class='ocrx_word' id='word_1_92' title='bbox 1048 1149 1238 1229; x_wconf 83' lang='lat' dir='ltr'>Angelorum,</span> <span class='ocrx_word' id='word_1_93' title='bbox 1253 1155 1322 1232; x_wconf 92' lang='lat' dir='ltr'>quia</span> 
     </span>
     <span class='ocr_line' id='line_1_11' title="bbox 119 1221 1317 1308; baseline 0.008 -26"><span class='ocrx_word' id='word_1_94' title='bbox 119 1244 179 1282; x_wconf 90' lang='lat' dir='ltr'>non</span> <span class='ocrx_word' id='word_1_95' title='bbox 191 1225 282 1301; x_wconf 83' lang='lat' dir='ltr'>egitur</span> <span class='ocrx_word' id='word_1_96' title='bbox 296 1224 338 1282; x_wconf 92' lang='lat' dir='ltr'>ibi</span> <span class='ocrx_word' id='word_1_97' title='bbox 352 1222 389 1282; x_wconf 93' lang='lat' dir='ltr'>de</span> <span class='ocrx_word' id='word_1_98' title='bbox 411 1225 520 1300; x_wconf 77' lang='lat' dir='ltr'>Angeia</span> <span class='ocrx_word' id='word_1_99' title='bbox 542 1221 700 1282; x_wconf 90' lang='lat' dir='ltr'>secundum</span> <span class='ocrx_word' id='word_1_100' title='bbox 724 1233 865 1302; x_wconf 77' lang='lat' dir='ltr'>natiuam,</span> <span class='ocrx_word' id='word_1_101' title='bbox 886 1227 938 1286; x_wconf 89' lang='lat' dir='ltr'>sad</span> <span class='ocrx_word' id='word_1_102' title='bbox 958 1236 1070 1290; x_wconf 83' lang='lat' dir='ltr'>tantum</span> <span class='ocrx_word' id='word_1_103' title='bbox 1091 1233 1248 1297; x_wconf 87' lang='lat' dir='ltr'>secundum</span> <span class='ocrx_word' id='word_1_104' title='bbox 1262 1237 1317 1308; x_wconf 73' lang='lat' dir='ltr'>offa</span> 
     </span>
     <span class='ocr_line' id='line_1_12' title="bbox 120 1302 1320 1387; baseline 0.01 -25"><span class='ocrx_word' id='word_1_105' title='bbox 120 1305 212 1376; x_wconf 82' lang='lat' dir='ltr'>cium;</span> <span class='ocrx_word' id='word_1_106' title='bbox 226 1325 277 1364; x_wconf 90' lang='lat' dir='ltr'>nec</span> <span class='ocrx_word' id='word_1_107' title='bbox 292 1304 328 1364; x_wconf 90' lang='lat' dir='ltr'>de</span> <span class='ocrx_word' id='word_1_108' title='bbox 339 1302 484 1362; x_wconf 85' lang='lat' dir='ltr'>oblatione</span> <span class='ocrx_word' id='word_1_109' title='bbox 499 1321 624 1379; x_wconf 92' lang='lat' dir='ltr'>precum,</span> <span class='ocrx_word' id='word_1_110' title='bbox 634 1321 699 1378; x_wconf 77' lang='lat' dir='ltr'>quae</span> <span class='ocrx_word' id='word_1_111' title='bbox 707 1302 757 1362; x_wconf 86' lang='lat' dir='ltr'>fiat</span> <span class='ocrx_word' id='word_1_112' title='bbox 767 1305 831 1364; x_wconf 90' lang='lat' dir='ltr'>Deo</span> <span class='ocrx_word' id='word_1_113' title='bbox 841 1317 947 1384; x_wconf 88' lang='lat' dir='ltr'>aparte</span> <span class='ocrx_word' id='word_1_114' title='bbox 958 1309 1092 1387; x_wconf 90' lang='lat' dir='ltr'>hominis,</span> <span class='ocrx_word' id='word_1_115' title='bbox 1105 1312 1156 1372; x_wconf 89' lang='lat' dir='ltr'>sed</span> <span class='ocrx_word' id='word_1_116' title='bbox 1166 1313 1202 1374; x_wconf 91' lang='lat' dir='ltr'>de</span> <span class='ocrx_word' id='word_1_117' title='bbox 1211 1334 1320 1374; x_wconf 81' lang='lat' dir='ltr'>annun</span> 
     </span>
     <span class='ocr_line' id='line_1_13' title="bbox 121 1381 1322 1470; baseline 0.011 -29"><span class='ocrx_word' id='word_1_118' title='bbox 121 1384 239 1444; x_wconf 89' lang='lat' dir='ltr'>ciationa</span> <span class='ocrx_word' id='word_1_119' title='bbox 253 1383 411 1443; x_wconf 85' lang='lat' dir='ltr'>voluntatis</span> <span class='ocrx_word' id='word_1_120' title='bbox 426 1382 491 1458; x_wconf 92' lang='lat' dir='ltr'>Dei,</span> <span class='ocrx_word' id='word_1_121' title='bbox 501 1402 566 1460; x_wconf 87' lang='lat' dir='ltr'>quae</span> <span class='ocrx_word' id='word_1_122' title='bbox 580 1381 630 1441; x_wconf 86' lang='lat' dir='ltr'>fiat</span> <span class='ocrx_word' id='word_1_123' title='bbox 643 1381 753 1442; x_wconf 89' lang='lat' dir='ltr'>homini</span> <span class='ocrx_word' id='word_1_124' title='bbox 767 1405 784 1444; x_wconf 93' lang='lat' dir='ltr'>a</span> <span class='ocrx_word' id='word_1_125' title='bbox 798 1395 878 1462; x_wconf 86' lang='lat' dir='ltr'>parte</span> <span class='ocrx_word' id='word_1_126' title='bbox 894 1389 959 1447; x_wconf 85' lang='lat' dir='ltr'>Dei.</span> <span class='ocrx_word' id='word_1_127' title='bbox 981 1394 1008 1450; x_wconf 82' lang='lat'>2.</span> <span class='ocrx_word' id='word_1_128' title='bbox 1024 1393 1085 1470; x_wconf 57' lang='lat' dir='ltr'>pate</span> <span class='ocrx_word' id='word_1_129' title='bbox 1099 1395 1163 1468; x_wconf 67' lang='lat' dir='ltr'>pha</span> <span class='ocrx_word' id='word_1_130' title='bbox 1177 1413 1235 1452; x_wconf 89' lang='lat' dir='ltr'>non</span> <span class='ocrx_word' id='word_1_131' title='bbox 1248 1394 1322 1454; x_wconf 90' lang='lat' dir='ltr'>bene</span> 
     </span>
     <span class='ocr_line' id='line_1_14' title="bbox 120 1461 1321 1540; baseline 0.009 -19"><span class='ocrx_word' id='word_1_132' title='bbox 120 1463 235 1524; x_wconf 80' lang='lat' dir='ltr'>refertur</span> <span class='ocrx_word' id='word_1_133' title='bbox 248 1463 286 1522; x_wconf 87' lang='lat' dir='ltr'>ad</span> <span class='ocrx_word' id='word_1_134' title='bbox 300 1462 458 1540; x_wconf 84' lang='lat' dir='ltr'>Angelum,</span> <span class='ocrx_word' id='word_1_135' title='bbox 472 1463 542 1540; x_wconf 90' lang='lat' dir='ltr'>quia</span> <span class='ocrx_word' id='word_1_136' title='bbox 555 1461 671 1522; x_wconf 80' lang='lat' dir='ltr'>additur</span> <span class='ocrx_word' id='word_1_137' title='bbox 683 1483 754 1522; x_wconf 74' lang='lat' dir='ltr'>anm</span> <span class='ocrx_word' id='word_1_138' title='bbox 768 1485 805 1524; x_wconf 76' lang='lat' dir='ltr'>ex</span> <span class='ocrx_word' id='word_1_139' title='bbox 814 1467 888 1526; x_wconf 83' lang='lat' dir='ltr'>mille</span> <span class='ocrx_word' id='word_1_140' title='bbox 901 1467 939 1526; x_wconf 87' lang='lat' dir='ltr'>ad</span> <span class='ocrx_word' id='word_1_141' title='bbox 947 1469 1093 1528; x_wconf 75' lang='lat' dir='ltr'>raritaoem</span> <span class='ocrx_word' id='word_1_142' title='bbox 1101 1472 1221 1532; x_wconf 84' lang='lat' dir='ltr'>istorum</span> <span class='ocrx_word' id='word_1_143' title='bbox 1230 1476 1321 1532; x_wconf 91' lang='lat' dir='ltr'>moni·</span> 
     </span>
     <span class='ocr_line' id='line_1_15' title="bbox 120 1542 1320 1623; baseline 0.008 -21"><span class='ocrx_word' id='word_1_144' title='bbox 120 1551 210 1602; x_wconf 90' lang='lat' dir='ltr'>torum</span> <span class='ocrx_word' id='word_1_145' title='bbox 223 1543 439 1622; x_wconf 77' lang='lat' dir='ltr'>designandam,</span> <span class='ocrx_word' id='word_1_146' title='bbox 455 1551 487 1602; x_wconf 91' lang='lat' dir='ltr'>ut</span> <span class='ocrx_word' id='word_1_147' title='bbox 501 1543 553 1600; x_wconf 83' lang='lat' dir='ltr'>vix</span> <span class='ocrx_word' id='word_1_148' title='bbox 577 1562 614 1602; x_wconf 84' lang='lat' dir='ltr'>cx</span> <span class='ocrx_word' id='word_1_149' title='bbox 639 1542 718 1602; x_wconf 92' lang='lat' dir='ltr'>mille</span> <span class='ocrx_word' id='word_1_150' title='bbox 732 1563 806 1604; x_wconf 91' lang='lat' dir='ltr'>unus</span> <span class='ocrx_word' id='word_1_151' title='bbox 820 1547 986 1623; x_wconf 86' lang='lat' dir='ltr'>reperiatur,</span> <span class='ocrx_word' id='word_1_152' title='bbox 1001 1550 1050 1608; x_wconf 91' lang='lat' dir='ltr'>vel</span> <span class='ocrx_word' id='word_1_153' title='bbox 1063 1549 1101 1608; x_wconf 88' lang='lat' dir='ltr'>ad</span> <span class='ocrx_word' id='word_1_154' title='bbox 1114 1570 1213 1610; x_wconf 89' lang='lat' dir='ltr'>eorum</span> <span class='ocrx_word' id='word_1_155' title='bbox 1227 1552 1320 1612; x_wconf 90' lang='lat' dir='ltr'>delec-</span> 
     </span>
     <span class='ocr_line' id='line_1_16' title="bbox 120 1621 1323 1708; baseline 0.008 -26"><span class='ocrx_word' id='word_1_156' title='bbox 120 1631 179 1682; x_wconf 87' lang='lat' dir='ltr'>tum</span> <span class='ocrx_word' id='word_1_157' title='bbox 193 1623 363 1700; x_wconf 86' lang='lat' dir='ltr'>faciendum,</span> <span class='ocrx_word' id='word_1_158' title='bbox 386 1643 451 1682; x_wconf 89' lang='lat' dir='ltr'>cum</span> <span class='ocrx_word' id='word_1_159' title='bbox 466 1642 566 1682; x_wconf 87' lang='lat' dir='ltr'>omnes</span> <span class='ocrx_word' id='word_1_160' title='bbox 589 1621 698 1699; x_wconf 90' lang='lat' dir='ltr'>Angeli</span> <span class='ocrx_word' id='word_1_161' title='bbox 712 1623 770 1683; x_wconf 91' lang='lat' dir='ltr'>sint</span> <span class='ocrx_word' id='word_1_162' title='bbox 794 1625 867 1684; x_wconf 91' lang='lat' dir='ltr'>tales</span> <span class='ocrx_word' id='word_1_163' title='bbox 881 1627 1101 1705; x_wconf 85' lang='lat' dir='ltr'>dispensatores,</span> <span class='ocrx_word' id='word_1_164' title='bbox 1117 1630 1273 1708; x_wconf 87' lang='lat' dir='ltr'>prudentes</span> <span class='ocrx_word' id='word_1_165' title='bbox 1293 1642 1323 1692; x_wconf 91' lang='lat' dir='ltr'>et</span> 
     </span>
     <span class='ocr_line' id='line_1_17' title="bbox 120 1702 1322 1790; baseline 0.01 -30"><span class='ocrx_word' id='word_1_166' title='bbox 120 1702 224 1778; x_wconf 86' lang='lat' dir='ltr'>fideles,</span> <span class='ocrx_word' id='word_1_167' title='bbox 239 1705 289 1782; x_wconf 94' lang='lat' dir='ltr'>qui</span> <span class='ocrx_word' id='word_1_168' title='bbox 303 1703 359 1764; x_wconf 92' lang='lat' dir='ltr'>hoc</span> <span class='ocrx_word' id='word_1_169' title='bbox 372 1713 494 1780; x_wconf 85' lang='lat' dir='ltr'>possunt</span> <span class='ocrx_word' id='word_1_170' title='bbox 503 1702 603 1764; x_wconf 87' lang='lat' dir='ltr'>sedulo</span> <span class='ocrx_word' id='word_1_171' title='bbox 612 1710 757 1780; x_wconf 87' lang='lat' dir='ltr'>praestare.</span> <span class='ocrx_word' id='word_1_172' title='bbox 799 1708 827 1764; x_wconf 86' lang='grc'>3.</span> <span class='ocrx_word' id='word_1_173' title='bbox 844 1706 1000 1766; x_wconf 82' lang='lat' dir='ltr'>Commode</span> <span class='ocrx_word' id='word_1_174' title='bbox 1014 1709 1188 1787; x_wconf 82' lang='lat' dir='ltr'>intelligitur</span> <span class='ocrx_word' id='word_1_175' title='bbox 1200 1710 1237 1770; x_wconf 89' lang='lat' dir='ltr'>de</span> <span class='ocrx_word' id='word_1_176' title='bbox 1251 1732 1322 1790; x_wconf 93' lang='lat' dir='ltr'>quo·</span> 
     </span>
     <span class='ocr_line' id='line_1_18' title="bbox 121 1783 1336 1866; baseline 0.003 -22"><span class='ocrx_word' id='word_1_177' title='bbox 121 1783 165 1844; x_wconf 84' lang='lat' dir='ltr'>vis</span> <span class='ocrx_word' id='word_1_178' title='bbox 187 1785 238 1843; x_wconf 89' lang='lat' dir='ltr'>Dei</span> <span class='ocrx_word' id='word_1_179' title='bbox 261 1783 402 1860; x_wconf 89' lang='lat' dir='ltr'>ministro,</span> <span class='ocrx_word' id='word_1_180' title='bbox 427 1784 478 1860; x_wconf 92' lang='lat' dir='ltr'>qui</span> <span class='ocrx_word' id='word_1_181' title='bbox 501 1791 579 1842; x_wconf 87' lang='lat' dir='ltr'>recte</span> <span class='ocrx_word' id='word_1_182' title='bbox 601 1783 707 1842; x_wconf 88' lang='lat' dir='ltr'>dicitur</span> <span class='ocrx_word' id='word_1_183' title='bbox 725 1785 800 1862; x_wconf 58' lang='lat' dir='ltr'>geba,</span> <span class='ocrx_word' id='word_1_184' title='bbox 821 1785 861 1845; x_wconf 92' lang='lat' dir='ltr'>id.</span> <span class='ocrx_word' id='word_1_185' title='bbox 886 1788 1002 1846; x_wconf 67' lang='lat' dir='ltr'>nundus</span> <span class='ocrx_word' id='word_1_186' title='bbox 1016 1809 1068 1849; x_wconf 91' lang='lat' dir='ltr'>seu</span> <span class='ocrx_word' id='word_1_187' title='bbox 1090 1790 1204 1866; x_wconf 86' lang='lat' dir='ltr'>legatus</span> <span class='ocrx_word' id='word_1_188' title='bbox 1227 1813 1244 1850; x_wconf 86' lang='lat' dir='ltr'>a</span> <span class='ocrx_word' id='word_1_189' title='bbox 1259 1793 1336 1852; x_wconf 63' lang='lat' dir='ltr'>Deo,</span> 
     </span>
     <span class='ocr_line' id='line_1_19' title="bbox 121 1863 1322 1947; baseline 0.008 -27"><span class='ocrx_word' id='word_1_190' title='bbox 121 1863 227 1939; x_wconf 87' lang='lat' dir='ltr'>missus,</span> <span class='ocrx_word' id='word_1_191' title='bbox 253 1873 286 1923; x_wconf 91' lang='lat' dir='ltr'>ut</span> <span class='ocrx_word' id='word_1_192' title='bbox 302 1885 377 1942; x_wconf 81' lang='lat' dir='ltr'>saepe</span> <span class='ocrx_word' id='word_1_193' title='bbox 391 1863 469 1940; x_wconf 87' lang='lat' dir='ltr'>alibi,</span> <span class='ocrx_word' id='word_1_194' title='bbox 486 1863 591 1922; x_wconf 85' lang='lat' dir='ltr'>Malae.</span> <span class='ocrx_word' id='word_1_195' title='bbox 606 1863 637 1922; x_wconf 89' lang='lat' dir='ltr'>ii.</span> <span class='ocrx_word' id='word_1_196' title='bbox 653 1867 680 1939; x_wconf 85' lang='grc'>7,</span> <span class='ocrx_word' id='word_1_197' title='bbox 695 1863 789 1940; x_wconf 88' lang='lat' dir='ltr'>Apoc.</span> <span class='ocrx_word' id='word_1_198' title='bbox 804 1865 823 1923; x_wconf 89' lang='lat' dir='ltr'>i.</span> <span class='ocrx_word' id='word_1_199' title='bbox 839 1870 886 1940; x_wconf 81' lang='lat'>20,</span> <span class='ocrx_word' id='word_1_200' title='bbox 903 1875 932 1926; x_wconf 90' lang='lat' dir='ltr'>et</span> <span class='ocrx_word' id='word_1_201' title='bbox 953 1870 1026 1942; x_wconf 65' lang='lat' dir='ltr'>arban,</span> <span class='ocrx_word' id='word_1_202' title='bbox 1041 1868 1081 1928; x_wconf 90' lang='lat' dir='ltr'>id.</span> <span class='ocrx_word' id='word_1_203' title='bbox 1096 1870 1233 1947; x_wconf 75' lang='lat' dir='ltr'>interpres</span> <span class='ocrx_word' id='word_1_204' title='bbox 1253 1874 1322 1932; x_wconf 68' lang='lat' dir='ltr'>dnt-</span> 
     </span>
     <span class='ocr_line' id='line_1_20' title="bbox 123 1943 1322 2028; baseline 0.008 -27"><span class='ocrx_word' id='word_1_205' title='bbox 123 1945 328 2020; x_wconf 79' lang='lat' dir='ltr'>aoeootnntntcir,</span> <span class='ocrx_word' id='word_1_206' title='bbox 344 1945 395 2022; x_wconf 91' lang='lat' dir='ltr'>qui</span> <span class='ocrx_word' id='word_1_207' title='bbox 408 1943 456 2002; x_wconf 87' lang='lat' dir='ltr'>hic</span> <span class='ocrx_word' id='word_1_208' title='bbox 479 1943 625 2002; x_wconf 91' lang='lat' dir='ltr'>inducitur</span> <span class='ocrx_word' id='word_1_209' title='bbox 648 1943 757 2002; x_wconf 91' lang='lat' dir='ltr'>homini</span> <span class='ocrx_word' id='word_1_210' title='bbox 781 1953 964 2022; x_wconf 77' lang='lat' dir='ltr'>peccatorum</span> <span class='ocrx_word' id='word_1_211' title='bbox 988 1967 1104 2011; x_wconf 89' lang='lat' dir='ltr'>suorum</span> <span class='ocrx_word' id='word_1_212' title='bbox 1127 1959 1156 2008; x_wconf 89' lang='lat' dir='ltr'>et</span> <span class='ocrx_word' id='word_1_213' title='bbox 1173 1971 1322 2028; x_wconf 87' lang='lat' dir='ltr'>poenarum</span> 
     </span>
     <span class='ocr_line' id='line_1_21' title="bbox 121 2023 1323 2102; baseline 0.008 -22"><span class='ocrx_word' id='word_1_214' title='bbox 121 2043 152 2080; x_wconf 83' lang='lat' dir='ltr'>ac</span> <span class='ocrx_word' id='word_1_215' title='bbox 177 2023 397 2101; x_wconf 79' lang='lat' dir='ltr'>castigationum</span> <span class='ocrx_word' id='word_1_216' title='bbox 418 2023 580 2082; x_wconf 88' lang='lat' dir='ltr'>divinarum</span> <span class='ocrx_word' id='word_1_217' title='bbox 605 2042 690 2082; x_wconf 89' lang='lat' dir='ltr'>sensu</span> <span class='ocrx_word' id='word_1_218' title='bbox 712 2023 833 2102; x_wconf 89' lang='lat' dir='ltr'>dejecto,</span> <span class='ocrx_word' id='word_1_219' title='bbox 856 2027 1033 2086; x_wconf 86' lang='lat' dir='ltr'>annuncians</span> <span class='ocrx_word' id='word_1_220' title='bbox 1057 2049 1110 2086; x_wconf 61' lang='lat' dir='ltr'>aar</span> <span class='ocrx_word' id='word_1_221' title='bbox 1133 2032 1323 2090; x_wconf 80' lang='lat' dir='ltr'>rectitudinem</span> 
     </span>
     <span class='ocr_line' id='line_1_22' title="bbox 120 2102 1322 2184; baseline 0.005 -22"><span class='ocrx_word' id='word_1_222' title='bbox 120 2123 203 2180; x_wconf 82' lang='lat' dir='ltr'>anam,</span> <span class='ocrx_word' id='word_1_223' title='bbox 219 2104 259 2164; x_wconf 88' lang='lat' dir='ltr'>id.</span> <span class='ocrx_word' id='word_1_224' title='bbox 271 2103 400 2164; x_wconf 81' lang='lat' dir='ltr'>officium</span> <span class='ocrx_word' id='word_1_225' title='bbox 419 2102 498 2181; x_wconf 93' lang='lat' dir='ltr'>quod</span> <span class='ocrx_word' id='word_1_226' title='bbox 517 2103 598 2162; x_wconf 89' lang='lat' dir='ltr'>Deus</span> <span class='ocrx_word' id='word_1_227' title='bbox 622 2102 659 2160; x_wconf 91' lang='lat' dir='ltr'>ab</span> <span class='ocrx_word' id='word_1_228' title='bbox 684 2122 718 2162; x_wconf 90' lang='lat' dir='ltr'>eo</span> <span class='ocrx_word' id='word_1_229' title='bbox 741 2103 1170 2184; x_wconf 86' lang='lat' dir='ltr'>exigit,utvenia1nobtineat,</span> <span class='ocrx_word' id='word_1_230' title='bbox 1187 2109 1322 2169; x_wconf 91' lang='lat' dir='ltr'>nimirum</span> 
     </span>
     <span class='ocr_line' id='line_1_23' title="bbox 121 2181 1322 2266; baseline 0.007 -26"><span class='ocrx_word' id='word_1_231' title='bbox 121 2181 198 2244; x_wconf 85' lang='lat' dir='ltr'>tidem</span> <span class='ocrx_word' id='word_1_232' title='bbox 214 2193 243 2244; x_wconf 87' lang='lat' dir='ltr'>et</span> <span class='ocrx_word' id='word_1_233' title='bbox 257 2185 493 2262; x_wconf 85' lang='lat' dir='ltr'>resipiscentiam,</span> <span class='ocrx_word' id='word_1_234' title='bbox 515 2202 602 2261; x_wconf 89' lang='lat' dir='ltr'>quam</span> <span class='ocrx_word' id='word_1_235' title='bbox 623 2191 761 2258; x_wconf 89' lang='lat' dir='ltr'>sequatur</span> <span class='ocrx_word' id='word_1_236' title='bbox 776 2184 831 2243; x_wconf 91' lang='lat' dir='ltr'>Dei</span> <span class='ocrx_word' id='word_1_237' title='bbox 844 2185 999 2261; x_wconf 88' lang='lat' dir='ltr'>miseratio,</span> <span class='ocrx_word' id='word_1_238' title='bbox 1015 2189 1235 2248; x_wconf 72' lang='lat' dir='ltr'>censerentur</span> <span class='ocrx_word' id='word_1_239' title='bbox 1255 2193 1322 2266; x_wconf 66' lang='lat' dir='ltr'>eJ&#39;na</span> 
     </span>
     <span class='ocr_line' id='line_1_24' title="bbox 120 2262 1323 2344; baseline 0.006 -22"><span class='ocrx_word' id='word_1_240' title='bbox 120 2263 224 2324; x_wconf 88' lang='lat' dir='ltr'>scilicet</span> <span class='ocrx_word' id='word_1_241' title='bbox 238 2265 263 2324; x_wconf 92' lang='lat' dir='ltr'>si</span> <span class='ocrx_word' id='word_1_242' title='bbox 284 2263 444 2342; x_wconf 86' lang='lat' dir='ltr'>resipuerit,</span> <span class='ocrx_word' id='word_1_243' title='bbox 466 2262 639 2322; x_wconf 85' lang='lat' dir='ltr'>remittendo</span> <span class='ocrx_word' id='word_1_244' title='bbox 661 2263 688 2322; x_wconf 93' lang='lat' dir='ltr'>ei</span> <span class='ocrx_word' id='word_1_245' title='bbox 710 2271 835 2339; x_wconf 88' lang='lat' dir='ltr'>peccata,</span> <span class='ocrx_word' id='word_1_246' title='bbox 861 2274 891 2324; x_wconf 90' lang='lat' dir='ltr'>et</span> <span class='ocrx_word' id='word_1_247' title='bbox 912 2265 1061 2344; x_wconf 89' lang='lat' dir='ltr'>pristinam</span> <span class='ocrx_word' id='word_1_248' title='bbox 1086 2267 1280 2328; x_wconf 87' lang='lat' dir='ltr'>valetudinem</span> <span class='ocrx_word' id='word_1_249' title='bbox 1296 2271 1323 2330; x_wconf 91' lang='lat' dir='ltr'>ei</span> 
     </span>
     <span class='ocr_line' id='line_1_25' title="bbox 120 2342 682 2421; baseline 0 -21"><span class='ocrx_word' id='word_1_250' title='bbox 120 2343 301 2420; x_wconf 89' lang='lat' dir='ltr'>restituendo,</span> <span class='ocrx_word' id='word_1_251' title='bbox 317 2353 350 2403; x_wconf 91' lang='lat' dir='ltr'>ut</span> <span class='ocrx_word' id='word_1_252' title='bbox 364 2343 513 2421; x_wconf 85' lang='lat' dir='ltr'>sequentia</span> <span class='ocrx_word' id='word_1_253' title='bbox 527 2342 682 2404; x_wconf 89' lang='lat' dir='ltr'>declarant.</span> 
     </span>
    </p>

    <p class='ocr_par' dir='ltr' id='par_1_5' title="bbox 156 2421 1323 2518">
     <span class='ocr_line' id='line_1_26' title="bbox 156 2421 1323 2518; baseline 0.005 -36"><span class='ocrx_word' id='word_1_254' title='bbox 156 2424 215 2483; x_wconf 87' lang='lat' dir='ltr'>XI.</span> <span class='ocrx_word' id='word_1_255' title='bbox 236 2425 361 2501; x_wconf 71' lang='lat' dir='ltr'>Angelus</span> <span class='ocrx_word' id='word_1_256' title='bbox 381 2423 439 2518; x_wconf 80' lang='lat' dir='ltr'>qui,</span> <span class='ocrx_word' id='word_1_257' title='bbox 463 2423 586 2501; x_wconf 89' lang='lat' dir='ltr'>Apocal.</span> <span class='ocrx_word' id='word_1_258' title='bbox 601 2422 661 2482; x_wconf 93' lang='lat' dir='ltr'>viii.</span> <span class='ocrx_word' id='word_1_259' title='bbox 677 2427 704 2499; x_wconf 89' lang='lat'>3,</span> <span class='ocrx_word' id='word_1_260' title='bbox 727 2421 833 2483; x_wconf 91' lang='lat' dir='ltr'>dicitur</span> <span class='ocrx_word' id='word_1_261' title='bbox 855 2427 873 2458; x_wconf 90' lang='grc'>“</span> <span class='ocrx_word' id='word_1_262' title='bbox 887 2434 963 2486; x_wconf 90' lang='lat' dir='ltr'>stare</span> <span class='ocrx_word' id='word_1_263' title='bbox 977 2435 1042 2488; x_wconf 90' lang='lat' dir='ltr'>ante</span> <span class='ocrx_word' id='word_1_264' title='bbox 1057 2447 1136 2486; x_wconf 88' lang='lat' dir='ltr'>aram</span> <span class='ocrx_word' id='word_1_265' title='bbox 1150 2449 1216 2487; x_wconf 91' lang='lat' dir='ltr'>cum</span> <span class='ocrx_word' id='word_1_266' title='bbox 1231 2429 1323 2488; x_wconf 87' lang='lat' dir='ltr'>thuri-</span> 
     </span>
    </p>
   </div>
   <div class='ocr_carea' id='block_1_4' title="bbox 14 2501 1321 2665">
    <p class='ocr_par' dir='ltr' id='par_1_6' title="bbox 14 2501 1321 2665">
     <span class='ocr_line' id='line_1_27' title="bbox 14 2501 1321 2584; baseline 0.007 -25"><span class='ocrx_word' id='word_1_267' title='bbox 14 2549 15 2572; x_wconf 83' lang='lat'>,</span> <span class='ocrx_word' id='word_1_268' title='bbox 120 2501 183 2564; x_wconf 88' lang='lat' dir='ltr'>bulo</span> <span class='ocrx_word' id='word_1_269' title='bbox 197 2524 294 2580; x_wconf 88' lang='lat' dir='ltr'>aureo,</span> <span class='ocrx_word' id='word_1_270' title='bbox 310 2513 339 2567; x_wconf 94' lang='lat' dir='ltr'>et</span> <span class='ocrx_word' id='word_1_271' title='bbox 353 2525 399 2564; x_wconf 81' lang='lat' dir='ltr'>cut</span> <span class='ocrx_word' id='word_1_272' title='bbox 411 2503 515 2564; x_wconf 84' lang='lat' dir='ltr'>dantur</span> <span class='ocrx_word' id='word_1_273' title='bbox 529 2503 641 2564; x_wconf 90' lang='lat' dir='ltr'>suffitus</span> <span class='ocrx_word' id='word_1_274' title='bbox 655 2503 747 2579; x_wconf 88' lang='lat' dir='ltr'>multi,</span> <span class='ocrx_word' id='word_1_275' title='bbox 763 2513 795 2563; x_wconf 91' lang='lat' dir='ltr'>ut</span> <span class='ocrx_word' id='word_1_276' title='bbox 809 2503 910 2566; x_wconf 86' lang='lat' dir='ltr'>offerat</span> <span class='ocrx_word' id='word_1_277' title='bbox 924 2527 988 2566; x_wconf 92' lang='lat' dir='ltr'>cum</span> <span class='ocrx_word' id='word_1_278' title='bbox 1003 2508 1136 2584; x_wconf 89' lang='lat' dir='ltr'>precibus</span> <span class='ocrx_word' id='word_1_279' title='bbox 1152 2509 1321 2569; x_wconf 85' lang='lat' dir='ltr'>Sanctorum</span> 
     </span>
     <span class='ocr_line' id='line_1_28' title="bbox 14 2583 1319 2665; baseline 0.008 -26"><span class='ocrx_word' id='word_1_280' title='bbox 14 2587 15 2616; x_wconf 75' lang='lat'>³</span> <span class='ocrx_word' id='word_1_281' title='bbox 118 2584 241 2644; x_wconf 88' lang='lat' dir='ltr'>omnium</span> <span class='ocrx_word' id='word_1_282' title='bbox 255 2605 342 2662; x_wconf 90' lang='lat' dir='ltr'>super</span> <span class='ocrx_word' id='word_1_283' title='bbox 354 2585 444 2644; x_wconf 85' lang='lat' dir='ltr'>altare</span> <span class='ocrx_word' id='word_1_284' title='bbox 458 2603 576 2643; x_wconf 85' lang='lat' dir='ltr'>aureum</span> <span class='ocrx_word' id='word_1_285' title='bbox 585 2583 662 2660; x_wconf 89' lang='lat' dir='ltr'>quod</span> <span class='ocrx_word' id='word_1_286' title='bbox 677 2593 721 2642; x_wconf 89' lang='lat' dir='ltr'>est</span> <span class='ocrx_word' id='word_1_287' title='bbox 734 2591 801 2644; x_wconf 89' lang='lat' dir='ltr'>ante</span> <span class='ocrx_word' id='word_1_288' title='bbox 810 2585 987 2662; x_wconf 84' lang='lat' dir='ltr'>Thronnm,&#39;&#39;</span> <span class='ocrx_word' id='word_1_289' title='bbox 1003 2607 1060 2646; x_wconf 93' lang='lat' dir='ltr'>non</span> <span class='ocrx_word' id='word_1_290' title='bbox 1074 2597 1170 2665; x_wconf 90' lang='lat' dir='ltr'>potest</span> <span class='ocrx_word' id='word_1_291' title='bbox 1183 2609 1247 2648; x_wconf 90' lang='lat' dir='ltr'>esse</span> <span class='ocrx_word' id='word_1_292' title='bbox 1258 2589 1319 2648; x_wconf 93' lang='lat' dir='ltr'>An·</span> 
     </span>
    </p>
   </div>
   <div class='ocr_carea' id='block_1_5' title="bbox 117 2663 1321 2746">
    <p class='ocr_par' dir='ltr' id='par_1_7' title="bbox 117 2663 1321 2746">
     <span class='ocr_line' id='line_1_29' title="bbox 117 2663 1321 2746; baseline 0.006 -24"><span class='ocrx_word' id='word_1_293' title='bbox 117 2664 196 2740; x_wconf 87' lang='lat' dir='ltr'>galus</span> <span class='ocrx_word' id='word_1_294' title='bbox 211 2672 334 2740; x_wconf 89' lang='lat' dir='ltr'>creatus,</span> <span class='ocrx_word' id='word_1_295' title='bbox 360 2663 412 2724; x_wconf 88' lang='lat' dir='ltr'>sed</span> <span class='ocrx_word' id='word_1_296' title='bbox 432 2664 586 2738; x_wconf 87' lang='lat' dir='ltr'>increatus,</span> <span class='ocrx_word' id='word_1_297' title='bbox 611 2663 743 2722; x_wconf 88' lang='lat' dir='ltr'>Christus</span> <span class='ocrx_word' id='word_1_298' title='bbox 766 2664 876 2726; x_wconf 87' lang='lat' dir='ltr'>scilicet</span> <span class='ocrx_word' id='word_1_299' title='bbox 898 2667 948 2743; x_wconf 93' lang='lat' dir='ltr'>qui</span> <span class='ocrx_word' id='word_1_300' title='bbox 970 2667 1024 2726; x_wconf 89' lang='lat' dir='ltr'>hoc</span> <span class='ocrx_word' id='word_1_301' title='bbox 1046 2689 1162 2728; x_wconf 90' lang='lat' dir='ltr'>munere</span> <span class='ocrx_word' id='word_1_302' title='bbox 1182 2669 1321 2746; x_wconf 88' lang='lat' dir='ltr'>fungitur.</span> 
     </span>
    </p>
   </div>
   <div class='ocr_carea' id='block_1_6' title="bbox 15 2742 1320 2826">
    <p class='ocr_par' dir='ltr' id='par_1_8' title="bbox 15 2742 1320 2826">
     <span class='ocr_line' id='line_1_30' title="bbox 15 2742 1320 2826; baseline 0.008 -27"><span class='ocrx_word' id='word_1_303' title='bbox 15 2749 16 2758; x_wconf 59' lang='lat'>¹</span> <span class='ocrx_word' id='word_1_304' title='bbox 119 2746 141 2802; x_wconf 92' lang='lat' dir='ltr'>l.</span> <span class='ocrx_word' id='word_1_305' title='bbox 163 2743 239 2820; x_wconf 86' lang='lat' dir='ltr'>Quia</span> <span class='ocrx_word' id='word_1_306' title='bbox 252 2743 387 2821; x_wconf 88' lang='lat' dir='ltr'>Angelus</span> <span class='ocrx_word' id='word_1_307' title='bbox 401 2744 455 2802; x_wconf 90' lang='lat' dir='ltr'>iste</span> <span class='ocrx_word' id='word_1_308' title='bbox 470 2742 702 2820; x_wconf 76' lang='lat' dir='ltr'>distingunturab</span> <span class='ocrx_word' id='word_1_309' title='bbox 714 2743 778 2804; x_wconf 89' lang='lat' dir='ltr'>aliis</span> <span class='ocrx_word' id='word_1_310' title='bbox 793 2755 902 2822; x_wconf 89' lang='lat' dir='ltr'>septem</span> <span class='ocrx_word' id='word_1_311' title='bbox 912 2745 1044 2824; x_wconf 82' lang='lat' dir='ltr'>Angelis,</span> <span class='ocrx_word' id='word_1_312' title='bbox 1055 2747 1091 2806; x_wconf 93' lang='lat' dir='ltr'>de</span> <span class='ocrx_word' id='word_1_313' title='bbox 1105 2749 1210 2826; x_wconf 91' lang='lat' dir='ltr'>quibus</span> <span class='ocrx_word' id='word_1_314' title='bbox 1225 2758 1320 2809; x_wconf 86' lang='lat' dir='ltr'>actum</span> 
     </span>
    </p>
   </div>
   <div class='ocr_carea' id='block_1_7' title="bbox 115 2821 1323 3300">
    <p class='ocr_par' dir='ltr' id='par_1_9' title="bbox 115 2821 1323 3300">
     <span class='ocr_line' id='line_1_31' title="bbox 117 2821 1323 2904; baseline 0.007 -23"><span class='ocrx_word' id='word_1_315' title='bbox 117 2821 166 2882; x_wconf 79' lang='lat' dir='ltr'>trit</span> <span class='ocrx_word' id='word_1_316' title='bbox 179 2844 208 2882; x_wconf 89' lang='lat' dir='ltr'>v.</span> <span class='ocrx_word' id='word_1_317' title='bbox 220 2828 253 2900; x_wconf 75' lang='lat'>⁴2,</span> <span class='ocrx_word' id='word_1_318' title='bbox 268 2833 298 2883; x_wconf 90' lang='lat' dir='ltr'>et</span> <span class='ocrx_word' id='word_1_319' title='bbox 311 2825 385 2883; x_wconf 80' lang='lat' dir='ltr'>nlius</span> <span class='ocrx_word' id='word_1_320' title='bbox 398 2841 462 2884; x_wconf 87' lang='lat' dir='ltr'>esse</span> <span class='ocrx_word' id='word_1_321' title='bbox 476 2823 582 2882; x_wconf 90' lang='lat' dir='ltr'>dicitur</span> <span class='ocrx_word' id='word_1_322' title='bbox 594 2843 652 2881; x_wconf 89' lang='lat' dir='ltr'>non</span> <span class='ocrx_word' id='word_1_323' title='bbox 667 2832 726 2884; x_wconf 78' lang='lat' dir='ltr'>tam</span> <span class='ocrx_word' id='word_1_324' title='bbox 740 2843 867 2900; x_wconf 87' lang='lat' dir='ltr'>numero,</span> <span class='ocrx_word' id='word_1_325' title='bbox 883 2845 969 2903; x_wconf 90' lang='lat' dir='ltr'>quam</span> <span class='ocrx_word' id='word_1_326' title='bbox 984 2828 1088 2904; x_wconf 88' lang='lat' dir='ltr'>specie,</span> <span class='ocrx_word' id='word_1_327' title='bbox 1100 2829 1225 2888; x_wconf 87' lang='lat' dir='ltr'>maxime</span> <span class='ocrx_word' id='word_1_328' title='bbox 1240 2829 1273 2904; x_wconf 89' lang='lat' dir='ltr'>si,</span> <span class='ocrx_word' id='word_1_329' title='bbox 1290 2839 1323 2890; x_wconf 89' lang='lat' dir='ltr'>ut</span> 
     </span>
     <span class='ocr_line' id='line_1_32' title="bbox 117 2902 1321 2982; baseline 0.002 -19"><span class='ocrx_word' id='word_1_330' title='bbox 117 2902 230 2980; x_wconf 83' lang='lat' dir='ltr'>Lyrano</span> <span class='ocrx_word' id='word_1_331' title='bbox 259 2904 362 2981; x_wconf 79' lang='lat' dir='ltr'>placat,</span> <span class='ocrx_word' id='word_1_332' title='bbox 392 2903 554 2982; x_wconf 88' lang='lat' dir='ltr'>septenario</span> <span class='ocrx_word' id='word_1_333' title='bbox 582 2921 700 2962; x_wconf 89' lang='lat' dir='ltr'>numero</span> <span class='ocrx_word' id='word_1_334' title='bbox 728 2902 909 2980; x_wconf 86' lang='lat' dir='ltr'>Angelorum</span> <span class='ocrx_word' id='word_1_335' title='bbox 938 2905 1110 2982; x_wconf 85' lang='lat' dir='ltr'>intelligitur</span> <span class='ocrx_word' id='word_1_336' title='bbox 1136 2908 1321 2968; x_wconf 87' lang='lat' dir='ltr'>universitas.</span> 
     </span>
     <span class='ocr_line' id='line_1_33' title="bbox 117 2981 1322 3061; baseline 0.005 -21"><span class='ocrx_word' id='word_1_337' title='bbox 117 2985 140 3042; x_wconf 76' lang='lat' dir='ltr'>t.</span> <span class='ocrx_word' id='word_1_338' title='bbox 153 2983 227 3058; x_wconf 90' lang='lat' dir='ltr'>Quia</span> <span class='ocrx_word' id='word_1_339' title='bbox 242 2983 377 3061; x_wconf 82' lang='lat' dir='ltr'>Angelus</span> <span class='ocrx_word' id='word_1_340' title='bbox 391 2983 445 3044; x_wconf 92' lang='lat' dir='ltr'>iste</span> <span class='ocrx_word' id='word_1_341' title='bbox 459 2982 627 3060; x_wconf 89' lang='lat' dir='ltr'>proponitur</span> <span class='ocrx_word' id='word_1_342' title='bbox 641 2991 673 3041; x_wconf 92' lang='lat' dir='ltr'>nt</span> <span class='ocrx_word' id='word_1_343' title='bbox 689 2981 829 3042; x_wconf 88' lang='lat' dir='ltr'>Sacerdos</span> <span class='ocrx_word' id='word_1_344' title='bbox 840 2984 890 3059; x_wconf 91' lang='lat' dir='ltr'>qni</span> <span class='ocrx_word' id='word_1_345' title='bbox 899 2983 1025 3042; x_wconf 88' lang='lat' dir='ltr'>suffitum</span> <span class='ocrx_word' id='word_1_346' title='bbox 1037 2984 1138 3060; x_wconf 86' lang='lat' dir='ltr'>offert;</span> <span class='ocrx_word' id='word_1_347' title='bbox 1154 2985 1197 3043; x_wconf 91' lang='lat' dir='ltr'>At</span> <span class='ocrx_word' id='word_1_348' title='bbox 1206 2986 1322 3048; x_wconf 89' lang='lat' dir='ltr'>Christo</span> 
     </span>
     <span class='ocr_line' id='line_1_34' title="bbox 116 3061 1321 3139; baseline 0.004 -19"><span class='ocrx_word' id='word_1_349' title='bbox 116 3063 167 3120; x_wconf 89' lang='lat' dir='ltr'>soli</span> <span class='ocrx_word' id='word_1_350' title='bbox 180 3064 237 3122; x_wconf 91' lang='lat' dir='ltr'>hoc</span> <span class='ocrx_word' id='word_1_351' title='bbox 251 3063 378 3122; x_wconf 87' lang='lat' dir='ltr'>officium</span> <span class='ocrx_word' id='word_1_352' title='bbox 392 3063 462 3122; x_wconf 88' lang='lat' dir='ltr'>alibi</span> <span class='ocrx_word' id='word_1_353' title='bbox 475 3061 647 3137; x_wconf 81' lang='lat' dir='ltr'>vindicatur,</span> <span class='ocrx_word' id='word_1_354' title='bbox 665 3061 756 3119; x_wconf 88' lang='lat' dir='ltr'>Hebr.</span> <span class='ocrx_word' id='word_1_355' title='bbox 772 3062 812 3118; x_wconf 89' lang='lat' dir='ltr'>ix.</span> <span class='ocrx_word' id='word_1_356' title='bbox 828 3065 875 3136; x_wconf 77' lang='grc'>24,</span> <span class='ocrx_word' id='word_1_357' title='bbox 892 3071 991 3138; x_wconf 90' lang='lat' dir='ltr'>utpote</span> <span class='ocrx_word' id='word_1_358' title='bbox 1005 3064 1055 3139; x_wconf 89' lang='lat' dir='ltr'>qni</span> <span class='ocrx_word' id='word_1_359' title='bbox 1069 3083 1144 3122; x_wconf 89' lang='lat' dir='ltr'>unus</span> <span class='ocrx_word' id='word_1_360' title='bbox 1158 3073 1202 3124; x_wconf 90' lang='lat' dir='ltr'>est</span> <span class='ocrx_word' id='word_1_361' title='bbox 1222 3074 1321 3124; x_wconf 88' lang='lat' dir='ltr'>noster</span> 
     </span>
     <span class='ocr_line' id='line_1_35' title="bbox 115 3141 1319 3219; baseline 0.002 -19"><span class='ocrx_word' id='word_1_362' title='bbox 115 3141 189 3219; x_wconf 87' lang='lat' dir='ltr'>apud</span> <span class='ocrx_word' id='word_1_363' title='bbox 211 3143 308 3202; x_wconf 88' lang='lat' dir='ltr'>Deum</span> <span class='ocrx_word' id='word_1_364' title='bbox 332 3143 476 3202; x_wconf 88' lang='lat' dir='ltr'>Mediator</span> <span class='ocrx_word' id='word_1_365' title='bbox 498 3151 528 3202; x_wconf 91' lang='lat' dir='ltr'>et</span> <span class='ocrx_word' id='word_1_366' title='bbox 542 3141 721 3215; x_wconf 89' lang='lat' dir='ltr'>Advocatns,</span> <span class='ocrx_word' id='word_1_367' title='bbox 748 3144 762 3197; x_wconf 96' lang='grc'>1</span> <span class='ocrx_word' id='word_1_368' title='bbox 789 3141 915 3200; x_wconf 83' lang='lat' dir='ltr'>Timoth.</span> <span class='ocrx_word' id='word_1_369' title='bbox 930 3141 959 3200; x_wconf 92' lang='lat' dir='ltr'>ii.</span> <span class='ocrx_word' id='word_1_370' title='bbox 976 3145 1003 3216; x_wconf 81' lang='lat'>5,</span> <span class='ocrx_word' id='word_1_371' title='bbox 1021 3145 1080 3200; x_wconf 91' lang='lat' dir='ltr'>etl</span> <span class='ocrx_word' id='word_1_372' title='bbox 1101 3142 1230 3202; x_wconf 90' lang='lat' dir='ltr'>Johann.</span> <span class='ocrx_word' id='word_1_373' title='bbox 1246 3143 1274 3202; x_wconf 90' lang='lat' dir='ltr'>ii.</span> <span class='ocrx_word' id='word_1_374' title='bbox 1293 3148 1319 3203; x_wconf 93' lang='lat' dir='ltr'>l.</span> 
     </span>
     <span class='ocr_line' id='line_1_36' title="bbox 115 3220 1318 3300; baseline 0 -20"><span class='ocrx_word' id='word_1_375' title='bbox 115 3223 140 3280; x_wconf 88' lang='grc'>3.</span> <span class='ocrx_word' id='word_1_376' title='bbox 162 3222 237 3297; x_wconf 83' lang='lat' dir='ltr'>Quia</span> <span class='ocrx_word' id='word_1_377' title='bbox 251 3222 349 3300; x_wconf 86' lang='lat' dir='ltr'>agitur</span> <span class='ocrx_word' id='word_1_378' title='bbox 363 3222 398 3282; x_wconf 93' lang='lat' dir='ltr'>de</span> <span class='ocrx_word' id='word_1_379' title='bbox 412 3222 547 3300; x_wconf 87' lang='lat' dir='ltr'>precibus</span> <span class='ocrx_word' id='word_1_380' title='bbox 568 3220 880 3294; x_wconf 57' lang='lat' dir='ltr'>emmeramensem,</span> <span class='ocrx_word' id='word_1_381' title='bbox 902 3241 966 3298; x_wconf 83' lang='lat' dir='ltr'>qnae</span> <span class='ocrx_word' id='word_1_382' title='bbox 980 3221 1017 3278; x_wconf 88' lang='lat' dir='ltr'>ab</span> <span class='ocrx_word' id='word_1_383' title='bbox 1034 3221 1151 3298; x_wconf 87' lang='lat' dir='ltr'>Angelo</span> <span class='ocrx_word' id='word_1_384' title='bbox 1166 3231 1261 3282; x_wconf 88' lang='lat' dir='ltr'>creato</span> <span class='ocrx_word' id='word_1_385' title='bbox 1276 3225 1318 3282; x_wconf 88' lang='lat' dir='ltr'>ol-</span> 
     </span>
    </p>
   </div>
   <div class='ocr_carea' id='block_1_8' title="bbox 16 3299 1319 3459">
    <p class='ocr_par' dir='ltr' id='par_1_10' title="bbox 16 3299 1319 3459">
     <span class='ocr_line' id='line_1_37' title="bbox 16 3299 1319 3379; baseline 0.002 -20"><span class='ocrx_word' id='word_1_386' title='bbox 16 3331 17 3340; x_wconf 43' lang='lat'><em>*</em></span> <span class='ocrx_word' id='word_1_387' title='bbox 115 3301 177 3360; x_wconf 80' lang='lat' dir='ltr'>terri</span> <span class='ocrx_word' id='word_1_388' title='bbox 191 3310 349 3379; x_wconf 90' lang='lat' dir='ltr'>nequeunt.</span> <span class='ocrx_word' id='word_1_389' title='bbox 390 3306 418 3361; x_wconf 87' lang='lat'>4.</span> <span class='ocrx_word' id='word_1_390' title='bbox 441 3301 516 3376; x_wconf 89' lang='lat' dir='ltr'>Quia</span> <span class='ocrx_word' id='word_1_391' title='bbox 539 3300 645 3370; x_wconf 82' lang='lat' dir='ltr'>dicitur</span> <span class='ocrx_word' id='word_1_392' title='bbox 663 3299 807 3377; x_wconf 89' lang='lat' dir='ltr'>accepisse</span> <span class='ocrx_word' id='word_1_393' title='bbox 832 3299 1010 3360; x_wconf 86' lang='lat' dir='ltr'>thuribulum</span> <span class='ocrx_word' id='word_1_394' title='bbox 1024 3310 1054 3361; x_wconf 87' lang='lat' dir='ltr'>et</span> <span class='ocrx_word' id='word_1_395' title='bbox 1068 3301 1232 3379; x_wconf 88' lang='lat' dir='ltr'>implevisse</span> <span class='ocrx_word' id='word_1_396' title='bbox 1247 3303 1319 3363; x_wconf 93' lang='lat' dir='ltr'>illud</span> 
     </span>
     <span class='ocr_line' id='line_1_38' title="bbox 16 3379 1319 3459; baseline 0.003 -21"><span class='ocrx_word' id='word_1_397' title='bbox 16 3401 17 3410; x_wconf 55' lang='lat'>¹</span> <span class='ocrx_word' id='word_1_398' title='bbox 114 3382 177 3459; x_wconf 89' lang='lat' dir='ltr'>igne</span> <span class='ocrx_word' id='word_1_399' title='bbox 192 3382 301 3456; x_wconf 85' lang='lat' dir='ltr'>altaris,</span> <span class='ocrx_word' id='word_1_400' title='bbox 325 3389 355 3440; x_wconf 89' lang='lat' dir='ltr'>ct</span> <span class='ocrx_word' id='word_1_401' title='bbox 369 3381 524 3459; x_wconf 89' lang='lat' dir='ltr'>projecisse</span> <span class='ocrx_word' id='word_1_402' title='bbox 547 3380 576 3438; x_wconf 93' lang='lat' dir='ltr'>in</span> <span class='ocrx_word' id='word_1_403' title='bbox 601 3389 714 3454; x_wconf 88' lang='lat' dir='ltr'>terram,</span> <span class='ocrx_word' id='word_1_404' title='bbox 738 3381 756 3412; x_wconf 87' lang='lat'>“</span> <span class='ocrx_word' id='word_1_405' title='bbox 770 3379 847 3440; x_wconf 92' lang='lat' dir='ltr'>unde</span> <span class='ocrx_word' id='word_1_406' title='bbox 868 3379 944 3440; x_wconf 85' lang='lat' dir='ltr'>lacta</span> <span class='ocrx_word' id='word_1_407' title='bbox 958 3381 1015 3440; x_wconf 90' lang='lat' dir='ltr'>sint</span> <span class='ocrx_word' id='word_1_408' title='bbox 1029 3381 1163 3458; x_wconf 87' lang='lat' dir='ltr'>tonitrua,</span> <span class='ocrx_word' id='word_1_409' title='bbox 1180 3391 1208 3442; x_wconf 91' lang='lat' dir='ltr'>et</span> <span class='ocrx_word' id='word_1_410' title='bbox 1222 3403 1319 3459; x_wconf 83' lang='lat' dir='ltr'>voces,</span> 
     </span>
    </p>
   </div>
   <div class='ocr_carea' id='block_1_9' title="bbox 112 3459 1319 4173">
    <p class='ocr_par' dir='ltr' id='par_1_11' title="bbox 112 3459 1319 4173">
     <span class='ocr_line' id='line_1_39' title="bbox 114 3459 1319 3537; baseline 0.003 -17"><span class='ocrx_word' id='word_1_411' title='bbox 114 3471 140 3520; x_wconf 86' lang='lat' dir='ltr'>ct</span> <span class='ocrx_word' id='word_1_412' title='bbox 154 3469 238 3520; x_wconf 86' lang='lat' dir='ltr'>terrae</span> <span class='ocrx_word' id='word_1_413' title='bbox 252 3463 377 3534; x_wconf 87' lang='lat' dir='ltr'>motus‚&#39;’</span> <span class='ocrx_word' id='word_1_414' title='bbox 393 3481 422 3521; x_wconf 89' lang='lat' dir='ltr'>v.</span> <span class='ocrx_word' id='word_1_415' title='bbox 432 3463 459 3534; x_wconf 84' lang='lat'>5,</span> <span class='ocrx_word' id='word_1_416' title='bbox 476 3459 554 3535; x_wconf 91' lang='lat' dir='ltr'>quod</span> <span class='ocrx_word' id='word_1_417' title='bbox 569 3459 683 3520; x_wconf 90' lang='lat' dir='ltr'>Christo</span> <span class='ocrx_word' id='word_1_418' title='bbox 698 3459 813 3520; x_wconf 90' lang='lat' dir='ltr'>demum</span> <span class='ocrx_word' id='word_1_419' title='bbox 828 3461 971 3536; x_wconf 87' lang='lat' dir='ltr'>convenit,</span> <span class='ocrx_word' id='word_1_420' title='bbox 987 3462 1037 3537; x_wconf 90' lang='lat' dir='ltr'>qui</span> <span class='ocrx_word' id='word_1_421' title='bbox 1051 3461 1156 3522; x_wconf 91' lang='lat' dir='ltr'>dicitur</span> <span class='ocrx_word' id='word_1_422' title='bbox 1172 3465 1189 3496; x_wconf 87' lang='lat'><strong>“</strong></span> <span class='ocrx_word' id='word_1_423' title='bbox 1204 3465 1319 3524; x_wconf 86' lang='lat' dir='ltr'>venisse</span> 
     </span>
     <span class='ocr_line' id='line_1_40' title="bbox 113 3539 1318 3620; baseline 0.003 -22"><span class='ocrx_word' id='word_1_424' title='bbox 113 3541 251 3600; x_wconf 89' lang='lat' dir='ltr'>missurus</span> <span class='ocrx_word' id='word_1_425' title='bbox 260 3541 357 3617; x_wconf 89' lang='lat' dir='ltr'>ignem</span> <span class='ocrx_word' id='word_1_426' title='bbox 363 3539 393 3598; x_wconf 94' lang='lat' dir='ltr'>in</span> <span class='ocrx_word' id='word_1_427' title='bbox 404 3539 538 3615; x_wconf 72' lang='lat' dir='ltr'>terrm,”</span> <span class='ocrx_word' id='word_1_428' title='bbox 550 3539 620 3599; x_wconf 89' lang='lat' dir='ltr'>Luc.</span> <span class='ocrx_word' id='word_1_429' title='bbox 629 3539 681 3598; x_wconf 84' lang='lat' dir='ltr'>xii.</span> <span class='ocrx_word' id='word_1_430' title='bbox 692 3541 740 3615; x_wconf 79' lang='lat'>49,</span> <span class='ocrx_word' id='word_1_431' title='bbox 751 3542 798 3614; x_wconf 88' lang='grc'>51,</span> <span class='ocrx_word' id='word_1_432' title='bbox 814 3549 930 3620; x_wconf 88' lang='lat' dir='ltr'>propter</span> <span class='ocrx_word' id='word_1_433' title='bbox 938 3541 1058 3602; x_wconf 85' lang='lat' dir='ltr'>dissidia</span> <span class='ocrx_word' id='word_1_434' title='bbox 1068 3550 1097 3602; x_wconf 88' lang='lat' dir='ltr'>et</span> <span class='ocrx_word' id='word_1_435' title='bbox 1111 3543 1318 3618; x_wconf 87' lang='lat' dir='ltr'>contentiones,</span> 
     </span>
     <span class='ocr_line' id='line_1_41' title="bbox 113 3619 1318 3700; baseline 0.002 -20"><span class='ocrx_word' id='word_1_436' title='bbox 113 3639 175 3696; x_wconf 84' lang='lat' dir='ltr'>quae</span> <span class='ocrx_word' id='word_1_437' title='bbox 189 3640 242 3697; x_wconf 90' lang='lat' dir='ltr'>pro</span> <span class='ocrx_word' id='word_1_438' title='bbox 263 3629 308 3679; x_wconf 89' lang='lat' dir='ltr'>tar</span> <span class='ocrx_word' id='word_1_439' title='bbox 322 3619 515 3697; x_wconf 85' lang='lat' dir='ltr'>Evangelium</span> <span class='ocrx_word' id='word_1_440' title='bbox 530 3639 566 3678; x_wconf 84' lang='lat' dir='ltr'>ex</span> <span class='ocrx_word' id='word_1_441' title='bbox 580 3620 729 3679; x_wconf 90' lang='lat' dir='ltr'>hominum</span> <span class='ocrx_word' id='word_1_442' title='bbox 743 3621 853 3680; x_wconf 89' lang='lat' dir='ltr'>malitia</span> <span class='ocrx_word' id='word_1_443' title='bbox 866 3629 941 3682; x_wconf 74' lang='lat' dir='ltr'>natae</span> <span class='ocrx_word' id='word_1_444' title='bbox 956 3631 1030 3697; x_wconf 88' lang='lat' dir='ltr'>sunt,</span> <span class='ocrx_word' id='word_1_445' title='bbox 1042 3630 1074 3682; x_wconf 91' lang='lat' dir='ltr'>ut</span> <span class='ocrx_word' id='word_1_446' title='bbox 1087 3623 1163 3682; x_wconf 90' lang='lat' dir='ltr'>idem</span> <span class='ocrx_word' id='word_1_447' title='bbox 1178 3623 1254 3699; x_wconf 90' lang='lat' dir='ltr'>ignis</span> <span class='ocrx_word' id='word_1_448' title='bbox 1268 3625 1318 3700; x_wconf 93' lang='lat' dir='ltr'>qui</span> 
     </span>
     <span class='ocr_line' id='line_1_42' title="bbox 113 3699 1317 3777; baseline 0.003 -19"><span class='ocrx_word' id='word_1_449' title='bbox 113 3699 219 3758; x_wconf 88' lang='lat' dir='ltr'>electos</span> <span class='ocrx_word' id='word_1_450' title='bbox 245 3709 312 3758; x_wconf 87' lang='lat' dir='ltr'>ovet</span> <span class='ocrx_word' id='word_1_451' title='bbox 326 3708 355 3760; x_wconf 90' lang='lat' dir='ltr'>et</span> <span class='ocrx_word' id='word_1_452' title='bbox 369 3707 482 3777; x_wconf 89' lang='lat' dir='ltr'>purgat,</span> <span class='ocrx_word' id='word_1_453' title='bbox 504 3699 603 3758; x_wconf 89' lang='lat' dir='ltr'>hostes</span> <span class='ocrx_word' id='word_1_454' title='bbox 625 3709 735 3774; x_wconf 88' lang='lat' dir='ltr'>exurat,</span> <span class='ocrx_word' id='word_1_455' title='bbox 762 3708 792 3761; x_wconf 91' lang='lat' dir='ltr'>at</span> <span class='ocrx_word' id='word_1_456' title='bbox 812 3709 970 3775; x_wconf 89' lang='lat' dir='ltr'>consumat,</span> <span class='ocrx_word' id='word_1_457' title='bbox 996 3701 1096 3760; x_wconf 86' lang='lat' dir='ltr'>eadem</span> <span class='ocrx_word' id='word_1_458' title='bbox 1119 3721 1196 3760; x_wconf 88' lang='lat' dir='ltr'>mors</span> <span class='ocrx_word' id='word_1_459' title='bbox 1211 3703 1317 3764; x_wconf 89' lang='lat' dir='ltr'>Christi</span> 
     </span>
     <span class='ocr_line' id='line_1_43' title="bbox 113 3777 1315 3855; baseline 0.002 -19"><span class='ocrx_word' id='word_1_460' title='bbox 113 3778 176 3837; x_wconf 88' lang='lat' dir='ltr'>eliis</span> <span class='ocrx_word' id='word_1_461' title='bbox 190 3779 274 3848; x_wconf 85' lang='lat' dir='ltr'>cedat</span> <span class='ocrx_word' id='word_1_462' title='bbox 289 3779 318 3836; x_wconf 92' lang='lat' dir='ltr'>in</span> <span class='ocrx_word' id='word_1_463' title='bbox 333 3781 464 3854; x_wconf 87' lang='lat' dir='ltr'>salutem,</span> <span class='ocrx_word' id='word_1_464' title='bbox 475 3777 539 3836; x_wconf 87' lang='lat' dir='ltr'>aliis</span> <span class='ocrx_word' id='word_1_465' title='bbox 554 3779 582 3836; x_wconf 91' lang='lat' dir='ltr'>in</span> <span class='ocrx_word' id='word_1_466' title='bbox 597 3779 873 3838; x_wconf 87' lang='lat' dir='ltr'>condemnationem.</span> <span class='ocrx_word' id='word_1_467' title='bbox 910 3779 1061 3838; x_wconf 89' lang='lat' dir='ltr'>Inducitur</span> <span class='ocrx_word' id='word_1_468' title='bbox 1074 3799 1144 3855; x_wconf 89' lang='lat' dir='ltr'>ergo</span> <span class='ocrx_word' id='word_1_469' title='bbox 1157 3779 1205 3838; x_wconf 91' lang='lat' dir='ltr'>hic</span> <span class='ocrx_word' id='word_1_470' title='bbox 1220 3779 1315 3838; x_wconf 89' lang='lat' dir='ltr'>Chris-</span> 
     </span>
     <span class='ocr_line' id='line_1_44' title="bbox 113 3857 1315 3936; baseline 0.001 -21"><span class='ocrx_word' id='word_1_471' title='bbox 113 3869 157 3916; x_wconf 89' lang='lat' dir='ltr'>tus</span> <span class='ocrx_word' id='word_1_472' title='bbox 171 3877 295 3934; x_wconf 88' lang='lat' dir='ltr'>magnus</span> <span class='ocrx_word' id='word_1_473' title='bbox 310 3858 359 3918; x_wconf 88' lang='lat' dir='ltr'>ille</span> <span class='ocrx_word' id='word_1_474' title='bbox 380 3858 514 3936; x_wconf 86' lang='lat' dir='ltr'>Angelus</span> <span class='ocrx_word' id='word_1_475' title='bbox 538 3858 663 3932; x_wconf 85' lang='lat' dir='ltr'>foederis,</span> <span class='ocrx_word' id='word_1_476' title='bbox 687 3865 719 3916; x_wconf 91' lang='lat' dir='ltr'>ut</span> <span class='ocrx_word' id='word_1_477' title='bbox 734 3877 862 3916; x_wconf 88' lang='lat' dir='ltr'>summus</span> <span class='ocrx_word' id='word_1_478' title='bbox 878 3857 1012 3919; x_wconf 82' lang='lat' dir='ltr'>Pontifex</span> <span class='ocrx_word' id='word_1_479' title='bbox 1027 3859 1064 3916; x_wconf 87' lang='lat' dir='ltr'>N.</span> <span class='ocrx_word' id='word_1_480' title='bbox 1079 3857 1167 3931; x_wconf 89' lang='lat' dir='ltr'>Tcst,</span> <span class='ocrx_word' id='word_1_481' title='bbox 1183 3858 1233 3934; x_wconf 88' lang='lat' dir='ltr'>qui</span> <span class='ocrx_word' id='word_1_482' title='bbox 1257 3859 1315 3916; x_wconf 87' lang='lat' dir='ltr'>suf·</span> 
     </span>
     <span class='ocr_line' id='line_1_45' title="bbox 113 3934 1315 4013; baseline 0.002 -19"><span class='ocrx_word' id='word_1_483' title='bbox 113 3937 162 3996; x_wconf 89' lang='lat' dir='ltr'>fitu</span> <span class='ocrx_word' id='word_1_484' title='bbox 173 3958 236 4012; x_wconf 87' lang='lat' dir='ltr'>suo,</span> <span class='ocrx_word' id='word_1_485' title='bbox 246 3937 285 3997; x_wconf 91' lang='lat' dir='ltr'>id.</span> <span class='ocrx_word' id='word_1_486' title='bbox 301 3938 395 3998; x_wconf 89' lang='lat' dir='ltr'>meriti</span> <span class='ocrx_word' id='word_1_487' title='bbox 410 3939 455 3998; x_wconf 92' lang='lat' dir='ltr'>sui</span> <span class='ocrx_word' id='word_1_488' title='bbox 469 3935 562 4013; x_wconf 66' lang='lat' dir='ltr'>rtuh&#39;qr,</span> <span class='ocrx_word' id='word_1_489' title='bbox 577 3956 677 4013; x_wconf 90' lang='lat' dir='ltr'>preces</span> <span class='ocrx_word' id='word_1_490' title='bbox 691 3945 805 3996; x_wconf 74' lang='lat' dir='ltr'>nonnas</span> <span class='ocrx_word' id='word_1_491' title='bbox 818 3934 901 3994; x_wconf 84' lang='lat' dir='ltr'>offert</span> <span class='ocrx_word' id='word_1_492' title='bbox 917 3937 989 4010; x_wconf 92' lang='lat' dir='ltr'>Deo,</span> <span class='ocrx_word' id='word_1_493' title='bbox 1004 3945 1034 3995; x_wconf 86' lang='lat' dir='ltr'>et</span> <span class='ocrx_word' id='word_1_494' title='bbox 1047 3944 1179 4013; x_wconf 89' lang='lat' dir='ltr'>acceptas</span> <span class='ocrx_word' id='word_1_495' title='bbox 1193 3935 1236 3994; x_wconf 91' lang='lat' dir='ltr'>illi</span> <span class='ocrx_word' id='word_1_496' title='bbox 1251 3937 1315 3996; x_wconf 92' lang='lat' dir='ltr'>red·</span> 
     </span>
     <span class='ocr_line' id='line_1_46' title="bbox 112 4013 1315 4093; baseline -0.001 -18"><span class='ocrx_word' id='word_1_497' title='bbox 112 4016 160 4091; x_wconf 86' lang='lat' dir='ltr'>dit,</span> <span class='ocrx_word' id='word_1_498' title='bbox 175 4017 318 4076; x_wconf 83' lang='lat' dir='ltr'>allusione</span> <span class='ocrx_word' id='word_1_499' title='bbox 332 4016 409 4078; x_wconf 87' lang='lat' dir='ltr'>iacta</span> <span class='ocrx_word' id='word_1_500' title='bbox 430 4017 468 4078; x_wconf 87' lang='lat' dir='ltr'>ad</span> <span class='ocrx_word' id='word_1_501' title='bbox 483 4015 667 4076; x_wconf 80' lang='lat' dir='ltr'>Sacerdotem</span> <span class='ocrx_word' id='word_1_502' title='bbox 686 4013 816 4090; x_wconf 74' lang='lat' dir='ltr'>typicum</span> <span class='ocrx_word' id='word_1_503' title='bbox 831 4015 898 4074; x_wconf 88' lang='lat' dir='ltr'>Vet.</span> <span class='ocrx_word' id='word_1_504' title='bbox 911 4015 954 4088; x_wconf 76' lang='lat' dir='ltr'>T,</span> <span class='ocrx_word' id='word_1_505' title='bbox 970 4015 1020 4092; x_wconf 89' lang='lat' dir='ltr'>qui</span> <span class='ocrx_word' id='word_1_506' title='bbox 1034 4015 1241 4076; x_wconf 84' lang='lat' dir='ltr'>intercessurus</span> <span class='ocrx_word' id='word_1_507' title='bbox 1262 4037 1315 4093; x_wconf 89' lang='lat' dir='ltr'>pre</span> 
     </span>
     <span class='ocr_line' id='line_1_47' title="bbox 112 4093 1314 4173; baseline -0.002 -19"><span class='ocrx_word' id='word_1_508' title='bbox 112 4097 223 4173; x_wconf 90' lang='lat' dir='ltr'>populo,</span> <span class='ocrx_word' id='word_1_509' title='bbox 241 4096 387 4157; x_wconf 92' lang='lat' dir='ltr'>thuribulo</span> <span class='ocrx_word' id='word_1_510' title='bbox 402 4117 489 4156; x_wconf 89' lang='lat' dir='ltr'>aureo</span> <span class='ocrx_word' id='word_1_511' title='bbox 500 4094 665 4172; x_wconf 89' lang='lat' dir='ltr'>imponebat</span> <span class='ocrx_word' id='word_1_512' title='bbox 678 4093 874 4170; x_wconf 80' lang='lat' dir='ltr'>thymiamata,</span> <span class='ocrx_word' id='word_1_513' title='bbox 890 4113 955 4170; x_wconf 78' lang='lat' dir='ltr'>qua</span> <span class='ocrx_word' id='word_1_514' title='bbox 976 4102 1090 4171; x_wconf 85' lang='lat' dir='ltr'>gratum</span> <span class='ocrx_word' id='word_1_515' title='bbox 1114 4095 1177 4154; x_wconf 91' lang='lat' dir='ltr'>Deo</span> <span class='ocrx_word' id='word_1_516' title='bbox 1198 4094 1314 4154; x_wconf 90' lang='lat' dir='ltr'>odorem</span> 
     </span>
    </p>
   </div>
   <div class='ocr_carea' id='block_1_10' title="bbox 17 4173 1314 4251">
    <p class='ocr_par' dir='ltr' id='par_1_12' title="bbox 17 4173 1314 4251">
     <span class='ocr_line' id='line_1_48' title="bbox 17 4173 1314 4251; baseline -0.002 -17"><span class='ocrx_word' id='word_1_517' title='bbox 17 4207 18 4212; x_wconf 18' lang='grc' dir='ltr'><strong>κ</strong></span> <span class='ocrx_word' id='word_1_518' title='bbox 112 4175 247 4236; x_wconf 80' lang='lat' dir='ltr'>exhalare</span> <span class='ocrx_word' id='word_1_519' title='bbox 261 4175 439 4237; x_wconf 87' lang='lat' dir='ltr'>dicebantur.</span> <span class='ocrx_word' id='word_1_520' title='bbox 483 4177 544 4234; x_wconf 89' lang='lat' dir='ltr'>Nec</span> <span class='ocrx_word' id='word_1_521' title='bbox 558 4175 625 4234; x_wconf 92' lang='lat' dir='ltr'>huic</span> <span class='ocrx_word' id='word_1_522' title='bbox 639 4173 812 4251; x_wconf 84' lang='lat' dir='ltr'>expositioni</span> <span class='ocrx_word' id='word_1_523' title='bbox 827 4174 933 4250; x_wconf 91' lang='lat' dir='ltr'>opponi</span> <span class='ocrx_word' id='word_1_524' title='bbox 947 4181 1050 4250; x_wconf 89' lang='lat' dir='ltr'>potest,</span> <span class='ocrx_word' id='word_1_525' title='bbox 1075 4177 1101 4231; x_wconf 94' lang='lat'>1.</span> <span class='ocrx_word' id='word_1_526' title='bbox 1117 4173 1202 4248; x_wconf 87' lang='lat' dir='ltr'>Quod</span> <span class='ocrx_word' id='word_1_527' title='bbox 1216 4174 1314 4232; x_wconf 88' lang='lat' dir='ltr'>Chris·</span> 
     </span>
    </p>
   </div>
   <div class='ocr_carea' id='block_1_11' title="bbox 111 4252 1315 4728">
    <p class='ocr_par' dir='ltr' id='par_1_13' title="bbox 111 4252 1315 4728">
     <span class='ocr_line' id='line_1_49' title="bbox 112 4252 1314 4333; baseline -0.001 -20"><span class='ocrx_word' id='word_1_528' title='bbox 112 4263 156 4314; x_wconf 86' lang='lat' dir='ltr'>tus</span> <span class='ocrx_word' id='word_1_529' title='bbox 170 4275 318 4333; x_wconf 86' lang='lat' dir='ltr'>nunquam</span> <span class='ocrx_word' id='word_1_530' title='bbox 333 4257 373 4317; x_wconf 89' lang='lat' dir='ltr'>ita</span> <span class='ocrx_word' id='word_1_531' title='bbox 394 4257 525 4316; x_wconf 89' lang='lat' dir='ltr'>obsolute</span> <span class='ocrx_word' id='word_1_532' title='bbox 540 4263 676 4328; x_wconf 57' lang='lat' dir='ltr'>cocetum</span> <span class='ocrx_word' id='word_1_533' title='bbox 700 4252 880 4312; x_wconf 83' lang='lat' dir='ltr'>Contrarium</span> <span class='ocrx_word' id='word_1_534' title='bbox 895 4253 971 4312; x_wconf 88' lang='lat' dir='ltr'>enim</span> <span class='ocrx_word' id='word_1_535' title='bbox 985 4261 1115 4329; x_wconf 82' lang='lat' dir='ltr'>patetex</span> <span class='ocrx_word' id='word_1_536' title='bbox 1130 4254 1204 4313; x_wconf 88' lang='lat' dir='ltr'>Gen.</span> <span class='ocrx_word' id='word_1_537' title='bbox 1220 4253 1314 4312; x_wconf 88' lang='lat' dir='ltr'>xlviii.</span> 
     </span>
     <span class='ocr_line' id='line_1_50' title="bbox 116 4331 1313 4414; baseline 0.001 -23"><span class='ocrx_word' id='word_1_538' title='bbox 116 4337 157 4396; x_wconf 85' lang='grc'>16.</span> <span class='ocrx_word' id='word_1_539' title='bbox 200 4340 229 4394; x_wconf 73' lang='lat'>2.</span> <span class='ocrx_word' id='word_1_540' title='bbox 245 4335 330 4409; x_wconf 88' lang='lat' dir='ltr'>Quod</span> <span class='ocrx_word' id='word_1_541' title='bbox 344 4336 539 4414; x_wconf 87' lang='lat' dir='ltr'>distinguatur</span> <span class='ocrx_word' id='word_1_542' title='bbox 554 4334 687 4411; x_wconf 88' lang='lat' dir='ltr'>Angelus</span> <span class='ocrx_word' id='word_1_543' title='bbox 699 4334 753 4394; x_wconf 88' lang='lat' dir='ltr'>iste</span> <span class='ocrx_word' id='word_1_544' title='bbox 768 4332 804 4391; x_wconf 87' lang='lat' dir='ltr'>ab</span> <span class='ocrx_word' id='word_1_545' title='bbox 819 4332 902 4392; x_wconf 84' lang='lat' dir='ltr'>altari</span> <span class='ocrx_word' id='word_1_546' title='bbox 916 4353 1011 4406; x_wconf 89' lang='lat' dir='ltr'>aureo,</span> <span class='ocrx_word' id='word_1_547' title='bbox 1027 4331 1106 4409; x_wconf 89' lang='lat' dir='ltr'>quod</span> <span class='ocrx_word' id='word_1_548' title='bbox 1120 4333 1159 4395; x_wconf 90' lang='lat' dir='ltr'>sit</span> <span class='ocrx_word' id='word_1_549' title='bbox 1172 4333 1313 4394; x_wconf 84' lang='lat' dir='ltr'>Christus.</span> 
     </span>
     <span class='ocr_line' id='line_1_51' title="bbox 112 4412 1315 4492; baseline -0.002 -20"><span class='ocrx_word' id='word_1_550' title='bbox 112 4413 183 4487; x_wconf 78' lang='lat' dir='ltr'>Quia</span> <span class='ocrx_word' id='word_1_551' title='bbox 197 4424 306 4473; x_wconf 89' lang='lat' dir='ltr'>certum</span> <span class='ocrx_word' id='word_1_552' title='bbox 321 4427 366 4474; x_wconf 91' lang='lat' dir='ltr'>est</span> <span class='ocrx_word' id='word_1_553' title='bbox 379 4416 486 4476; x_wconf 88' lang='lat' dir='ltr'>multos</span> <span class='ocrx_word' id='word_1_554' title='bbox 500 4425 585 4492; x_wconf 89' lang='lat' dir='ltr'>typos</span> <span class='ocrx_word' id='word_1_555' title='bbox 600 4414 685 4475; x_wconf 87' lang='lat' dir='ltr'>simul</span> <span class='ocrx_word' id='word_1_556' title='bbox 700 4413 736 4472; x_wconf 89' lang='lat' dir='ltr'>ad</span> <span class='ocrx_word' id='word_1_557' title='bbox 746 4413 892 4472; x_wconf 85' lang='lat' dir='ltr'>Christum</span> <span class='ocrx_word' id='word_1_558' title='bbox 904 4412 1053 4489; x_wconf 87' lang='lat' dir='ltr'>respicere,</span> <span class='ocrx_word' id='word_1_559' title='bbox 1066 4413 1106 4471; x_wconf 90' lang='lat' dir='ltr'>ita</span> <span class='ocrx_word' id='word_1_560' title='bbox 1114 4421 1146 4472; x_wconf 87' lang='lat' dir='ltr'>ut</span> <span class='ocrx_word' id='word_1_561' title='bbox 1156 4412 1315 4472; x_wconf 89' lang='lat' dir='ltr'>secundum</span> 
     </span>
     <span class='ocr_line' id='line_1_52' title="bbox 113 4491 1313 4571; baseline 0.004 -23"><span class='ocrx_word' id='word_1_562' title='bbox 113 4495 204 4552; x_wconf 82' lang='lat' dir='ltr'>varias</span> <span class='ocrx_word' id='word_1_563' title='bbox 218 4496 321 4568; x_wconf 69' lang='grc' dir='ltr'>σχιηις,</span> <span class='ocrx_word' id='word_1_564' title='bbox 337 4503 367 4554; x_wconf 89' lang='lat' dir='ltr'>ct</span> <span class='ocrx_word' id='word_1_565' title='bbox 381 4515 431 4571; x_wconf 88' lang='lat' dir='ltr'>per</span> <span class='ocrx_word' id='word_1_566' title='bbox 447 4495 631 4554; x_wconf 87' lang='lat' dir='ltr'>Sacerdotem</span> <span class='ocrx_word' id='word_1_567' title='bbox 650 4493 871 4567; x_wconf 88' lang='lat' dir='ltr'>thurificantem,</span> <span class='ocrx_word' id='word_1_568' title='bbox 890 4502 919 4552; x_wconf 90' lang='lat' dir='ltr'>et</span> <span class='ocrx_word' id='word_1_569' title='bbox 933 4511 984 4570; x_wconf 87' lang='lat' dir='ltr'>per</span> <span class='ocrx_word' id='word_1_570' title='bbox 998 4491 1109 4564; x_wconf 84' lang='lat' dir='ltr'>Altare,</span> <span class='ocrx_word' id='word_1_571' title='bbox 1132 4501 1161 4552; x_wconf 90' lang='lat' dir='ltr'>ot</span> <span class='ocrx_word' id='word_1_572' title='bbox 1174 4511 1226 4569; x_wconf 90' lang='lat' dir='ltr'>per</span> <span class='ocrx_word' id='word_1_573' title='bbox 1240 4493 1313 4553; x_wconf 88' lang='lat' dir='ltr'>Can-</span> 
     </span>
     <span class='ocr_line' id='line_1_53' title="bbox 111 4571 1313 4652; baseline 0.003 -24"><span class='ocrx_word' id='word_1_574' title='bbox 111 4571 266 4648; x_wconf 84' lang='lat' dir='ltr'>delabrum,</span> <span class='ocrx_word' id='word_1_575' title='bbox 282 4583 311 4632; x_wconf 92' lang='lat' dir='ltr'>et</span> <span class='ocrx_word' id='word_1_576' title='bbox 326 4595 376 4650; x_wconf 92' lang='lat' dir='ltr'>per</span> <span class='ocrx_word' id='word_1_577' title='bbox 389 4595 478 4652; x_wconf 88' lang='lat' dir='ltr'>panes</span> <span class='ocrx_word' id='word_1_578' title='bbox 492 4583 662 4650; x_wconf 86' lang='lat' dir='ltr'>conspectus</span> <span class='ocrx_word' id='word_1_579' title='bbox 675 4572 880 4632; x_wconf 88' lang='lat' dir='ltr'>adumbretur:</span> <span class='ocrx_word' id='word_1_580' title='bbox 902 4573 1040 4632; x_wconf 75' lang='lat' dir='ltr'>Sacerdos</span> <span class='ocrx_word' id='word_1_581' title='bbox 1061 4580 1192 4648; x_wconf 84' lang='lat' dir='ltr'>respectu</span> <span class='ocrx_word' id='word_1_582' title='bbox 1216 4571 1313 4648; x_wconf 82' lang='lat' dir='ltr'>persn-</span> 
     </span>
     <span class='ocr_line' id='line_1_54' title="bbox 114 4652 1312 4728; baseline 0.002 -19"><span class='ocrx_word' id='word_1_583' title='bbox 114 4671 163 4728; x_wconf 81' lang='lat' dir='ltr'>naa,</span> <span class='ocrx_word' id='word_1_584' title='bbox 179 4655 281 4712; x_wconf 83' lang='lat' dir='ltr'>Attcre</span> <span class='ocrx_word' id='word_1_585' title='bbox 302 4655 525 4712; x_wconf 74' lang='lat' dir='ltr'>halocaustoma</span> <span class='ocrx_word' id='word_1_586' title='bbox 547 4653 578 4712; x_wconf 92' lang='lat' dir='ltr'>in</span> <span class='ocrx_word' id='word_1_587' title='bbox 593 4655 692 4728; x_wconf 84' lang='lat' dir='ltr'>Crucc,</span> <span class='ocrx_word' id='word_1_588' title='bbox 714 4655 853 4726; x_wconf 72' lang='lat' dir='ltr'>saffincmn</span> <span class='ocrx_word' id='word_1_589' title='bbox 876 4653 905 4712; x_wconf 89' lang='lat' dir='ltr'>in</span> <span class='ocrx_word' id='word_1_590' title='bbox 926 4652 1143 4728; x_wconf 88' lang='lat' dir='ltr'>Intercessione,</span> <span class='ocrx_word' id='word_1_591' title='bbox 1171 4653 1312 4714; x_wconf 75' lang='lat' dir='ltr'>Castricia-</span> 
     </span>
    </p>
   </div>
   <div class='ocr_carea' id='block_1_12' title="bbox 0 0 1592 5174">
    <p class='ocr_par' dir='ltr' id='par_1_14' title="bbox 0 0 1592 5174">
     <span class='ocr_line' id='line_1_55' title="bbox 0 0 1592 5174; baseline 0 1"><span class='ocrx_word' id='word_1_592' title='bbox 0 0 1592 5174; x_wconf 95' lang='lat' dir='ltr'> </span> 
     </span>
    </p>
   </div>
  </div>
 </body>
</html>
