3158 5190
235 343 291 404 104
704 359 795 404 uncus
810 359 968 404 secessus.
1251 333 1375 419 [ounsr.
1390 357 1437 400 rr.

233 525 303 564 num
314 523 371 562 non
386 521 470 580 posse
485 499 631 562 emendari
645 503 701 562 uisi
715 503 906 580 exprimatis
920 503 1027 579 lingua
1038 499 1170 560 veritate.
1190 499 1272 559 Vives
1285 498 1316 556 in
1325 499 1376 560 hh.
1389 503 1440 576 14,

234 585 314 661 Aug.
329 582 366 641 de
381 584 413 642 C.
430 582 466 641 D.
482 602 507 641 c.
522 585 551 658 8,
566 582 621 641 hoc
635 589 773 658 tanquam
788 593 898 642 certum
912 590 942 641 et
963 579 1158 640 indubitatum
1179 579 1270 656 ponit,
1293 577 1443 639 adientes

234 683 298 722 esee
312 660 525 721 recurrendum.
569 661 652 720 Idem
674 662 803 722 sentiunt
827 663 965 737 Saltum,
980 661 1161 736 Borysreriua
1172 660 1293 733 Masius,
1308 659 1439 735 Musaue,

234 743 387 803 Jcrtseaiua
401 761 466 801 curn
481 741 590 799 familia
604 760 664 816 sua,
679 742 787 819 aliique
800 743 850 820 qui
865 741 986 800 subinde
1000 739 1146 799 adientes
1159 745 1329 816 provocant.

536 821 626 881 VIII.
654 822 749 880 Vatia
761 821 906 881 Ιιεοιίυπω
918 841 984 899 quae
997 827 1152 878 occurrunt
1171 819 1202 877 in
1217 817 1375 894 Scriptura
1390 838 1444 878 au-

274 887 441 990 stffifflu'
491 901 632 960 thentiam
653 902 717 979 ejus
744 921 805 961 non
824 909 967 975 evertunt,
990 899 1060 977 quia
1081 897 1165 958 facile
1186 897 1444 976 deprehenduntur

407 977 412 988 ¹
496 989 526 1040 et
539 981 745 1059 dijudicantur,
766 981 872 1058 partim
893 1001 931 1040 ea
954 979 1128 1039 cohaerentia
1140 979 1261 1052 Textus,
1276 977 1383 1054 partim
1403 997 1442 1037 ex

235 1057 390 1118 collatione
402 1058 553 1119 meliorum
565 1060 723 1136 Codicum3
738 1061 886 1120 nonnullae
899 1060 986 1120 etiam
999 1059 1074 1118 tales
1088 1067 1164 1134 sunt,
1178 1065 1212 1117 ut
1224 1056 1295 1116 lieet
1308 1056 1442 1133 diversa,

235 1157 294 1197 uon
307 1138 382 1196 mele
396 1146 493 1198 tamen
506 1140 600 1199 eidem
614 1141 721 1200 Textui
735 1141 917 1200 conveniant.

277 1216 337 1276 IX.
353 1217 444 1276 ¹Licet
457 1239 495 1278 ex
510 1220 644 1279 Hebraeis
657 1229 688 1279 et
702 1221 813 1280 Graecis
837 1219 965 1279 fontibus
979 1217 1068 1277 variae
1088 1215 1288 1276 contentiones
1303 1215 1442 1293 oriantur,

235 1315 295 1356 non
309 1298 439 1374 sequitur
452 1319 510 1358 non
523 1319 610 1378 posse
623 1319 686 1359 esse
710 1299 910 1376 authentieoe;
932 1298 1001 1376 quia
1021 1297 1094 1356 alies
1117 1296 1198 1356 nulla
1220 1295 1340 1354 omnino
1355 1295 1446 1354 editio

237 1375 399 1436 Bibliorum
413 1380 579 1438 authentica
602 1379 677 1439 foret
699 1379 737 1438 ad
759 1398 846 1457 quam
870 1377 1075 1438 recurrendum
1089 1385 1182 1452 esset3
1204 1375 1287 1435 nulla
1299 1375 1379 1434 enim
1398 1384 1447 1435 est

236 1457 338 1534 liugua
351 1476 418 1534 qum
430 1477 488 1516 non
502 1459 629 1536 praebeat
643 1459 763 1518 multam
777 1459 965 1518 contentiosis
985 1456 1102 1516 rixandi
1115 1457 1273 1514 materiam.
1318 1455 1443 1532 Deinde,

237 1537 374 1613 quiahoc
388 1557 447 1596 non
461 1537 635 1598 sitientium
649 1538 729 1613 vitio,
746 1538 798 1597 sed
811 1557 911 1598 eorum
925 1537 976 1615 qui
989 1537 1117 1597 fontibus
1131 1536 1298 1610 abutuntur,
1315 1536 1365 1594 vel
1385 1555 1447 1594 non

237 1616 427 1694 intelligendo
441 1618 489 1677 vel
502 1617 664 1695 torquendo
678 1618 767 1678 verba
780 1617 818 1678 ad
839 1637 892 1678 sua
904 1617 1019 1696 placita,
1041 1616 1134 1694 iisque
1154 1614 1340 1692 pertinaciter
1354 1615 1447 1674 inhn-

237 1696 336 1756 rende.

279 1775 321 1834 X.
345 1776 432 1835 Falso
448 1777 547 1838 Editio
570 1777 696 1836 Hebraea
718 1776 834 1837 Veteris
854 1785 884 1836 ct
899 1777 995 1838 Gracc
1016 1776 1053 1835 N.
1068 1775 1103 1834 T.
1118 1774 1224 1835 dicitur
1237 1773 1361 1834 mutila:
1383 1773 1447 1834 Nee

237 1875 302 1932 qun
316 1857 353 1916 ab
368 1856 555 1917 Adversariis
568 1855 726 1917 afferrmtur
738 1857 903 1917 testimonia
915 1857 971 1915 hoc
985 1855 1117 1915 evincere
1130 1862 1260 1933 possunt.
1303 1854 1332 1914 N
1334 1873 1373 1913 on
1385 1853 1448 1913 his·

238 1934 312 1994 toria
326 1935 472 2014 adultera,
488 1939 511 1998 J
512 1939 558 1998 oh.
574 1941 601 2012 8,
625 1937 694 1998 licet
717 1937 794 1996 enim
818 1936 894 1997 desit
906 1937 937 1995 in
953 1936 1072 2014 Syriaca
1086 1934 1236 2008 Versione,
1252 1934 1394 2012 reperitur
1414 1935 1449 1992 in

238 2015 375 2076 omnibus
395 2017 507 2077 Groneia
531 2017 694 2077 Codieibus.
737 2017 804 2078 Non
825 2017 943 2092 dictum,
970 2019 985 2074 l
1009 2015 1079 2076 Joh.
1102 2035 1131 2074 v.
1157 2018 1190 2090 7,,
1211 2014 1347 2092 quamvis
1367 2013 1448 2072 enim

238 2094 358 2172 quidam
371 2097 402 2154 in
416 2097 536 2158 dubium
550 2097 620 2157 olim
633 2099 773 2172 voearInt,
796 2105 827 2157 et
846 2103 951 2156 vocent
970 2094 1057 2154 hodie
1077 2093 1207 2169 haritici,
1223 2093 1333 2152 hahent
1346 2101 1449 2152 tamen

239 2177 336 2235 omnia
351 2177 537 2254 Exemplaria
554 2178 665 2254 Graeca,
687 2187 721 2237 ut
741 2178 839 2237 Sintes
852 2175 980 2237 Saena
1000 2173 1149 2252 agnoscit:
1176 2175 1262 2234 verta
1282 2175 1450 2232 indebitam

238 2275 349 2330 semper
361 2257 620 2332 ametistorum,
635 2266 662 2316 et
674 2257 703 2315 in
717 2257 841 2316 omnibus
864 2255 974 2320 Gratis
994 2255 1200 2330 templaribus
1220 2255 1255 2312 ab
1269 2253 1338 2330 taes
1351 2255 1449 2329 Apos-

239 2335 359 2392 tolorum
373 2337 540 2410 temporibus
555 2339 633 2394 lecta.
676 2336 742 2395 Non
757 2336 849 2394 Marci
866 2339 902 2394 16
927 2341 1021 2412 caput,
1044 2333 1122 2412 quod
1135 2332 1230 2411 potuit
1243 2333 1274 2390 in
1288 2333 1380 2392 variIs
1393 2352 1448 2392 ex·

238 2412 413 2488 emplan'bus
427 2414 584 2472 desiderari
605 2423 733 2491 tempore
755 2415 936 2492 Hieronymi,
958 2423 992 2473 ut
1011 2414 1075 2492 ipse
1095 2412 1217 2488 fatetur;
1240 2411 1292 2472 sed
1312 2431 1392 2472 nunc
1414 2412 1449 2471 in

239 2492 373 2550 omuibus
386 2492 516 2567 habetur,
532 2493 619 2552 etiam
633 2492 664 2550 in
679 2494 799 2571 Syriaca
813 2494 963 2569 Versione,
979 2503 1009 2553 et
1022 2502 1067 2554 est
1085 2493 1171 2572 plano
1191 2493 1387 2552 neceesarium
1408 2491 1450 2552 ad

238 2569 445 2647 pertexendam
459 2572 608 2632 historiam
622 2573 839 2633 resurrectionis
854 2572 970 2633 Christi.

279 2649 339 2710 XI.
362 2651 483 2710 Frustra
497 2652 676 2728 Adversarii,
691 2661 724 2711 ut
739 2652 883 2712 Editionis
898 2653 1054 2713 Hebraicis
1066 2653 1188 2712 abanan
1206 2649 1393 2729 labefactent,
1408 2650 1448 2712 ad

233 2739 405 2806 punctorum
412 2732 561 2791 commem
571 2731 749 2810 confugiunt,
760 2733 842 2810 quasi
850 2732 1001 2811 punctatio
1010 2731 1096 2792 fuerit
1109 2741 1221 2792 tautum
1230 2731 1390 2792 humanum
1400 2733 1447 2790 in·

239 2818 385 2869 ventuma
396 2811 570 2871 Maeorethis
584 2813 789 2890 excogitatum,
800 2813 878 2889 quod
888 2813 1015 2872 humana
1024 2812 1145 2890 proinde
1153 2813 1261 2871 nitatur
1269 2813 1449 2872 authoritate

238 2909 296 2949 non
308 2889 407 2950 divina
417 2900 446 2951 et
454 2891 607 2968 irrfellibili,
617 2893 752 2970 quodque
761 2913 814 2970 pro
824 2893 909 2953 libitu
918 2893 981 2952 sine
989 2893 1116 2970 periculo
1125 2892 1230 2953 mutari
1243 2892 1344 2970 possit,
1357 2900 1447 2970 atque

238 2969 280 3029 ita
294 2989 410 3031 sensum
424 2971 536 3032 Textue
549 2973 690 3032 incertum
703 2981 734 3032 et
753 2973 921 3050 ambiguum
942 2991 1055 3051 semper
1068 2973 1221 3050 relinquat.
1262 2971 1354 3030 Varia
1368 2973 1447 3031 enim

238 3051 478 3190 repom'Epossunt.
515 3057 548 3147 Ι1.
570 3053 762 3194 Bellargtrspaa
775 3073 840 3193 {ilii
841 3053 925 3192 {prbis
935 3053 1186 3192 111οῶ11011ιάοᾷιὲ
1194 3051 1292 3206 ibreii
1305 3050 1447 3190 dm.

238 3151 307 3191 e..
360 3153 662 3210 wormteaepanc
726 3155 755 3192 m
839 3153 977 3192 emmae
1073 3154 1135 3192 aa
1292 3151 1307 3190 e
1436 3176 1445 3206 ,

239 3212 307 3288 quia
324 3225 433 3288 punem
456 3153 626 3272 adrumetus
648 3213 703 3273 sint
723 3214 832 3289 addite,
856 3233 906 3273 aec
929 3214 1048 3272 Tectam
1068 3221 1181 3272 meteret
1223 3216 1253 3271 2.
1275 3211 1377 3271 Posita
1389 3212 1449 3272 hec

239 3290 402 3368 hypothesi,
418 3293 526 3353 canuit
539 3293 681 3352 certitudo
695 3314 753 3353 non
767 3293 853 3353 modo
877 3294 988 3352 Textns
1002 3292 1159 3370 originalis,
1181 3291 1233 3351 sed
1256 3298 1286 3351 et
1307 3291 1447 3368 Vulgata

240 3369 399 3446 versionis,
436 3393 480 3430 uae
494 3393 532 3430 ex
546 3373 596 3431 illo
610 3372 691 3432 fonte
703 3373 827 3432 deducta
837 3382 890 3448 est,
902 3371 959 3432 uisi
972 3372 1110 3450 probetur
1122 3392 1189 3432 eum
1202 3371 1253 3449 qui
1266 3371 1377 3449 primus
1390 3370 1448 3431 fuit

240 3447 392 3507 Versicnis
406 3391 485 3508 iiiiue
498 3452 610 3528 author,
635 3451 697 3510 sive
720 3453 918 3529 Hieronymus
941 3453 1003 3512 sive
1027 3453 1102 3511 alius
1126 3452 1220 3528 hierit,
1245 3471 1263 3510 a
1287 3451 1397 3530 Spiritu
1414 3452 1447 3512 S.

239 3525 404 3587 immediate
418 3529 563 3606 accepisse
577 3531 722 3590 vocalium
744 3531 971 3590 necessariarum
985 3532 1199 3609 revelationem,
1223 3550 1310 3609 quam
1335 3531 1448 3608 alioqui

238 3627 256 3665 a
269 3606 291 3667 J
292 3605 440 3667 udaomm
454 3609 607 3668 traditione
620 3609 766 3689 accepisse
779 3619 889 3670 certum
903 3611 976 3690 erit,
997 3631 1063 3690 quse
1084 3613 1110 3672 si
1122 3612 1232 3672 iuoarta
1245 3611 1340 3688 luerit,
1361 3621 1448 3672 nuta-

238 3687 282 3747 bit
296 3687 389 3746 omuis
403 3688 477 3746 sacri
491 3689 604 3748 Textus
616 3688 786 3749 authoritas.

280 3766 358 3827 XII.
380 3769 408 3828 3.
431 3767 514 3828 Licet
526 3776 634 3846 puncta
647 3768 684 3828 de
697 3789 775 3828 novo
798 3768 898 3830 addita
918 3779 1024 3848 essent,
1047 3779 1081 3832 ut
1093 3771 1268 3850 pertendunt
1288 3770 1333 3830 illi
1356 3771 1406 3849 qui
1428 3791 1450 3833 a

240 3847 415 3908 Masorethis
445 3847 661 3908 Tiberiensibus
691 3848 807 3909 illorum
831 3851 972 3929 originem
994 3861 1161 3929 arcessunt3
1190 3871 1249 3911 non
1276 3859 1452 3928 sequeretur

238 3929 454 4008 punctationem
470 3948 534 3989 esse
555 3928 705 3988 inventum
729 3949 806 3989 mere
827 3931 994 4007 humanum,
1020 3933 1099 4010 quod
1120 3932 1159 3991 ab
1181 3932 1309 3992 humano
1330 3929 1450 3990 tantum

239 4009 378 4088 penderet
390 4009 528 4086 arbit1i0;
549 4008 628 4086 quod
642 4028 711 4069 sane
725 4010 750 4069 si
771 4018 945 4072 statueretur
964 4029 1024 4070 non
1043 4031 1145 4090 parum
1166 4011 1281 4071 Codicis
1303 4011 1450 4070 Hebraici

238 4090 418 4150 authentiam
438 4088 641 4150 labefactaret:
663 4089 738 4164 Quia
759 4090 920 4168 Punctatio,
943 4111 982 4150 ex
1002 4101 1098 4152 monte
1118 4093 1221 4152 saltem
1241 4091 1450 4168 plerommqua

239 4170 290 4246 qui
303 4171 334 4228 in
347 4189 382 4229 ea
396 4179 464 4230 sunt
477 4171 627 4246 sententia,
642 4189 701 4228 non
715 4170 885 4248 supponitur
898 4169 974 4231 iacta
987 4191 1039 4250 pro
1052 4171 1137 4231 libitu
1158 4171 1366 4246 Rabhinorum,
1393 4171 1450 4230 sod

236 4249 323 4324 juxta
337 4251 499 4328 analogiam
515 4251 678 4330 Scripturas,
694 4249 816 4330 genium
835 4249 956 4328 Linguae
973 4251 1094 4328 Sanctae,
1118 4261 1148 4311 et
1169 4271 1285 4312 sensum
1299 4250 1376 4309 inter
1388 4251 1411 4310 J
1413 4271 1447 4310 u-

239 4326 318 4386 daeos
330 4329 419 4404 longo
433 4351 487 4390 usu
501 4339 667 4408 receptum;
690 4329 803 4408 Quippe
826 4329 894 4390 licet
917 4331 1029 4390 Puncta
1050 4351 1109 4391 nou
1128 4331 1235 4390 fuerint
1255 4331 1343 4408 juxta
1364 4330 1448 4391 illam

239 4405 423 4482 hypothesim
444 4411 614 4488 aprincipio
633 4409 729 4489 quoad
742 4413 880 4491 fiparam,
903 4411 1004 4489 negari
1025 4431 1083 4471 non
1105 4420 1201 4489 potest
1219 4411 1308 4470 luisse
1331 4429 1448 4488 semper

239 4484 335 4561 quoad
349 4505 446 4544 sonam
467 4498 496 4547 et
510 4491 647 4567 valorem,
673 4509 724 4549 seu
741 4501 925 4568 potestatem:
945 4490 1018 4550 alias
1042 4512 1107 4550 oum
1129 4491 1245 4550 voenlee
1267 4491 1325 4550 sint
1339 4491 1448 4550 animae

240 4565 466 4640 consonantium,
482 4569 635 4646 ambiguus
649 4579 725 4632 esset
740 4590 859 4649 semper,
882 4571 940 4628 imo
961 4571 1058 4630 nullus
1072 4570 1156 4649 plene
1170 4579 1325 4647 exurgeret
1338 4570 1446 4630 verbo-

238 4663 302 4702 rum
330 4663 439 4720 sensus,
469 4645 524 4705 nisi
551 4659 647 4708 esseut
667 4649 725 4708 illae
753 4669 858 4710 coaevre
880 4651 1122 4712 consonantibus:
1145 4651 1229 4726 Quod
1249 4651 1449 4711 I'rideouaeius
