3174 5174
754 353 845 396 socos
860 353 981 396 ssxnus.
1300 333 1417 416 [ou-nar.
1432 355 1474 396 ιι.

588 611 591 620 -
690 546 691 550 '
741 573 935 651 ansmo
957 574 1000 634 11.

287 735 335 794 Au
348 735 530 796 Prouidentia
541 737 601 795 Dei
611 745 685 796 recte
698 733 1043 874 ds'pragauzsstpoanelztdu
1056 733 1202 792 maetas
1212 733 1317 809 smalh
1329 733 1371 793 t'lls'
1382 735 1454 795 tene

590 975 615 1033 I.
637 973 765 1050 Quaestio
775 971 938 1032 necessaria
951 979 1004 1048 est,
1019 990 1078 1030 non
1090 970 1186 1048 modo,
1201 979 1235 1032 ut
1248 981 1360 1031 constet
1373 973 1474 1049 qualis
1560 979 1561 990 *

289 1036 484 1141 Οᾞξῃξω
527 1054 632 1113 debeat
646 1073 709 1112 esse
724 1053 805 1112 vocis
820 1053 886 1112 Fati
905 1052 983 1111 inter
997 1051 1175 1110 Christianos
1189 1071 1268 1127 usus,
1281 1051 1327 1116 ¹de
1341 1071 1398 1128 qno
1411 1072 1476 1112 non

527 1133 710 1193 consentiunt
724 1133 874 1209 Theologi,
890 1131 1051 1207 sedetiam,
1065 1140 1099 1190 ιιι
1112 1130 1243 1190 doctrina
1255 1139 1355 1190 nostra
1365 1131 1474 1190 libere-
1560 1131 1561 1184 1

265 1221 313 1274 ιιι
326 1234 344 1274 a
359 1214 511 1275 calumniis
526 1213 742 1272 Pontificiornm
761 1220 791 1271 et
804 1211 934 1287 aliorum,
947 1211 1000 1289 qui
1020 1209 1144 1269 subinde
1157 1210 1201 1269 illi
1215 1211 1372 1272 Parcarum
1385 1211 1472 1272 tabu-
1560 1215 1561 1218 ’

266 1295 317 1371 las,
333 1303 363 1355 et
376 1295 492 1354 fatalem
506 1313 540 1353 ac
557 1293 682 1354 Stoicam
701 1311 796 1351 rernm
811 1290 939 1351 omnium
958 1298 989 1351 et
1002 1298 1158 1350 eventuum
1170 1290 1382 1368 nenessitatem,
1397 1291 1475 1369 obji·
1560 1375 1561 1378 Ἴ

263 1394 329 1434 we
344 1374 447 1434 mlent'
587 1452 629 1512 ΙΙ.
651 1452 722 1510 Fati
732 1450 907 1510 vocabulum
922 1449 1057 1508 latinum
1068 1457 1121 1523 ost,
1134 1451 1261 1525 assando,
1273 1447 1316 1508 id.
1325 1448 1473 1527 loquendo
1560 1419 1561 1432 ¹

290 1511 479 1616 Faficliliam'do
524 1531 688 1608 deductum,
704 1531 796 1608 qnasi,
814 1530 940 1604 effatum,
963 1549 1015 1590 ⁵011
1028 1529 1147 1604 disstuma
1169 1527 1325 1604 doefflmfflv
1344 1529 1470 1606 ΜΨ
1560 1523 1561 1530 l

524 1621 554 1670 et
567 1613 701 1672 voluntas
713 1610 778 1669 Dei.
802 1610 983 1668 Priscianus:
999 1608 1186 1668 “Gentilium
1200 1627 1280 1667 more
1295 1609 1415 1686 si'loqni
1429 1611 1472 1668 vi-
1560 1663 1561 1684 ,

265 1708 338 1765 sum,
360 1688 451 1747 fatum
466 1689 583 1767 dictim,
605 1692 674 1769 quia
687 1690 804 1768 Jupiter
824 1688 897 1750 illud
917 1689 955 1748 ait
975 1687 1052 1748 satus
1073 1688 1181 1763 Parcis,
1203 1707 1269 1764 qnae
1289 1689 1471 1749 voluntatem
1560 1695 1561 1770 ζ

265 1769 329 1846 ejus
344 1769 431 1828 eneis
444 1769 615 1849 inscripsere
629 1770 744 1846 tabulis,
767 1769 829 1828 aive
843 1769 911 1846 quia
930 1767 962 1826 id
982 1767 1081 1826 Parcas
1100 1777 1168 1826 sunt
1187 1767 1283 1828 fatae.”
1327 1769 1469 1829 Minatius
1560 1821 1561 1824 ,

266 1848 352 1907 Felix
365 1849 395 1906 in
410 1848 550 1911 Octavio:
573 1854 591 1884 “
606 1849 682 1926 Quid
696 1848 775 1909 aliud
789 1858 834 1909 est
846 1848 945 1924 satim,
960 1867 1046 1924 quam
1061 1847 1139 1925 quod
1157 1846 1194 1906 de
1207 1866 1385 1926 unoquoque
1403 1869 1468 1908 nos-

262 1937 340 1987 trnm
352 1929 432 1987 Deus
446 1929 522 1990 fatus
536 1931 621 1991 sst?”
664 1929 774 1990 Graecis
788 1924 893 1987 dicitur
906 1925 1032 2008 opipator
1046 1946 1064 1984 a
1077 1927 1166 1986 verbo
1178 1929 1260 2007 μέμ,
1276 1927 1357 2006 quod
1371 1936 1416 1987 est
1429 1930 1468 1987 di·
1560 1997 1561 2012 χ

264 2009 338 2084 vido,
356 2010 499 2114 dtklrt'lmp,
514 2011 626 2104 sortior,
653 2017 683 2069 el
702 2014 731 2103 al
751 2007 909 2102 sagapetas,
932 2007 971 2066 ld.
993 2007 1165 2099 ordinatum,
1187 2017 1217 2066 et
1235 2007 1466 2100 deiemlnntum,
1560 2029 1561 2032 ’

265 2085 1468 2248 ssuzssz‘stuutlususstintutaausuuuut:

265 2247 343 2322 tiam,
360 2266 377 2304 a
391 2249 496 2323 quibus
510 2249 583 2307 illud
596 2249 719 2308 mutuati
733 2257 800 2309 sunt
814 2245 978 2320 Christiani,
993 2253 1054 2304 tum
1067 2255 1191 2322 veteres,
1209 2253 1271 2304 tum
1284 2246 1488 2320 recentiores„

265 2326 316 2401 qui
329 2345 388 2384 non
401 2345 466 2386 raro
479 2329 530 2386 illo
544 2337 672 2386 utuntur.

456 2469 462 2482 ,
586 2407 647 2464 III.
669 2405 857 2464 Multifaniam
879 2412 975 2464 sutem
995 2413 1165 2482 usurpatum
1185 2403 1293 2484 legitur
1313 2403 1396 2483 apud
1409 2403 1469 2465 An·

296 2467 476 2573 (sufficiat
526 2485 631 2560 thores,
647 2485 723 2543 unde
744 2483 925 2562 quadruplex
946 2485 1038 2544 oritur
1049 2489 1154 2561 fatam,
1177 2493 1210 2544 ut
1226 2484 1366 2544 observat
1388 2487 1469 2544 Picus

525 2565 684 2623 Mirondul.
705 2564 757 2623 lib.
784 2564 824 2623 iv.
844 2573 935 2624 contr.
964 2563 1064 2624 Astro.
1086 2586 1111 2624 c.
1133 2568 1162 2624 4.
1183 2566 1289 2623 Fatum
1309 2565 1467 2642 Pityusam,

263 2645 502 2720 Maikenatiane,
522 2646 655 2720 Stoicum,
671 2653 699 2702 ct
719 2643 918 2704 Glirt'ats'oum.
961 2645 1068 2720 Primo,
1089 2647 1195 2704 Fatum
1207 2643 1369 2721 Physconem,
1392 2645 1467 2722 quod
1560 2655 1561 2686 2

526 2724 600 2782 nihil
612 2723 692 2782 alind
706 2732 858 2806 estquam
872 2723 942 2783 ordo
963 2733 993 2783 ct
1013 2725 1102 2784 series
1122 2743 1273 2784 causarum
1292 2725 1465 2784 naturalium

275 2789 297 2835 ¹·
308 2789 407 2894 F'ffi
413 2789 498 2849 Physt-
526 2801 564 2863 ad
578 2803 698 2863 effectis
719 2823 786 2864 suos
800 2803 991 2880 definitarum,
1013 2813 1135 2880 quarum
1147 2803 1305 2864 necessitas
1326 2813 1374 2864 est
1387 2813 1466 2864 natu-

409 2883 416 2897 ’
524 2884 603 2942 ralis.
644 2884 820 2961 Riacapiom
840 2887 898 2959 ejus
919 2891 1090 2958 estootura,
1112 2903 1164 2944 seu
1179 2883 1226 2943 vis
1241 2883 1360 2961 agendi,
1383 2903 1464 2963 qnam

265 2967 347 3028 Deus
368 2968 399 3026 in
412 2965 555 3027 creatione
568 2964 655 3023 rebus
675 2963 789 3024 indidit
830 2965 956 3039 Effectus
975 2971 1043 3022 sunt
1059 2983 1160 3023 omnes
1178 2963 1223 3022 illi
1242 2971 1368 3024 eventus
1381 2964 1465 3042 quia

264 3049 360 3110 causis
374 3046 553 3107 naturalibus
565 3064 617 3122 per
630 3064 661 3102 so
679 3041 815 3122 pendent.
856 3043 1047 3121 Opponuntur
1066 3063 1101 3102 ea
1120 3062 1186 3122 quaa
1199 3063 1217 3102 a
1229 3042 1322 3102 libera
1341 3043 1465 3104 hominis

257 3130 416 3218 'mmm
430 3125 566 3206 pendent*
582 3132 634 3262 all
645 3121 951 3263 etSilildlunedsulnfill'nattlam
974 3210 1020 3261 est
1033 3201 1270 3278 Mathemat‘oum,
1306 3200 1368 3262 uod
1384 3201 1461 3262 Chal·

257 3259 506 3306 anathematicum.
525 3247 653 3343 dacorum
667 3291 713 3343 est
725 3291 755 3342 et
768 3281 1031 3358 Genethliaoomm,
1046 3281 1125 3359 quod
1138 3221 1348 3341 Brsdwardino
1363 3281 1463 3341 dicitnr
1560 3283 1561 3344 3

260 3363 385 3436 Αιιναιι,
400 3371 502 3440 estque
519 3362 676 3421 necessitas
689 3381 840 3429 summac
862 3369 1027 3436 eventuum,
1048 3380 1114 3438 qua
1134 3381 1172 3420 ex
1193 3361 1267 3420 Coeli
1283 3381 1319 3421 ao
1339 3362 1461 3422 sidorum
1560 3387 1561 3400 ι

261 3441 391 3518 positure
411 3442 473 3500 sive
487 3440 755 3500 constellationibus
768 3441 866 3516 oritur,
888 3460 947 3518 qus
959 3460 1018 3500 nou
1031 3441 1118 3499 modo
1130 3441 1273 3500 elementa
1291 3447 1323 3500 et
1346 3459 1462 3520 corpora
1560 3451 1561 3464 ¹

261 3521 362 3595 mixta,
378 3519 430 3580 sed
444 3528 473 3579 et
486 3519 651 3578 voluntates
664 3519 813 3578 hominum
826 3520 864 3580 ad
878 3529 960 3581 acuis
980 3539 1049 3581 snos
1062 3520 1223 3580 necessario
1239 3518 1352 3597 impelli
1365 3521 1460 3580 dieun-

260 3606 317 3676 tnr,
332 3619 390 3678 quo
405 3619 491 3659 sensu
504 3597 643 3658 Manilius
656 3617 731 3676 sape
745 3599 836 3658 utitur
849 3599 902 3660 leti
914 3619 995 3676 voce,
1002 3603 1073 3676 sata
1086 3600 1135 3658 ati
1146 3602 1236 3676 Lepos
1247 3599 1368 3678 utaque
1380 3599 1459 3660 necd-

262 3683 485 3757 quatemus
512 3677 890 3755 transpositorum.
906 3679 943 3739 D.
959 3699 984 3739 c.
1000 3683 1027 3740 1.
1050 3679 1225 3739 “Homines
1244 3679 1365 3756 quando
1385 3678 1458 3738 audi·
1560 3723 1561 3760 ,

261 3767 315 3820 unt
325 3759 445 3835 fatnm,’'
457 3759 559 3836 inquit,
570 3759 589 3791 ‘⁴
600 3757 707 3817 natata
714 3757 853 3836 loquendi
861 3759 1076 3835 cousuetudine,
1086 3777 1146 3817 non
1153 3758 1322 3836 intelligunt
1334 3759 1393 3819 nisi
1403 3757 1458 3818 vim
1560 3775 1561 3804 ι

261 3840 414 3916 positionis
428 3839 563 3915 siderum,
577 3836 733 3915 qnalisest,
745 3838 862 3915 quando
872 3838 937 3916 quis
951 3839 1087 3914 nascitur,
1103 3837 1166 3898 sive
1176 3837 1368 3915 concipitur.''
1396 3837 1456 3896 Hoc

257 3918 353 3980 ‘latum
367 3919 437 3980 alibi
451 3919 577 3996 appellat
588 3922 714 3994 sautans,
729 3925 813 3978 tract.
828 3919 865 3978 st
880 3917 911 3976 in
924 3917 947 3978 J
948 3918 1033 3977 ohan.
1075 3919 1094 3952 ‘⁴
1110 3917 1143 3978 si
1156 3926 1301 3978 cortuum
1314 3936 1376 3978 non
1388 3921 1457 3978 esset

260 3999 380 4076 fatuum,
402 4018 461 4058 non
475 3999 606 4059 crederes
619 3997 710 4057 satum
719 3997 752 4074 ;’'
774 3995 850 4073 Quis
862 4016 963 4057 revera
975 4016 1042 4056 oum
1062 3997 1218 4076 Scriptura,
1239 4016 1306 4056 cnm
1319 4003 1399 4057 reeta
1416 4013 1455 4054 rs·

260 4079 347 4154 tione,
364 4087 393 4138 ot
406 4078 563 4138 universali
583 4075 760 4156 experientia
779 4085 899 4156 pugnat.
940 4075 992 4136 Ad
1011 4077 1067 4136 hoo
1086 4077 1205 4154 quidam
1224 4075 1354 4137 mfenmt
1364 4079 1454 4155 sottus

260 4159 420 4218 Judascam
440 4168 467 4217 ct
479 4159 688 4232 Plan'sat'oum,
704 4156 740 4216 de
754 4176 812 4234 quo
826 4155 982 4234 Josephus,
996 4155 1049 4216 lib.
1063 4157 1146 4216 xviii.
1161 4155 1306 4234 Antiquit.
1321 4176 1347 4215 o.
1362 4161 1389 4232 2,
1410 4151 1454 4231 qni

258 4237 382 4316 loquens
395 4238 432 4299 do
447 4237 609 4312 Phasiacis,
625 4236 697 4296 dicit
709 4239 833 4311 eosjato
846 4237 968 4295 adsere
977 4253 1146 4313 quocunque
1156 4243 1304 4314 ymanus,
1314 4233 1394 4313 qnod
1402 4250 1454 4291 non

259 4319 326 4394 alio,
342 4338 430 4396 quam
443 4318 480 4376 ad
494 4317 586 4376 latum
599 4315 817 4394 Astrologicum
831 4315 982 4394 portinere,
997 4333 1036 4374 ex
1049 4316 1195 4376 axiomata
1214 4315 1290 4376 inter
1302 4315 1382 4393 ipsos
1392 4311 1454 4373 trito

259 4397 330 4456 satis
342 4397 453 4474 liquore
466 4397 583 4456 uidetur
591 4399 656 4455 tua:
671 4398 723 4453 ass
737 4397 785 4454 tau
795 4395 891 4455 οιηιιᾱι
898 4397 1024 4472 pendeo
1035 4415 1057 4454 α
1064 4399 1229 4472 phsmtaot
1238 4395 1259 4456 L
1269 4389 1452 4454 ii.BelLJnd.

259 4493 285 4532 c.
303 4479 349 4550 12,
356 4479 425 4550 sato
438 4485 465 4535 et
477 4479 541 4535 Deo
555 4477 686 4536 undoso
696 4479 842 4552 ἀφαιαιιι,
863 4473 1022 4553 quodcum
1042 4475 1168 4552 quadam
1180 4474 1351 4538 limitatione
1363 4481 1452 4532 umen

258 4551 479 4627 intelligendum
489 4573 553 4614 esse
563 4555 626 4632 ipse
640 4555 797 4633 Jossphus,
811 4554 863 4614 lib.
878 4553 939 4616 xiii.
952 4553 1042 4631 antiq.
1058 4574 1083 4614 c
1093 4557 1122 4630 9,
1137 4553 1230 4629 docet,
1245 4553 1313 4614 dnm
1327 4553 1368 4612 ait
1381 4550 1451 4608 Plo-

258 4628 335 4684 ritoet'
346 4633 484 4707 mtoedom,
498 4653 555 4692 non
569 4636 663 4694 omnia
668 4637 736 4710 fato
750 4635 880 4694 attonat.
