3250 5176
269 395 327 468 582
753 407 844 456 socos
858 406 963 448 sonus.
1267 383 1394 467 [cassu.
1410 407 1481 448 xrrr.

273 593 423 652 omum
434 591 455 636 1.
472 591 519 637 Ru·
581 551 624 612 ΙΙ.
646 552 688 614 Ut
702 551 874 631 multiplicia
883 559 950 610 sunt
960 539 1079 629 percite
1093 547 1236 624 actualia;
1252 549 1300 608 Its
1313 549 1403 608 var-im
1419 559 1490 610 sunt

305 653 372 698 tione
383 651 479 710 objecti,
494 652 519 696 in
540 653 640 694 eorum
654 632 821 693 divisiones.
865 633 1029 710 Praecipuus
1042 631 1091 690 hic
1105 631 1197 689 obiter
1211 639 1354 704 notamus,
1371 631 1402 689 in
1424 631 1491 707 qui-

276 783 280 792 ,
306 709 421 756 D⁰¹²¹¹¹⁶l
437 710 518 770 proxi·
538 714 594 774 bus
608 714 706 791 aliqua
718 713 835 774 videtur
860 713 979 772 subesse
1004 711 1167 770 difficultas.
1194 714 1220 769 1.
1241 711 1367 770 Ratione
1381 712 1490 786 adjecti,

276 865 278 872 y
305 783 379 815 mum.
540 793 633 854 Aliud
646 795 677 852 in
690 796 793 870 Deum,
810 793 902 854 Aliud
926 795 957 852 in
975 793 1150 870 proximum,
1166 791 1220 851 sub
1240 811 1298 869 quo
1323 792 1411 850 homo
1426 792 1492 869 ipse

277 875 328 953 qui
341 881 442 954 peccat
455 873 626 950 continetur,
642 873 782 952 quianon
803 883 899 953 potest
912 874 960 932 vel
974 873 1004 931 in
1020 873 1115 932 Deum
1129 871 1177 931 vel
1197 871 1229 929 in
1241 873 1408 949 proximum
1423 891 1493 950 pec-

278 975 351 1030 care,
366 955 437 1033 quin
450 954 481 1012 in
495 954 620 1032 seipsum
635 963 745 1032 peccet.
767 954 847 1016 Illud
860 955 890 1014 in
911 954 1036 1032 primum
1059 952 1149 1030 Legis
1172 953 1302 1011 tabulam
1316 953 1492 1026 admittitur,

278 1033 363 1095 Istud
376 1055 446 1093 vero
457 1035 487 1092 in
501 1035 667 1094 secundam.
710 1035 776 1096 Hoc
790 1055 860 1096 vero
874 1033 910 1094 de
925 1035 1039 1111 objecta
1052 1033 1238 1092 materialiter
1252 1043 1367 1110 sumpto
1381 1033 1492 1092 iutelli-

278 1113 406 1193 gendum
420 1123 472 1191 est,
488 1135 547 1174 non
560 1124 658 1174 autem
663 1115 839 1192 formaliter,
854 1114 923 1192 quia
937 1115 979 1174 sic
999 1114 1080 1173 solus
1095 1114 1177 1173 Deus
1198 1122 1242 1173 est
1262 1113 1410 1192 objectum
1424 1132 1492 1190 pro-

278 1195 373 1274 prium
386 1195 507 1274 peccati,
520 1195 597 1256 Psal.
613 1195 643 1254 li.
658 1200 686 1256 4.

277 1315 299 1363 2.
310 1314 414 1360 mm
427 1315 519 1368 sm,
581 1277 642 1335 III.
663 1280 692 1336 2.
704 1275 949 1369 Iiationesmyua,
964 1273 1057 1352 primo
1081 1273 1111 1332 in
1121 1282 1269 1352 peccatum
1291 1273 1494 1367 paramuriarris

304 1377 524 1504 iiiiii&
541 1354 1493 1513 ttttmtt’tutt'tttttttttttttttttttt

306 1503 434 1536 massona.
543 1517 715 1595 privatione,
736 1537 795 1576 non
816 1517 952 1576 desinunt
975 1524 1071 1576 minen
1095 1517 1171 1576 inter
1195 1535 1226 1575 se
1248 1514 1398 1592 distingui,
1423 1515 1494 1592 qnia

282 1606 433 1674 peccatum
447 1597 657 1657 commissionis
671 1597 791 1656 incurrit
812 1597 843 1655 in
865 1605 1009 1675 praecepta
1031 1597 1176 1675 negantis,
1198 1595 1363 1654 omissionis
1377 1615 1448 1653 vero
1462 1596 1495 1653 iu

279 1677 461 1738 affirmantia
491 1677 528 1735 In
542 1677 593 1736 illo
607 1676 768 1738 substantia
781 1687 863 1738 actus
877 1697 935 1738 non
956 1677 1076 1754 tollitur,
1100 1676 1151 1736 sed
1165 1685 1277 1736 tantum
1298 1677 1363 1752 ejus
1376 1675 1496 1734 bonitas

283 1756 422 1834 actualis3
447 1757 484 1815 In
504 1757 561 1816 isto
574 1758 686 1818 tollitur
706 1758 770 1836 ipsa
789 1767 871 1818 actus
893 1757 1062 1817 substantie.
1105 1757 1184 1816 Illud
1207 1765 1252 1816 est
1276 1755 1442 1815 immediate
1463 1757 1495 1814 in

283 1836 404 1914 actione,
420 1857 485 1915 quae
499 1845 578 1897 caret
591 1838 688 1898 debita
701 1839 869 1915 honestate;
892 1838 977 1898 Istud
991 1858 1060 1898 vero
1074 1837 1104 1896 in
1118 1839 1181 1916 ipss
1194 1837 1330 1896 facultate
1340 1857 1393 1915 per
1407 1856 1495 1913 quam

284 1917 371 1978 homo
386 1917 534 1978 debuisset
548 1919 668 1996 operari.
711 1918 850 1994 Quamvis
874 1937 944 1978 vero
969 1919 1086 1978 omissio
1111 1929 1193 1977 actus
1206 1917 1351 1996 precepti,
1374 1917 1495 1976 nonsit

284 2006 385 2076 actus3
407 2007 494 2076 atque
508 1998 581 2058 adeo
594 2019 649 2060 nec
662 1999 796 2058 videatur
809 2019 872 2060 esse
886 2009 1035 2078 peccatum
1050 1999 1171 2075 actuale,
1187 2007 1264 2058 recte
1275 2007 1372 2057 tamen
1386 1998 1429 2056 ita
1442 2019 1494 2055 uo·

286 2087 377 2138 catur.
402 2083 428 2138 1.
443 2081 559 2138 Directe
573 2088 602 2139 et
615 2080 736 2154 animae,
752 2080 821 2140 dum
836 2090 880 2140 est
894 2081 1078 2158 conjunctum
1094 2099 1159 2138 cum
1175 2088 1241 2138 actu
1255 2079 1369 2138 interno
1389 2078 1498 2137 mentis

285 2167 315 2218 et
328 2160 496 2236 voluntatis,
512 2180 569 2238 quo
582 2169 716 2238 peccator
730 2161 839 2238 cogitat
853 2169 882 2221 ct
905 2161 970 2220 vult
984 2159 1167 2220 omissionem
1189 2169 1271 2219 actus
1289 2159 1412 2235 externi,
1429 2158 1450 2219 J
1453 2179 1495 2216 ae.

286 2239 316 2297 ii.
325 2242 371 2316 15,
381 2242 427 2300 16.
463 2245 490 2298 2.
502 2243 656 2318 Auotoyice
670 2249 699 2302 et
712 2243 859 2318 reductive,
867 2250 1009 2319 quatenus
1020 2239 1057 2298 ad
1071 2247 1167 2299 actum
1181 2240 1306 2318 aliquem
1321 2239 1495 2298 anteceden-

286 2327 345 2378 tem
370 2320 524 2397 reducitur,
550 2323 601 2398 qui
626 2322 664 2381 sit
684 2322 733 2380 vel
747 2342 843 2398 causa,
865 2323 915 2380 vel
939 2321 1060 2394 occasio,
1083 2321 1132 2380 vel
1151 2319 1390 2397 impedimentum
1412 2329 1496 2378 actus

287 2399 394 2474 omissi,
409 2408 495 2477 prout
509 2401 626 2478 crapula
640 2409 685 2460 est
698 2421 785 2460 eausa
798 2401 923 2479 neglecti
938 2401 1033 2460 cultus
1047 2400 1148 2476 divini,
1163 2401 1213 2478 qni
1224 2399 1289 2459 ideo
1303 2399 1341 2458 ad
1354 2399 1437 2458 illam
1451 2421 1495 2459 re·

287 2479 411 2538 ducitur.
454 2483 481 2539 3.
499 2481 531 2540 si
545 2490 694 2557 peccatum
709 2481 872 2540 omissionis
886 2501 943 2540 non
958 2489 1003 2541 est
1016 2490 1166 2558 peceatum
1181 2482 1294 2540 actuale
1314 2479 1496 2554 naturaliter,

287 2566 332 2616 est
353 2567 450 2617 tamen
460 2560 518 2619 tale
532 2562 686 2634 moraliter,
701 2571 843 2638 quatenus
856 2569 973 2640 propter
987 2561 1066 2618 illam
1075 2562 1259 2621 omissionem
1274 2561 1360 2619 homo
1374 2561 1497 2621 incurrit

287 2637 318 2697 in
333 2637 451 2715 Legem,
467 2647 497 2698 et
510 2649 621 2700 reatum
635 2641 787 2700 contrahit.

589 2719 645 2780 IV.
669 2720 812 2796 Secundo,
829 2721 983 2780 Peccatum
997 2721 1077 2780 aliud
1088 2731 1133 2782 est
1141 2743 1199 2799 per
1211 2743 1248 2796 se,
1264 2721 1344 2780 eliud
1352 2742 1411 2798 per
1422 2723 1496 2780 aori-

297 2773 512 2891 {Zssssffiffiff
548 2801 637 2876 derra;
666 2801 745 2860 Illud
766 2801 863 2879 quoad
884 2802 1074 2878 adstantem,
1101 2804 1162 2862 siue
1187 2802 1283 2880 quoad
1305 2812 1399 2861 actum
1428 2801 1496 2876 tale,

549 2881 628 2959 quod
641 2902 692 2960 per
706 2902 737 2942 se
752 2882 832 2960 Lege
845 2883 1021 2961 prohibetur,
1038 2883 1154 2960 quando
1167 2885 1215 2942 vel
1236 2893 1319 2942 actus
1332 2882 1499 2961 prohibitus

289 2967 427 3038 patretur,
442 2960 491 3020 vel
504 2971 665 3040 praeceptus
686 2961 846 3022 omittitur:
877 2963 961 3022 Istud
975 2963 1071 3040 quoad
1089 2967 1210 3040 modum,
1225 2963 1343 3040 quando
1355 2971 1441 3022 actus
1461 2963 1499 3021 de

290 3049 395 3100 eutero
408 3041 503 3101 bonus
516 3041 549 3102 fit
562 3044 646 3102 mele.
689 3043 769 3104 illud
782 3044 923 3122 reperitur
936 3043 966 3102 in
980 3043 1093 3104 actibus
1107 3065 1158 3122 per
1172 3064 1203 3104 se
1223 3044 1308 3103 malis
1322 3052 1351 3103 et
1364 3044 1433 3121 lege
1448 3064 1498 3102 re·

290 3121 371 3198 titis,
395 3121 479 3182 Istud
494 3123 607 3182 veroin
622 3123 734 3184 actibus
748 3125 778 3182 iu
794 3145 824 3184 se
837 3124 930 3200 bonis,
946 3124 998 3183 sed
1012 3144 1070 3182 non
1083 3125 1156 3184 bene
1171 3124 1316 3202 praestitis.
1350 3125 1399 3184 Sic
1410 3143 1500 3201 opera

290 3201 406 3278 pIetatis
421 3211 450 3262 ct
460 3203 583 3280 justitia
592 3204 721 3264 fidelium
736 3212 803 3264 sunt
816 3225 867 3282 por
876 3225 907 3264 se
920 3205 1005 3282 bone,
1018 3204 1069 3264 sed
1083 3225 1134 3284 per
1142 3205 1275 3264 accidens
1286 3204 1359 3264 fiunt
1368 3214 1499 3282 peccata,
1585 3207 1586 3227 l

291 3280 407 3358 quando
421 3303 480 3340 non
494 3283 567 3344 fiunt
581 3304 615 3342 eo
629 3285 716 3343 modo
730 3305 787 3362 quo
800 3285 880 3344 Deus
890 3285 989 3362 jubct;
1012 3294 1042 3344 et
1052 3286 1154 3345 vitium
1169 3285 1277 3360 estvel
1291 3286 1403 3344 ratione
1411 3287 1500 3362 prin·

291 3361 364 3436 cipii,
381 3361 405 3419 si
419 3382 478 3420 non
492 3363 621 3422 oriantur
634 3385 671 3422 ex
686 3365 771 3424 corde
785 3384 836 3442 per
849 3365 936 3424 fidem
949 3365 1109 3443 purificato,
1120 3365 1168 3424 vel
1178 3366 1288 3424 ratione
1292 3366 1372 3445 fiais,
1380 3365 1500 3442 quando
1584 3403 1585 3412 κ

291 3459 350 3497 non
364 3439 525 3500 reseruntur
547 3441 584 3500 ad
599 3443 656 3501 Dei
680 3444 811 3520 glorium,
826 3446 874 3504 vel
899 3447 1008 3505 ratione
1030 3447 1113 3521 modi,
1129 3445 1244 3522 quaudo
1262 3465 1320 3505 non
1337 3445 1450 3504 sincere
1472 3455 1502 3504 ct
1584 3435 1585 3450 ¹

291 3518 403 3596 integre
428 3531 607 3580 exercentur.
650 3521 718 3581 Huc
742 3524 887 3600 pertinent
901 3526 1023 3584 virtutes
1047 3525 1214 3602 Gentilium,
1238 3545 1302 3603 quae
1326 3525 1395 3585 licet
1414 3525 1502 3586 bonis
1582 3571 1584 3584 ε

291 3598 398 3657 fuerint
420 3598 515 3676 quoad
538 3601 728 3659 substantiam
752 3610 842 3678 actus,
858 3603 970 3662 vitiosae
991 3613 1088 3664 tamen
1108 3615 1190 3665 eraut
1209 3605 1305 3684 quoad
1318 3605 1448 3681 modum,
1471 3617 1503 3666 ct
1583 3599 1584 3654 i

291 3679 364 3738 nihil
378 3678 457 3738 aliud
471 3699 557 3758 quam
570 3683 719 3757 splendida
727 3692 856 3759 peccata.
1583 3663 1584 3712 l

292 3799 314 3846 ³.
331 3799 436 3844 Mo„
446 3800 533 3857 prtnei-
594 3761 631 3821 V.
654 3765 682 3822 3.
699 3761 821 3822 Ratione
831 3763 975 3840 principii,
992 3763 1028 3822 In
1037 3773 1185 3842 peccatum
1199 3766 1374 3842 iquorautioe,
1386 3766 1435 3826 rel
1446 3767 1501 3824 sci·

322 3857 533 3928 pittnpsecntum
555 3843 644 3900 enu'ae.
693 3844 863 3920 Ignorantia
887 3853 983 3904 eutem
1008 3845 1066 3921 illu,
1082 3865 1140 3904 non
1159 3845 1350 3922 intelligenda
1363 3855 1408 3906 est
1424 3851 1502 3906 tate.-

322 3917 467 3973 ¹8¹¹⁰f⁸¹¹t⁵⁸³
508 3921 534 3962 st
555 3921 597 3980 sic
611 3922 687 3980 enim
711 3943 795 3982 omne
816 3932 967 4002 peecatum
989 3945 1027 3984 ex
1051 3925 1214 4003 ignorantie
1228 3927 1326 4002 oritur,
1342 3927 1411 4004 qnia
1434 3949 1501 3987 curn

322 3974 438 4020 ‘dm'
554 4003 689 4062 voluntas
703 4023 761 4062 non
775 4005 867 4081 possit
881 4014 1015 4082 appetere
1029 4005 1136 4065 malum
1151 4005 1205 4065 sub
1219 4007 1330 4065 ratione
1344 4007 1424 4083 meli,
1448 4009 1504 4067 sed

293 4079 347 4142 sub
361 4079 427 4140 idea
439 4079 518 4154 boni,
534 4080 586 4140 sed
608 4080 718 4142 fulciet
742 4085 914 4161 apparentis,
930 4105 989 4143 non
1012 4095 1108 4162 potest
1129 4106 1188 4145 nou
1211 4106 1334 4144 errorem
1358 4087 1387 4145 in
1402 4099 1505 4147 mente

292 4179 453 4238 supponere
465 4183 472 4236 ;
504 4159 590 4220 Unde
606 4161 753 4240 Scriptura
773 4173 938 4242 peccatores
952 4185 1052 4225 omnes
1067 4167 1171 4226 stultos
1185 4174 1214 4226 et
1228 4169 1337 4233 ὶιοιίτους
1351 4175 1449 4244 voest,
1473 4179 1505 4229 et

290 4249 409 4320 peccata
423 4259 474 4316 per
486 4243 633 4316 tpicimir
647 4242 789 4320 designat,
803 4244 880 4304 Heb.
896 4245 936 4302 ix.
952 4249 968 4304 7
983 4268 990 4305 ε
1014 4245 1072 4304 Sed
1092 4248 1192 4320 stricte,
1208 4257 1293 4323 prout
1307 4255 1390 4307 notat
1404 4251 1503 4326 spcci-

292 4321 367 4380 elem
381 4319 573 4397 ignorantiam
587 4342 652 4399 quae
666 4323 804 4399 praevalet
817 4325 847 4382 in
867 4336 1014 4402 peccante,
1029 4327 1114 4403 quale
1135 4327 1189 4386 fuit
1202 4338 1352 4404 peccatum
1369 4328 1466 4406 Pauli,
1489 4337 1502 4388 1

293 4401 399 4458 Timet.
424 4399 443 4458 i.
461 4402 506 4476 13,
522 4401 572 4478 qui
597 4401 702 4466 dicitur
725 4423 860 4479 peccasse
885 4405 1030 4480 ignorans,
1046 4416 1074 4466 et
1098 4407 1269 4468 Judseorum
1291 4408 1340 4485 qui
1362 4407 1510 4471 dicuntur

294 4479 439 4538 Christum
451 4480 628 4540 crucifixisse
642 4479 674 4538 δι’
686 4479 795 4556 ἅψειαν,
805 4505 863 4560 per
877 4486 1075 4560 ipnorarrtr'am.

332 4557 388 4614 VI.
411 4557 532 4649 Rursus,
549 4559 712 4636 ignorantia
722 4583 786 4639 quse
800 4573 949 4640 peccatum
965 4565 1078 4642 dicitur,
1095 4587 1151 4624 non
1175 4575 1219 4626 est
1233 4587 1319 4626 mcrae
1331 4570 1508 4648 repetieris,

292 4651 357 4724 qnae
370 4645 518 4724 permeatus
539 4639 636 4714 potius
649 4649 694 4700 est
718 4661 804 4719 quam
826 4643 997 4720 ignorantie,
1013 4666 1066 4704 nec
1089 4647 1118 4704 in
1132 4647 1205 4705 vitio
1225 4649 1294 4724 poni
1308 4647 1393 4723 solet,
1409 4669 1508 4727 quom
1580 4657 1581 4702 l

290 4729 355 4785 quis
370 4721 483 4786 ignorat
497 4716 576 4790 quod
597 4719 670 4777 scire
684 4739 743 4778 non
757 4730 878 4797 tenetur,
895 4723 946 4781 scd
955 4745 1059 4800 praroe
1072 4726 1267 4803 dispositionis,
1282 4747 1333 4788 seu
1349 4729 1510 4806 privatim
