3174 5174
26 419 28 434 ,
111 387 211 438 orrsr.
227 365 286 446 rm]
359 405 363 416 ·
491 409 494 416 .
604 385 643 425 nn
659 387 795 429 essenis.
1250 373 1309 434 leo

112 530 305 606 relinquerent,
321 543 375 584 nec
389 523 494 584 coelum
508 533 645 602 repetere,
661 529 732 604 quin
746 549 764 587 a
776 536 854 589 terra
866 528 1043 608 recederent,
1065 539 1094 592 et
1108 531 1150 592 sio
1161 529 1215 592 'nbi
1230 553 1314 594 suum

114 607 270 689 precedens
284 612 448 680 muterent3
470 604 543 664 alies
557 616 655 667 essent
667 609 785 686 ubique.

150 689 205 747 IX.
228 684 368 762 Quamvis
388 684 460 761 ipm's
480 695 600 744 oeoemue
623 686 737 748 dicetur
758 697 877 768 paratus
899 689 1025 749 Diabolo
1047 698 1077 751 et
1090 690 1217 769 Angelis
1239 693 1312 771 ejus,

114 769 192 831 Matt.
206 785 278 826 xxv.
292 767 341 840 41,
365 765 432 823 Non
446 766 576 841 sequitur
597 766 731 846 Angelos
755 789 819 829 asse
833 789 1004 848 corporooa;
1027 771 1102 847 Quia
1125 791 1184 831 non
1197 793 1317 832 necesse

113 859 154 909 est
166 848 260 924 ignem
282 844 409 922 intelligi
430 845 609 904 materialem
630 857 660 907 et
682 868 869 927 corporenm3
892 849 944 910 sed
958 851 1145 930 spiritualem,
1167 860 1197 911 et
1210 851 1316 930 figura-

114 939 180 1002 tum,
194 925 229 986 ad
242 923 471 1003 exquisitissima
484 924 588 985 infami
602 935 746 989 tormenta
758 929 966 1007 describenda;
989 938 1022 990 ut
1032 932 1101 991 vitae
1115 940 1231 990 aeterne
1246 951 1317 1009 geu·

114 1007 224 1147 {iasub
237 1025 333 1067 rerum
344 1003 620 1084 jucundissimarum
642 1017 673 1068 et
696 1009 933 1070 suavissimarum
946 1011 1087 1090 symbolis
1110 1012 1205 1087 solent
1218 1012 1319 1071 edum-

135 1107 197 1146 ran.

572 1247 765 1322 cussum
787 1249 848 1311 ιιι.

491 1424 531 1464 ns.
545 1425 725 1469 coonrmoun
739 1411 932 1470 suessonum

253 1565 354 1632 Quaado
366 1564 403 1623 sit
415 1567 521 1643 modus,
537 1577 565 1626 et
577 1571 660 1646 quate
673 1570 806 1646 objectam
819 1569 983 1648 cognitionis
993 1568 1160 1648 Aregelia?

417 1723 443 1784 I.
465 1725 532 1785 Non
545 1727 692 1804 queritur,
717 1728 768 1787 An
792 1729 903 1808 Angeli
925 1729 1108 1808 intelligendi
1131 1730 1240 1790 virtute
1265 1730 1323 1789 sint

150 1787 323 1894 Shzffi'*
375 1804 506 1883 praediti3
528 1807 584 1867 hoc
598 1809 675 1868 enim
689 1808 720 1866 in
733 1809 868 1869 confesso
879 1819 925 1870 est
946 1810 1024 1888 apud
1038 1831 1146 1886 omnes,
1172 1821 1201 1871 et
1214 1811 1264 1870 vel
1278 1830 1322 1870 so·

374 1885 436 1944 lum
449 1905 556 1946 nomen
568 1888 830 1966 Intelligentiarum,
849 1889 928 1966 quod
950 1890 1020 1967 ipsis
1044 1889 1081 1949 ob
1095 1889 1232 1949 eximiam
1246 1891 1323 1967 ipso·

118 1987 178 2027 rum
191 1965 387 2044 cognitionem
401 1965 545 2044 tribuitur,
561 1968 631 2028 satis
645 1968 772 2045 evincit;
797 1969 855 2028 Sed
868 1973 1006 2046 quomodo
1025 1977 1054 2029 et
1068 1971 1138 2046 quid
1149 1969 1323 2046 intelligent,

120 2048 176 2108 sive
190 2048 324 2125 quisnam
339 2046 377 2106 sit
400 2048 506 2123 modus,
530 2047 727 2125 etquodnam
749 2050 882 2126 obscum
903 2069 1003 2108 eorum
1024 2049 1208 2126 cognitionis.
1250 2049 1326 2107 Nem

120 2137 150 2187 ut
162 2129 241 2206 prins
255 2147 273 2184 a
286 2125 400 2186 nemina
414 2135 557 2202 negetur:
572 2128 619 2186 Its
632 2128 776 2206 posterius
790 2129 898 2189 anullo
912 2128 1038 2206 perfecte
1053 2129 1256 2206 cognoscitur;
1271 2149 1327 2188 neo

121 2208 266 2286 Scriptum
290 2215 411 2280 tacente,
436 2207 521 2266 nobis
548 2215 656 2267 temere
684 2207 889 2269 definiendum.
932 2207 1013 2280 Ideo,
1042 2208 1138 2266 missis
1168 2207 1325 2267 Scholasti-

120 2307 213 2347 eornm
234 2287 320 2346 vanis
342 2294 372 2345 et
393 2285 514 2346 curiosis
536 2287 753 2366 quaestionibus,
778 2289 829 2367 qui
849 2289 952 2348 volunt
972 2287 1112 2365 ἐμβιιιόιιι
1126 2288 1191 2354 steti
1202 2292 1238 2365 μὲ
1252 2288 1326 2370 toget-

117 2393 185 2442 μαι,
200 2367 297 2426 sobrie
311 2365 396 2426 nobis
408 2365 457 2424 hic
471 2387 510 2426 ex
523 2367 622 2428 Verbo
637 2368 816 2445 sapiendum.

158 2448 199 2507 11.
224 2447 354 2523 Cognitio
367 2447 512 2523 Argolica,
528 2447 732 2524 quadrifariam
747 2457 843 2526 potest
851 2448 880 2507 in
890 2469 997 2528 genere
1005 2449 1154 2526 distingui,
1167 2449 1198 2507 in
1208 2458 1327 2508 natura·

121 2529 178 2604 lem,
193 2530 356 2601 renotatam,
372 2527 625 2603 apoiewntalem,
640 2537 670 2587 et
684 2531 939 2605 supmusucatem.
983 2532 1009 2588 1.
1030 2530 1184 2589 Naturale
1198 2538 1250 2605 est,
1263 2549 1328 2606 quse

121 2606 290 2685 aprincipio
304 2605 457 2666 creationis
472 2607 597 2685 Angelis
620 2607 676 2666 luit
689 2607 790 2684 indita,
806 2629 871 2686 qure
885 2619 945 2668 tam
961 2608 1055 2686 bonis,
1070 2629 1157 2687 quam
1177 2610 1261 2668 malis
1274 2609 1330 2669 fuit

120 2688 289 2746 communis.
330 2691 360 2744 2.
381 2688 526 2764 Revelam,
541 2707 593 2765 per
606 2707 694 2765 quam
708 2709 746 2748 ex
760 2689 936 2749 revelatione
951 2689 1007 2748 Dei
1028 2691 1120 2750 multa
1133 2698 1248 2765 norunt,
1264 2709 1329 2768 quse

121 2777 204 2827 antes
217 2766 400 2844 ignorabant,
415 2775 448 2826 ut
464 2767 539 2826 Dan.
555 2787 618 2847 eep.
632 2768 673 2827 ix.
696 2769 842 2829 revelatur
864 2769 982 2846 Angelo
1005 2769 1136 2830 Gobrieh
1159 2771 1329 2848 mysterium

118 2847 173 2906 hrx
195 2845 420 2922 hebdomadum,
436 2847 509 2906 etin
524 2845 704 2926 Apocalypsi
718 2849 810 2908 multa
830 2849 997 2908 revelentur
1018 2849 1144 2928 Angelis
1166 2868 1184 2907 a
1208 2850 1280 2925 Deo,
1296 2857 1330 2908 ut

122 2927 286 2986 hominibus
308 2926 492 2986 annuncient
534 2930 563 2986 3.
584 2928 834 3004 Experimentalie,
858 2937 888 2987 et
909 2927 1059 3006 acquisita,
1074 2933 1152 3006 'quae
1174 2929 1265 2990 oritur
1292 2947 1330 2988 ex

123 3007 205 3068 rebus
219 3026 286 3085 quae
299 3007 374 3066 fiunt
387 3006 418 3064 in
431 3006 548 3083 mundo,
565 3017 594 3068 et
607 3009 766 3086 presertim
780 3009 811 3066 in
821 3007 962 3083 Ecclesia,
977 3008 1014 3068 de
1028 3027 1086 3086 qus
1100 3008 1209 3084 Ephes.
1224 3007 1264 3066 iii.
1282 3011 1329 3068 10.

121 3096 150 3146 et
163 3087 234 3148 Luc.
249 3106 301 3146 xv.
317 3089 365 3145 10.
406 3089 435 3144 4.
449 3086 691 3164 Srcpmmbcralb,
707 3107 771 3164 quse
785 3096 830 3147 est
843 3095 956 3147 tantum
977 3087 1159 3165 Angelorum
1179 3085 1330 3163 bonorum,

121 3187 179 3244 ,qna
192 3167 294 3227 donati
307 3173 375 3226 sunt
388 3185 406 3224 a
420 3165 484 3226 Deo
498 3167 529 3225 in
543 3167 768 3242 confirmatione,
782 3187 836 3246 per
848 3187 936 3245 quam
949 3167 991 3226 ite
1004 3165 1130 3244 perfecte
1145 3164 1240 3224 Deum
1254 3165 1331 3225 intu-

124 3257 215 3324 entur,
229 3255 264 3308 ut
277 3246 334 3325 ipsi
347 3255 513 3307 constanter
525 3247 699 3324 adhereant,
715 3248 819 3308 neceb
833 3266 868 3308 eo
882 3246 1004 3307 deficare
1019 3247 1049 3306 in
1063 3253 1202 3305 oeternum
1215 3245 1318 3305 velint.

126 3351 368 3470 ιι·
389 3326 651 3467 ..ιιθιι
660 3327 1023 3469 tetensteten
1033 3331 1079 3468 ι
1095 3324 1250 3484 ιι
1259 3344 1332 3466 ιι

152 3469 312 3515 contemta.
378 3487 490 3563 judicii,
506 3429 598 3548 Mmsso.
612 3428 674 3547 xiii.
697 3491 746 3548 32.
768 3493 796 3548 2.
812 3488 887 3563 Quia
899 3488 991 3548 multe
1004 3487 1134 3568 quotidie
1155 3487 1271 3548 diseunt
1294 3507 1332 3546 ex

125 3565 310 3640 revelatione,
320 3585 385 3643 quae
399 3575 485 3626 antea
498 3567 679 3644 ignorabant,
696 3569 771 3646 Eph.
786 3569 827 3629 iii.
838 3572 885 3644 10,
900 3568 978 3628 unde
992 3569 1130 3630 dicuntur
1141 3569 1219 3628 Petr.
1234 3567 1333 3646 primae

126 3664 150 3702 c.
164 3645 184 3704 i.
200 3648 249 3704 12.
270 3644 434 3705 desiderare
448 3647 478 3704 in
491 3649 630 3724 mysteria
649 3649 828 3727 Evangelioa
841 3648 1007 3732 reputebas,
1021 3650 1062 3710 id.
1077 3671 1115 3708 ex
1127 3667 1234 3726 magno
1254 3667 1331 3724 mys-

127 3725 229 3785 terium
239 3724 356 3802 pietatis
370 3728 564 3804 cognoscendi
578 3728 684 3804 studio,
694 3749 757 3789 sese
766 3729 925 3806 demittere,
942 3740 971 3790 et
985 3739 1072 3808 ceput
1079 3729 1172 3788 veluti
1185 3727 1332 3802 inclinare,

128 3803 283 3864 alludendo
297 3805 335 3864 ad
350 3806 529 3867 cherubinos
543 3808 639 3884 Arcae,
654 3828 777 3886 quornm
790 3809 867 3868 oculi
880 3829 982 3868 versus
1004 3807 1239 3885 Propitiatorium
1253 3825 1335 3883 spec-

125 3885 234 3961 tnbent,
251 3885 328 3944 Exo.
342 3907 414 3945 xxv.
424 3890 473 3947 20.
495 3890 524 3948 3.
536 3888 611 3964 Quia
621 3889 685 3947 Deo
695 3889 757 3965 soli,
773 3888 824 3965 qui
837 3897 882 3947 est
891 3889 953 3948 Ens
966 3888 1120 3962 infinitum,
1135 3885 1336 3945 omniscientis

129 3965 281 4042 competit3
304 3965 506 4027 Creatumrum
533 3987 603 4028 vero
624 3968 753 4027 omnium
777 3987 900 4045 quarum
922 3968 1048 4027 essentia
1070 3966 1152 4024 finite
1180 3973 1232 4041 est,
1253 3965 1336 4024 finite

124 4045 213 4104 etiem
236 4044 324 4106 debet
345 4066 409 4106 esse
431 4048 567 4126 cognitio,
593 4055 623 4107 et
640 4048 726 4107 certis
747 4045 889 4107 hmitibus
912 4046 1137 4124 circumscripte.
1159 4045 1242 4104 Licet
1264 4064 1335 4103 vem

131 4123 224 4185 Deum
238 4127 336 4187 omnia
348 4125 495 4188 videntem
518 4127 636 4188 videant
660 4126 778 4206 Angeli‚
801 4146 860 4184 non
875 4126 1005 4204 sequitur
1025 4146 1075 4186 eos
1088 4127 1119 4184 in
1139 4124 1265 4184 essentia
1279 4124 1336 4184 Dei

130 4205 224 4264 omnia
237 4205 356 4284 videre;
377 4207 525 4286 quiscum
540 4208 621 4268 Deus
635 4207 674 4267 sit
687 4225 777 4285 egens
794 4207 999 4282 voluntarium,
1022 4226 1080 4266 non
1104 4205 1223 4264 exhibet
1237 4223 1336 4263 neces·

131 4285 203 4345 sario
218 4305 266 4344 res
279 4305 379 4346 omnes
393 4308 493 4348 eorum
511 4289 649 4366 aspecturi,
665 4287 716 4347 sed
729 4295 842 4346 tantum
855 4295 941 4365 prout
954 4287 1027 4362 vult,
1048 4284 1150 4344 vident
1163 4303 1232 4362 ergo
1246 4303 1337 4360 qnan-

131 4372 189 4423 tum
205 4365 288 4424 Daus
302 4365 367 4425 vult
386 4387 437 4428 eos
457 4367 576 4445 videre3
599 4368 647 4428 Ita
669 4367 720 4445 qui
745 4367 842 4427 Solem
864 4367 946 4427 videt
968 4367 1065 4427 omnia
1084 4365 1264 4440 lustrantem,
1279 4382 1337 4423 non

133 4446 228 4504 statim
242 4445 325 4505 videt
337 4448 444 4506 omnis.

423 4527 479 4587 IV.
494 4531 522 4588 2.
534 4528 601 4587 Non
604 4529 711 4602 fictura
721 4528 917 4606 contingentia,
923 4546 988 4606 qun
999 4526 1116 4586 elibers
1122 4523 1178 4584 Dei
1188 4523 1339 4583 voluntate

393 4607 529 4687 pendent,
551 4627 673 4686 qunque
687 4629 705 4666 a
727 4609 873 4669 Creaturis
894 4607 1011 4668 nonnisi
1030 4607 1151 4685 exejus
1164 4603 1339 4686 revelatione

396 4688 467 4748 sciri
478 4696 556 4750 certo
570 4697 699 4770 possunt,
725 4689 795 4767 quie
812 4690 892 4750 Deus
910 4690 1027 4750 illorum
1050 4687 1253 4766 cognitionem,
1276 4691 1340 4744 tan·

143 4587 197 4634 Non
209 4591 294 4635 sutura
304 4605 360 4637 aon·

124 4651 129 4658 '
186 4649 316 4706 tingentie.
