3152 5178
246 397 302 456 156
730 409 821 452 rocus
836 409 970 451 rennos.
1287 387 1412 472 [numer.
1425 409 1456 454 r.·
1479 419 1487 428 ·

244 561 273 618 ia
288 569 394 617 terram
407 555 528 616 aconis
541 552 666 612 Annales
680 551 777 626 Ennii,
794 560 824 610 ut
834 552 962 626 campa
975 551 1031 627 legi
1038 549 1150 627 possint
1161 551 1250 624 cffiei,·
1274 560 1308 613 nt
1321 553 1458 631 loquitur
1572 509 1573 570 ἶ

245 641 344 699 Cicero
368 635 404 695 de
419 637 485 695 Nat.
501 635 573 692 Deo.
588 632 638 692 lib.
653 631 683 690 ii.
705 639 735 691 et
757 631 895 708 praeclare
916 629 993 688 idem
1015 629 1123 689 ibidem
1144 650 1183 690 ex
1197 630 1366 708 Aristotele,
1384 634 1457 693 “Si

244 717 369 792 essent,”
380 715 482 792 inquit,
495 713 570 789 “qui
584 711 638 770 sub
652 720 728 770 terra
742 730 855 788 semper
867 710 1079 770 habitavissent
1091 711 1176 768 bonis
1187 720 1217 770 et
1226 711 1389 772 illustribus
1399 713 1454 771 do·

243 797 366 872 miciliis,
381 814 435 854 nec
449 801 546 852 tamen
560 791 689 850 exissent
702 810 829 868 unquam
844 810 930 868 supra
940 797 1054 865 terrem,
1069 790 1248 868 accepissent
1261 799 1359 851 autem
1374 793 1457 852 suma
1572 831 1573 844 2

242 897 305 936 esse
326 874 471 953 quoddam
486 873 601 931 Numen
621 879 650 930 et
663 871 724 930 vim
739 871 884 946 Deorum
906 869 1010 929 deinde
1032 869 1129 963 aliquo
1149 871 1456 964 temporepateiactis
1572 891 1573 912 ³

243 966 326 1016 terrae
340 954 471 1014 faucibus
485 951 608 1012 evadere
627 950 659 1008 in
672 950 735 1010 haee
755 951 819 1009 loca
832 970 897 1028 quaa
911 970 965 1009 nos
978 949 1130 1008 incolimus
1144 959 1231 1028 atque
1244 971 1326 1010 exue
1340 952 1454 1029 potuis-

242 1044 325 1112 sent,
346 1055 413 1102 curn
437 1041 554 1111 repente
577 1039 683 1090 terram
703 1039 733 1090 st
755 1030 853 1105 maria,
869 1030 1032 1106 coelumque
1045 1029 1195 1106 vidissent,
1210 1031 1455 1110 aspexissentque

245 1117 350 1191 Solem,
366 1115 486 1192 ejusque
506 1121 569 1171 tum
582 1109 811 1188 magnitudinem
830 1109 1061 1186 pulcherrimam,
1076 1117 1139 1168 tum
1159 1111 1246 1169 etiam
1266 1109 1455 1170 efficientiam

242 1195 455 1274 cognovissent,
478 1201 540 1252 tum
562 1190 666 1250 coelum
690 1198 783 1250 totum
811 1198 962 1250 cernerent
982 1189 1068 1248 astris
1089 1189 1266 1264 distinctum,
1292 1208 1456 1268 eorumque

241 1276 370 1335 omnium
384 1281 464 1332 ortus
477 1281 508 1331 et
521 1290 647 1347 occasus,
670 1279 756 1347 atque
770 1269 801 1326 in
822 1269 900 1328 omni
920 1269 1079 1328 aeternitate
1099 1277 1177 1328 ratos
1196 1269 1456 1350 immutabilesque

242 1375 362 1416 cursus:
383 1355 446 1412 haec
460 1371 525 1412 eum
539 1350 672 1410 viderent
684 1349 812 1429 profecto
826 1357 856 1408 et
869 1369 932 1408 esse
947 1349 1035 1425 Deos,
1050 1357 1080 1408 et
1092 1349 1154 1408 hec
1169 1357 1248 1408 tants
1268 1369 1357 1428 opera
1372 1351 1453 1410 Deo-

241 1455 306 1496 rum
320 1454 383 1494 esae
397 1432 632 1492 arbitrarentur.”

242 1551 258 1596 4
288 1549 310 1596 Ε
348 1549 368 1595 Τ
400 1550 415 1594 d
447 1547 467 1593 ,-
545 1511 623 1569 XII.
644 1513 673 1569 4.
696 1509 762 1568 Hoc
775 1509 870 1588 ipsum
885 1508 1035 1568 confimat
1048 1510 1157 1568 Rerum
1170 1509 1293 1568 omnam
1307 1511 1454 1571 tendentia

259 1565 354 1656 'ratim
369 1562 487 1653 edulluli
507 1593 549 1650 od
559 1592 658 1671 finem
700 1590 776 1648 Nam
789 1609 855 1648 cum
870 1589 966 1648 omnia
980 1589 1068 1648 Entia
1085 1589 1227 1648 naturalia
1243 1589 1310 1649 finis
1323 1591 1453 1669 alicujus

272 1669 302 1714 Μ
316 1667 396 1714 unam.
505 1672 599 1750 gratia
625 1677 722 1748 agant,
750 1689 837 1746 quem
861 1677 940 1729 certo
964 1677 994 1728 et
1019 1668 1210 1728 infallibiliter
1232 1689 1347 1748 semper
1369 1691 1452 1730 asse·

242 1761 387 1832 quuntru3
409 1771 527 1811 necesse
541 1758 632 1810 estut
651 1749 784 1808 Rectoris
803 1749 927 1826 alicujus
945 1750 1066 1808 consilio
1087 1749 1292 1826 gubernentur.
1335 1751 1453 1828 Quippe

216 1855 220 1864 ·
243 1853 310 1893 cum
329 1833 440 1891 Natura
460 1832 533 1890 nihil
553 1830 640 1890 faciat
659 1829 774 1904 frustra,
796 1829 822 1888 si
841 1829 908 1888 finis
928 1829 1023 1907 gratia
1041 1836 1118 1906 agat,
1140 1837 1253 1906 oportet
1272 1838 1306 1889 ut
1319 1831 1368 1889 val
1384 1831 1453 1908 ipsa

243 1913 331 1973 finem
351 1913 439 1972 istum
452 1912 530 1971 norit
543 1921 573 1971 et
586 1917 710 1988 appetat,
725 1909 776 1968 vel
796 1908 821 1968 si
841 1928 908 1968 eum
925 1929 983 1968 non
997 1909 1075 1968 norit
1088 1917 1138 1969 aut
1151 1917 1276 1986 appetat,
1292 1917 1325 1968 ut
1338 1909 1376 1968 ab
1391 1911 1454 1970 alio

243 2014 278 2053 eo
293 1994 443 2072 dirigatur.
486 1993 558 2051 Cum
572 1999 669 2050 autem
683 2010 721 2049 ex
734 1989 821 2048 rebus
840 1989 1020 2048 naturalibus
1040 1989 1139 2048 multae
1158 1988 1216 2048 sint
1234 1989 1349 2048 consilii
1369 1989 1452 2050 inca-

243 2094 338 2153 psces,
355 2074 423 2152 quia
435 2071 484 2131 vel
497 2072 661 2131 inanimatae
674 2070 722 2129 vel
736 2067 835 2142 ἔληκ,
851 2069 945 2128 allieno
959 2076 1046 2146 egent
1060 2069 1252 2146 consilioque
1266 2067 1453 2146 diriguntur:

243 2155 288 2214 At
302 2155 427 2213 alienum
448 2151 526 2210 istud
547 2151 698 2211 consilium
714 2169 773 2208 non
793 2157 889 2228 potest
903 2149 952 2208 alii
972 2148 1069 2224 tribui,
1085 2168 1172 2226 quam
1187 2148 1313 2208 Authori
1327 2159 1357 2208 et
1373 2149 1452 2209 Rec-

244 2235 300 2294 tori
318 2242 437 2293 naturae.
480 2231 541 2289 Nec
556 2230 709 2290 dicendum
727 2238 858 2288 naturam
879 2229 972 2306 ipsam
992 2228 1023 2286 iu
1037 2228 1159 2306 singulis
1172 2229 1260 2288 rebus
1273 2247 1346 2304 esse,
1362 2231 1452 2308 cujus

243 2313 363 2372 consilio
378 2311 500 2386 singulae
513 2309 678 2386 diriguntur
695 2308 733 2367 od
751 2309 823 2367 fines
841 2327 917 2367 suos.
960 2308 1035 2366 Nam
1056 2307 1167 2368 Natura
1186 2308 1245 2385 illa,
1260 2308 1309 2368 vel
1329 2310 1385 2368 erit
1406 2311 1451 2369 rei

243 2392 384 2469 cujusque
404 2388 544 2447 naturalis
564 2388 723 2465 proprietas
740 2397 769 2447 et
782 2396 886 2446 natura
899 2407 1020 2464 quaeque
1035 2387 1206 2466 singularis3
1228 2386 1281 2448 sed
1301 2390 1451 2466 quomodo

242 2471 294 2530 illa
307 2468 420 2528 consilii
434 2486 526 2544 capax
540 2487 604 2526 esse
616 2475 720 2544 potest,
736 2467 762 2525 si
775 2486 822 2526 res
834 2467 905 2543 ipsae
916 2467 1008 2526 brutae
1020 2471 1109 2527 sunt?
1125 2467 1183 2527 Vel
1196 2467 1357 2528 communis
1368 2490 1450 2546 quse-

242 2549 309 2609 dam
323 2557 426 2608 nutura
439 2567 477 2605 cx
491 2546 669 2624 singularum
684 2565 778 2605 rerum
792 2547 903 2606 naturis
921 2547 1061 2608 collecta:
1085 2547 1142 2608 Sed
1162 2549 1322 2609 communis
1343 2559 1452 2609 natrrra

241 2651 300 2688 non
314 2637 359 2688 est
372 2635 455 2687 extra
469 2626 630 2703 singulares
643 2633 779 2702 naturas;
801 2625 859 2684 Vel
873 2626 1035 2686 substantia
1048 2627 1145 2705 aliqua
1158 2627 1324 2705 intelligens
1338 2637 1368 2688 ct
1379 2630 1450 2688 snb-

242 2711 356 2784 sistens‚
368 2707 450 2785 cnjus
459 2705 579 2766 consilio
588 2705 684 2764 omnia
692 2705 870 2782 diriguntur:
887 2705 944 2766 Sed
952 2707 1008 2766 boc
1016 2716 1061 2767 est
1071 2727 1110 2766 ex
1118 2707 1229 2766 Natura
1237 2708 1334 2766 Deum
1342 2707 1449 2786 facere,

242 2797 272 2848 et
286 2807 351 2847 cum
366 2788 461 2848 Deum
471 2805 569 2864 neges,
586 2787 681 2845 Deum
692 2785 745 2844 sub
758 2785 876 2846 Nature
886 2787 1002 2845 nomine
1013 2807 1177 2864 agnoscere,
1192 2805 1250 2865 quo
1260 2788 1387 2865 pertinet
1399 2789 1452 2849 illa

244 2868 421 2946 Philosophi,
437 2867 487 2944 qui
501 2887 570 2943 opus
583 2875 694 2925 naturae
707 2865 778 2924 dicit
792 2886 849 2925 esse
862 2887 931 2943 opas
945 2867 1130 2944 intellegentiae
1142 2887 1199 2926 noa
1212 2869 1344 2926 ornate.

445 3013 450 3026 ι
544 2947 639 3006 XIII.
661 2948 689 3006 5.
713 2945 771 3005 Sed
784 2947 871 3005 homo
885 2966 943 3006 non
957 2956 1023 3024 eget
1036 2946 1124 3024 longe
1138 2947 1298 3024 corrogatis
1311 2947 1449 3024 testibus,

271 3013 294 3061 ⁶·
319 3014 360 3086 Ap
385 3013 483 3060 homme
504 3027 553 3086 vel
567 3034 599 3086 ut
609 3033 694 3086 exeat
704 3045 743 3085 ex
757 3026 860 3104 seipso,
876 3046 941 3086 cum
951 3026 1057 3086 hebeat
1070 3026 1101 3084 in
1112 3026 1177 3085 sinu
1192 3046 1243 3086 suo
1254 3025 1449 3087 domesticum

351 3087 359 3117 ¹
376 3086 409 3118 ω’
502 3108 623 3186 hujusce
633 3105 765 3166 veritatis
778 3106 951 3182 Doctorem;
973 3114 1003 3166 et
1016 3105 1041 3166 si
1055 3107 1091 3164 ab
1106 3105 1239 3166 omnibus
1250 3105 1346 3166 visum
1362 3127 1449 3166 suurn

242 3198 353 3264 avocet,
369 3196 398 3248 et
418 3188 449 3245 in
463 3188 589 3265 seipsum
602 3185 739 3262 reflectat,
754 3205 812 3246 non
826 3187 966 3244 minorem
985 3184 1016 3244 in
1032 3185 1219 3254 microcosmo
1233 3205 1322 3264 quam
1336 3207 1448 3246 macro·

243 3289 340 3327 cosmo
356 3267 525 3344 sapientiam
538 3275 684 3344 agnoscet,
701 3275 730 3326 et
743 3266 774 3324 in
788 3285 906 3343 corpore
920 3265 1071 3341 visibilem,
1087 3273 1117 3324 et
1131 3265 1161 3324 in
1175 3274 1270 3325 mente
1285 3266 1448 3326 scintillan-

242 3356 301 3406 tem
316 3347 507 3404 Divinitatem
521 3345 718 3405 admirabitur.
761 3344 848 3405 Undc
861 3345 939 3406 enim
952 3363 1056 3422 corpus
1066 3353 1128 3405 tam
1139 3345 1302 3404 admirabili
1316 3356 1347 3406 ct
1360 3347 1449 3425 plane

242 3423 384 3502 stupendo
398 3432 561 3484 extructum
576 3424 720 3484 artificio?
760 3424 848 3484 Unde
861 3433 905 3484 tot
918 3424 1044 3503 disparia
1061 3420 1190 3483 membra
1207 3434 1309 3485 mutuo
1330 3427 1448 3486 intextu

241 3511 400 3578 concreata,
415 3511 517 3562 ettam
531 3511 598 3580 apte
611 3502 649 3562 ed
662 3503 777 3582 propria
791 3503 894 3580 cuique
908 3503 1006 3564 munia
1019 3503 1167 3581 disposite,
1181 3505 1239 3564 nisi
1251 3506 1289 3564 ab
1303 3505 1448 3566 immenso

242 3583 373 3660 Spiritu?
415 3580 500 3641 Unde
514 3602 596 3641 mens
607 3581 714 3640 divinae
727 3601 804 3642 aura
818 3583 966 3660 particula,
982 3591 1026 3644 tot
1038 3583 1223 3644 facultatibus
1237 3585 1389 3661 instructa,
1404 3594 1449 3646 tot

240 3663 357 3722 dotibus
371 3669 472 3720 ornata
484 3661 541 3720 nisi
552 3681 569 3718 a
580 3681 712 3739 suprema
724 3661 960 3740 Intelligentiasa
977 3663 1050 3722 Haec
1061 3683 1129 3722 sane
1141 3663 1243 3741 Imago
1257 3673 1447 3743 prototypum

241 3763 325 3804 suurn
338 3741 432 3818 refert,
449 3751 478 3800 et
490 3761 575 3800 nemo
590 3742 694 3819 estqui
708 3741 734 3800 si
747 3742 895 3802 attendere
905 3741 986 3818 velit,
1002 3743 1097 3802 Deum
1110 3743 1141 3801 in
1155 3761 1186 3802 ae
1199 3752 1374 3820 praesentem
1387 3765 1447 3806 non

241 3832 353 3884 tautum
367 3821 509 3881 audiatet
521 3820 628 3896 videat,
645 3821 697 3880 sed
710 3821 797 3880 etiam
810 3821 1022 3898 quodamnodo
1036 3830 1137 3899 tangat
1152 3830 1182 3882 et
1194 3823 1302 3900 palpet.

243 3929 246 3940 ·
398 3954 403 3966 ,
449 3931 468 3966 ,κ
541 3901 632 3960 XIV.
655 3903 682 3960 6.
699 3901 765 3960 Hoc
786 3902 928 3979 praecipue
946 3902 1030 3961 docet
1046 3901 1226 3962 &morientia
1238 3904 1279 3962 oia
1293 3921 1328 3961 ac
1343 3903 1445 3962 stimu-

249 3953 272 4002 ⁶'
283 3955 308 4002 A
318 3954 479 4001 ΟΜΝ·
500 3979 555 4054 lus,
571 3981 688 4040 sceleris
699 3981 747 4040 vel
760 3981 847 4058 coepti
862 3975 1027 4058 velpatrati
1041 4001 1137 4039 comes
1151 3981 1337 4058 individuum
1360 3983 1447 4060 eujus

239 4081 333 4139 neque
348 4079 449 4120 sensus
464 4059 598 4136 obtundi,
619 4080 713 4138 neque
734 4059 879 4119 accusatio
897 4060 984 4136 eludi,
1005 4080 1060 4119 nec
1078 4060 1274 4120 testimonium
1288 4062 1445 4140 corrumpi

239 4161 293 4200 nec
307 4140 504 4200 vadimonium
519 4139 621 4217 deseri,
643 4161 696 4200 nec
715 4139 855 4199 Tribunsl
874 4138 1013 4198 declinari
1032 4148 1136 4217 potest.
1179 4139 1236 4214 Qui
1257 4139 1290 4199 fit
1309 4141 1398 4217 enim,
1414 4151 1447 4201 ut

240 4219 416 4279 conscientia
428 4220 581 4280 commisso
596 4221 703 4281 scelere
717 4227 840 4297 angatur
858 4218 945 4278 etiam
966 4219 996 4276 in
1015 4219 1128 4278 occulto
1142 4226 1172 4279 et
1184 4219 1303 4279 remotis
1318 4221 1444 4294 arbitris,

239 4297 290 4355 ubi
304 4297 415 4357 nullum
426 4300 463 4358 ab
479 4300 644 4360 hominibus
657 4299 787 4358 imminet
800 4297 967 4376 periculum,
983 4297 1068 4357 etiam
1083 4298 1114 4356 in
1128 4298 1186 4358 illis
1200 4299 1295 4376 quiin
1309 4319 1445 4376 supremo

239 4373 355 4450 futigio
380 4385 447 4436 sunt
469 4380 627 4454 constituti,
652 4379 708 4438 nisi
735 4379 804 4455 quia
826 4377 1005 4456 penitissima
1030 4377 1164 4436 Numinis
1188 4397 1275 4438 sensu
1299 4377 1446 4439 afficitur?

239 4451 328 4604 (ἑῖοῶ
337 4452 509 4588 iq3Nerone,
529 4458 670 4536 Caligula,
690 4458 811 4536 aliisque
828 4477 886 4516 non
902 4457 1002 4535 paucis
1016 4457 1111 4516 visum
1125 4465 1187 4517 est:
1210 4457 1289 4518 Hinc
1303 4457 1443 4533 Juvenal,

722 4621 781 4674 Cur
795 4626 886 4674 tamen
900 4617 949 4673 llos
963 4624 993 4672 tu

479 4691 610 4750 anaisae
619 4703 710 4770 putea,
726 4715 794 4770 quos
808 4695 867 4753 diri
878 4695 988 4754 coneda
993 4695 1071 4769 facti
