3174 5174
235 345 295 402 464
720 354 812 396 Locus
826 353 945 394 ssxras.
1170 359 1174 364 ·
1245 333 1377 414 [enarer.
1392 352 1456 394 vn.

239 503 320 562 Deus
341 518 410 577 ergo
431 496 544 577 proprie
567 516 623 556 noe
643 499 701 556 vult
713 497 786 576 fieri
800 503 955 572 peecatum,
981 492 1033 552 sed
1054 495 1113 553 uait
1134 499 1246 552 tantam
1266 495 1453 570 penetrare.

240 583 310 656 Nec,
327 582 352 639 si
365 577 519 656 aliquando
533 585 681 654 peecatum
696 576 801 636 dicitur
814 575 941 634 medinm
955 573 1134 633 illustranda
1147 573 1248 650 gloria
1263 573 1330 649 Dei,
1347 573 1454 650 sequi-

239 671 287 721 tur
301 662 404 736 Deam,
420 659 469 736 qui
483 658 547 716 vult
560 657 655 730 finem,
671 656 775 716 debere
786 655 862 712 velle
876 654 962 713 etiam
977 661 1134 730 peccatum,
1150 673 1208 730 qua
1221 653 1288 728 tale,
1304 653 1387 730 quod
1402 661 1457 712 est

241 740 366 800 medium
380 738 417 796 ed
437 738 528 796 illum.
571 736 645 793 Nem
660 743 780 794 vocatur
800 736 928 808 mediam,
951 753 1010 791 non
1030 743 1089 792 tam
1104 734 1254 792 causaliter
1268 742 1298 792 et
1311 733 1452 808 effective,

241 821 323 898 quasi
337 825 517 876 concurreret
531 815 655 874 finaliter
668 815 705 872 ad
719 814 804 872 finem
819 814 900 872 illum
912 812 1100 888 efficiendum,
1116 831 1202 889 quam
1215 814 1409 872 materialiter
1418 821 1457 872 et

241 899 374 976 objectiva,
390 897 458 974 qnia
472 905 516 955 est
535 895 656 970 occasio,
679 914 789 970 exque
804 895 883 952 Deus
904 892 1027 970 gloriam
1048 913 1129 951 suam
1149 893 1284 951 illustrat.
1328 892 1455 952 Deinde

239 998 297 1037 non
311 985 356 1036 est
369 977 489 1035 medium
504 995 561 1053 per
573 994 611 1050 ee,
626 974 695 1052 quia
715 973 811 1050 potius
825 973 960 1031 obscurat
980 972 1102 1050 gloriam
1116 971 1181 1047 Dei,
1197 992 1283 1049 quarn
1305 971 1451 1048 illustrat,

241 1058 291 1117 sed
311 1076 362 1134 per
375 1055 510 1115 accidens
524 1074 562 1113 ex
576 1053 716 1131 sapientia
730 1053 794 1128 Dei,
810 1053 860 1130 qui
879 1071 916 1110 ex
928 1053 1007 1110 malo
1020 1051 1136 1127 bonum,
1150 1060 1184 1110 ut
1196 1051 1295 1111 lumen
1309 1072 1348 1110 ex
1361 1060 1452 1110 tene-

239 1137 308 1212 bris,
324 1135 411 1196 elicit.
433 1139 461 1194 3.
474 1134 530 1208 Qui
544 1133 607 1192 vult
628 1133 723 1209 finem,
738 1132 803 1191 vult
823 1131 910 1200 etiam
931 1131 1034 1206 media,
1056 1131 1108 1190 sed
1127 1151 1186 1189 non
1207 1151 1320 1208 semper
1340 1129 1452 1189 eadem

239 1217 395 1290 volitione3
426 1215 451 1274 si
475 1212 570 1272 media
593 1221 661 1271 sunt
685 1211 807 1271 diversae
832 1219 951 1286 natura,
974 1219 1070 1288 potest
1093 1211 1169 1270 velle
1193 1210 1279 1268 finem
1302 1210 1453 1270 volitione

241 1295 382 1369 effectiva,
397 1294 465 1372 quia
485 1293 551 1351 finis
571 1313 622 1370 per
642 1311 673 1350 sc
694 1292 787 1351 bonus
802 1299 862 1366 est,
885 1291 937 1348 sed
957 1290 1084 1349 medium
1097 1290 1236 1349 volitionc
1250 1297 1364 1350 tantum
1378 1309 1447 1366 pcr-

241 1375 368 1448 missiva,
385 1375 409 1432 si
424 1373 461 1432 sit
474 1373 591 1448 malum,
610 1391 668 1429 non
682 1380 742 1430 tam
755 1370 881 1430 volendo
894 1369 1021 1428 medium
1034 1370 1138 1446 ipsum,
1154 1389 1241 1446 quam
1254 1389 1335 1428 asum
1349 1371 1450 1444 medii,

240 1455 335 1513 nimir.
350 1453 461 1532 peccati
475 1453 565 1530 ipsius
578 1451 802 1528 permissionem,
819 1458 847 1508 ct
861 1449 1078 1508 ordinationem.

284 1533 344 1592 IX.
366 1533 441 1607 Quia
460 1551 529 1591 vero
549 1532 653 1590 mirum
673 1530 767 1589 videri
785 1537 890 1606 potest,
912 1528 991 1605 qnod
1010 1528 1090 1587 Deus
1107 1527 1254 1605 permittat
1269 1536 1449 1606 peecatum;

241 1614 310 1672 hinc
324 1611 430 1672 factum
444 1619 477 1671 ut
490 1611 520 1670 in
534 1630 635 1669 causas
649 1610 733 1669 istius
746 1608 942 1687 permissionis
955 1608 1124 1684 inquisitum
1145 1605 1239 1667 fucrit.
1280 1608 1454 1666 emereri

242 1713 367 1766 causam,
383 1692 431 1750 vel
443 1711 538 1765 unam,
554 1689 602 1748 vel
615 1690 788 1767 precipuam
799 1708 862 1747 esse
876 1696 987 1766 putant,
1002 1687 1081 1764 quod
1091 1686 1164 1746 nolit
1179 1688 1259 1747 Deus
1269 1687 1326 1745 vim
1336 1687 1450 1745 inferre

242 1773 333 1830 libero
348 1771 465 1829 arbitrio
480 1769 617 1829 creaturis
632 1789 649 1826 a
663 1789 693 1827 se
707 1788 852 1828 concesso.
895 1767 1004 1825 Verum
1019 1767 1081 1826 haec
1095 1787 1182 1826 causa
1195 1787 1254 1825 non
1266 1767 1348 1842 valet,
1359 1766 1446 1844 quia,

243 1859 433 1930 praeterquam
447 1849 525 1928 quod
538 1849 611 1908 falso
626 1849 796 1926 supponitur
810 1847 1024 1908 Providentiam
1039 1867 1097 1905 non
1110 1867 1195 1924 pesse
1209 1847 1357 1906 efficaciter
1370 1865 1445 1905 eon-

242 1951 355 1991 currerc
366 1951 432 1989 cum
440 1930 588 1989 voluntate
602 1936 747 2006 peccante,
763 1928 832 2004 quin
847 1927 892 1985 vis
905 1926 1044 1985 inferatur
1056 1927 1148 1986 libero
1161 1926 1288 2002 arbitrio,
1299 1925 1378 2003 quod
1392 1945 1449 1984 an-

244 2019 291 2070 tea
304 2010 511 2086 refutavimus3
534 2009 559 2067 si
573 2009 627 2068 boe
636 2008 717 2083 foret,
730 2009 810 2066 Deua
824 2014 973 2084 peceatum
987 2025 1135 2085 nunquam
1149 2007 1308 2083 impediret,
1323 2027 1361 2064 ne
1370 2006 1448 2064 libe-

243 2111 307 2150 rum
322 2091 470 2150 arbitrium
492 2097 650 2166 cogeretur,
668 2087 837 2165 qnod'saepe
858 2094 954 2145 tamen
976 2107 1042 2146 eum
1064 2087 1157 2146 lacere
1179 2095 1300 2145 constat
1343 2086 1452 2145 Causa

244 2189 314 2247 ergo
328 2169 524 2247 permissionis
544 2169 628 2227 istius
642 2169 706 2226 aliae
720 2167 881 2246 querenda
895 2174 970 2241 sunt,
986 2185 1051 2243 qna
1065 2167 1152 2225 varia
1172 2174 1294 2243 possunt
1307 2185 1372 2225 esse
1393 2186 1451 2243 pro

244 2251 326 2308 vario
340 2257 533 2308 creaturarum
547 2256 633 2306 stata.
675 2248 749 2306 Nam
764 2248 789 2306 si
810 2246 846 2305 de
868 2246 1012 2304 Creatun's
1032 2246 1153 2322 integris
1167 2246 1271 2322 agitur,
1296 2245 1450 2323 Scriptura

243 2328 316 2385 nihil
337 2347 472 2404 expresse
493 2326 571 2400 dicit,
594 2347 645 2384 cur
669 2327 815 2403 Angelum
840 2327 888 2384 vel
910 2325 1055 2384 hominem
1080 2326 1140 2383 labi
1160 2325 1338 2402 permiserit:
1372 2325 1451 2399 Quia

243 2415 340 2465 tamen
353 2406 426 2464 nihil
440 2426 474 2464 eo
488 2405 520 2463 fit
534 2407 582 2463 vel
596 2406 695 2479 inscio,
707 2405 755 2464 vel
765 2406 866 2480 invito,
883 2405 1008 2463 dubitari
1021 2425 1079 2463 non
1093 2404 1186 2480 debet,
1202 2405 1273 2481 quin
1283 2412 1364 2463 certo
1375 2424 1450 2481 quc-

244 2484 310 2543 dam
324 2493 353 2542 et
367 2484 524 2543 deliberato
538 2483 644 2542 lactum
659 2486 697 2543 sit
708 2485 837 2560 consilio,
849 2484 927 2561 quod
938 2485 1029 2543 tutius
1042 2492 1087 2543 est
1100 2483 1243 2558 admirari,
1253 2504 1341 2561 quam
1353 2484 1449 2542 curio·

243 2564 303 2624 sius
317 2564 430 2640 rimari;
452 2565 507 2622 hoc
517 2571 629 2622 tantum
640 2573 718 2622 certo
732 2571 863 2622 constare
872 2563 967 2638 debet,
979 2564 1052 2622 nihil
1061 2564 1116 2622 hoc
1129 2572 1213 2641 pacto
1224 2563 1328 2622 iecisse
1340 2565 1448 2640 Deum

242 2643 320 2721 quod
333 2642 381 2701 vel
395 2651 568 2721 repugnaret
580 2645 706 2718 justitior,
721 2643 789 2720 quia
809 2663 867 2701 non
881 2644 1034 2702 tenebatur
1053 2643 1190 2721 impedire
1204 2653 1375 2721 peecatum
1398 2645 1449 2703 vel

242 2723 393 2800 capientia,
415 2722 483 2799 quia
497 2741 561 2781 eum
576 2723 701 2782 voluerit
715 2731 852 2782 creatura
873 2721 1066 2782 conditionem
1080 2743 1143 2782 esse
1164 2723 1343 2798 mutabilem,
1364 2723 1450 2782 nuilla

242 2803 315 2861 ratio
329 2801 392 2876 fuit,
407 2821 471 2879 quae
485 2822 550 2860 eum
565 2802 707 2880 obligaret
721 2802 757 2860 ad
766 2823 800 2861 ea
813 2801 944 2878 iacienda
958 2823 1028 2880 erge
1041 2823 1112 2878 eam,
1125 2821 1189 2879 quae
1202 2811 1314 2862 natura
1328 2803 1449 2862 modum

243 2881 433 2958 excederent,
449 2882 497 2940 vel
510 2882 633 2957 bonitati,
646 2882 714 2959 quia
727 2901 807 2940 amor
820 2901 877 2959 quo
889 2891 1048 2941 creaturam
1058 2883 1247 2959 prosequitur,
1264 2882 1336 2942 dum
1350 2883 1388 2941 ab
1401 2883 1445 2941 in·

243 2962 378 3040 tegritate
392 2981 450 3020 non
464 2960 569 3037 deficit,
590 2982 649 3021 non
663 2963 760 3022 stetim
774 2982 808 3020 eo
821 2981 913 3040 usqne
933 2961 1123 3039 progreditur,
1138 2971 1171 3021 ut
1185 2962 1289 3021 debeat
1309 2971 1449 3039 praestare

244 3062 281 3101 ne
302 3040 425 3118 deficiat,
440 3043 565 3100 maxime
586 3063 652 3102 cum
673 3063 711 3102 ex
733 3042 795 3119 ipso
817 3042 893 3100 malo
907 3041 1015 3100 bouum
1036 3043 1122 3100 etiam
1137 3041 1239 3100 elicere
1257 3051 1365 3119 queat3
1388 3062 1448 3120 quo

244 3123 362 3198 Aupzcst.
384 3121 540 3198 respiciens
554 3122 602 3196 eit,
618 3122 669 3180 lib.
684 3122 719 3180 de
734 3129 855 3197 corrept.
870 3129 899 3179 et
920 3121 1021 3196 gretia,
1044 3141 1106 3198 cap.
1124 3123 1169 3180 10.
1213 3123 1231 3154 ‘⁴
1248 3121 1344 3182 seivit
1365 3123 1448 3182 Deus

245 3202 339 3280 magis
360 3201 398 3260 ad
419 3221 500 3260 suam
521 3201 826 3278 omnipotentissimam
840 3199 998 3259 bonitatem
1018 3201 1169 3276 pertinere,
1193 3201 1281 3260 etiam
1304 3201 1449 3261 damulis

245 3279 323 3339 bona
336 3280 437 3354 iacere,
453 3299 539 3356 quarn
555 3281 631 3339 mala
644 3301 707 3340 esse
721 3299 780 3338 non
794 3279 915 3338 sinere.''
938 3279 1012 3336 Nam
1022 3281 1047 3337 si
1057 3281 1164 3339 malum
1185 3300 1244 3338 non
1257 3282 1445 3358 permisisset,

245 3377 303 3416 non
318 3360 497 3435 apparuisset
514 3360 629 3434 justitia
643 3361 699 3418 Dei
713 3379 770 3436 qua
790 3359 881 3437 punit,
897 3379 950 3417 nec
963 3359 1160 3418 misericordia
1172 3379 1231 3437 qua
1244 3360 1375 3438 ignoscit,
1391 3381 1448 3420 nee

245 3437 456 3513 sapientiaque
470 3438 547 3495 male
560 3438 590 3494 in
603 3439 711 3496 bonum
725 3439 820 3513 vertit,
840 3459 895 3496 nec
908 3457 988 3496 amor
1002 3439 1050 3496 ille
1064 3439 1221 3499 immensus
1235 3460 1293 3517 quo
1306 3459 1357 3498 nos
1377 3459 1446 3517 pro·

244 3522 361 3574 secutus
375 3522 419 3572 est
434 3515 515 3572 Deus
528 3516 668 3574 mittendo
691 3517 798 3574 Filium
813 3518 843 3575 in
856 3517 996 3576 mundum
1010 3517 1047 3575 ad
1061 3517 1183 3577 salutem
1205 3519 1352 3578 Ecclesiae.
1395 3519 1446 3578 Ad

246 3595 413 3653 Creaturam
433 3593 542 3670 lapsam
565 3595 643 3670 quod
664 3595 774 3669 attinet,
797 3595 911 3655 facilius
932 3605 977 3656 est
997 3617 1099 3656 causas
1118 3597 1322 3675 permissionis
1335 3599 1448 3676 peccati

245 3673 401 3750 assignare,
423 3673 492 3750 quia
512 3693 577 3732 eum
599 3674 636 3732 sit
654 3674 713 3751 jam
737 3684 878 3751 conupta,
902 3676 983 3735 Deus
1000 3677 1161 3753 justissime
1180 3685 1278 3754 potest
1297 3687 1447 3755 peccatum

245 3753 418 3832 pe1mittere,
440 3753 489 3812 vel
509 3752 546 3811 ad
565 3749 723 3829 mediatam,
745 3762 778 3812 ut
798 3762 917 3830 peccata
936 3755 1128 3832 praecedentia
1146 3756 1318 3832 ulciscatur3
1341 3758 1390 3816 vel
1410 3757 1447 3816 ed
1468 3769 1474 3778 ‘

246 3833 462 3910 caet'yatimem
478 3840 511 3891 ut
524 3832 624 3894 fideles
639 3833 680 3892 sic
694 3833 834 3892 admoniti
847 3833 883 3892 de
898 3835 998 3895 nativa
1011 3855 1064 3893 sua
1077 3835 1243 3912 vitiositate,
1260 3836 1296 3896 de
1310 3857 1346 3894 ea
1359 3837 1445 3895 corri-

246 3913 342 3991 genda
356 3913 414 3972 sint
428 3913 560 3990 solliciti3
582 3913 628 3972 vel
645 3913 682 3971 ad
696 3915 861 3990 exemplem,
882 3922 916 3974 ut
929 3935 967 3972 ex
981 3915 1102 3974 aliorum
1116 3915 1246 3993 lapsibus
1260 3916 1310 3976 alii
1323 3917 1446 3996 sapiant,

246 4002 276 4052 et
290 3993 401 4052 cautius
415 3993 558 4052 incedant.

287 4072 330 4130 X.
352 4073 491 4145 Quamvis
513 4092 582 4131 vero
602 4072 688 4131 homo
710 4073 853 4151 particeps
876 4073 913 4134 sit
935 4073 1035 4150 culpae,
1059 4074 1109 4150 qui
1128 4093 1192 4133 cum
1210 4074 1302 4153 possit
1320 4074 1446 4153 aliquem

247 4160 408 4210 averterea
426 4159 552 4228 peccato,
574 4172 633 4210 non
656 4152 724 4212 iacit
737 4161 851 4228 tamen;
878 4155 943 4212 Non
966 4155 1095 4230 sequitur
1114 4155 1209 4213 Deum
1233 4155 1445 4231 permittentem

246 4238 404 4308 peceatum,
424 4231 535 4306 pcccati
548 4251 628 4290 reum
648 4233 792 4291 ullatenus
813 4233 892 4308 fieri3
914 4234 982 4308 quia
1002 4234 1133 4292 homines
1153 4243 1288 4293 tenentur
1306 4233 1446 4311 impedire

188 4375 194 4382 ¹
245 4317 403 4386 peceatum,
419 4317 481 4368 tum
494 4309 578 4385 inse,
593 4313 699 4368 tamin
714 4311 794 4386 aliis;
816 4312 892 4371 unde
908 4313 955 4370 Eli
965 4313 1123 4390 imputatur
1132 4314 1362 4391 culpafiliorum,
1373 4331 1446 4390 quos

246 4387 428 4463 indulgentia
449 4409 501 4446 sue
521 4409 639 4466 peceare
654 4391 731 4466 sivit,
749 4395 763 4448 l
782 4391 859 4450 Sam.
875 4393 915 4450 iii.
932 4396 988 4466 133
1013 4391 1070 4452 Sed
1085 4393 1166 4452 Dens
1185 4393 1265 4464 nulla
1278 4393 1316 4451 ad
1335 4393 1367 4451 id
1380 4393 1444 4469 lege

247 4473 368 4524 tenetur.
412 4466 524 4526 Deinde
544 4468 695 4544 permissio
715 4471 772 4529 ista
793 4471 903 4531 nullum
928 4471 1000 4531 dicit
1021 4471 1164 4532 influxum
1188 4481 1218 4532 et
1237 4472 1443 4544 causalitatem,

246 4551 378 4615 respectu
392 4553 529 4604 creatura
542 4549 689 4622 peccantis
703 4550 799 4626 quoad
812 4553 921 4628 tombs,
937 4551 989 4612 scd
1002 4571 1110 4612 merem
1124 4553 1340 4630 suspensionem
1354 4552 1444 4628 impe-

245 4617 382 4692 dimenti;
411 4641 464 4681 nee
487 4631 623 4684 creaturae
647 4629 887 4704 spontaneitatem
910 4639 939 4692 et
961 4633 1097 4713 agnetem
1118 4633 1202 4708 tollit,
1226 4631 1274 4690 vel
1292 4629 1447 4690 intercedit
