3174 5174
139 405 259 454 eumer.
274 383 323 466 m]
486 403 525 442 nr
540 401 635 444 srsru
649 403 772 444 nonrsrs
787 402 866 444 unns
881 403 1006 447 meson.
1287 393 1346 452 515

138 545 215 604 Nem
230 546 346 604 libertae
356 544 458 622 phrioe
471 543 501 602 in
515 542 608 604 boetis
622 551 667 604 est
688 563 744 604 non
752 563 838 621 posse
853 565 983 623 peecare.
1025 548 1155 608 Libertas
1163 559 1345 625 pecoatomm

136 625 167 683 in
181 633 262 684 stetu
274 625 387 702 peeosti
400 631 445 683 est
458 643 515 684 non
522 643 607 700 poree
619 645 676 684 oon
690 643 822 701 peceare.
864 626 993 685 Libertas
1005 629 1136 720 fideliam
1149 628 1180 686 in
1193 630 1287 706 gretie
1299 640 1345 692 est

130 725 218 782 posse
226 725 358 782 penem,
374 714 402 763 et
413 725 470 764 nen
485 723 615 780 peecare.
648 703 706 764 Sed
719 703 839 764 libertas
854 703 962 763 Ademi
975 705 1030 764 furt
1045 727 1129 784 posse
1142 729 1198 767 noo
1211 729 1342 786 peccare.

136 785 237 842 Prime
251 785 307 843 fuit
320 785 453 844 ebsolute
462 785 626 860 impotentia
633 785 776 861 peccandi
777 809 790 858 ;
813 785 947 844 Secunde
956 786 1090 845 ebsolute
1103 789 1264 864 inpostea
1277 791 1344 850 bene

134 866 243 940 agendi
249 888 263 937 ,·
283 864 381 924 Tertia
392 864 521 942 potentia
534 865 677 940 peccandi
688 873 715 922 et
727 866 793 923 beno
806 865 917 942 agendi
953 864 1062 939 Qusrte
1075 866 1130 926 fuit
1145 870 1273 944 potentio
1286 891 1342 930 non

128 944 279 1020 peccandi.
322 943 408 1018 Quod
421 942 548 1020 August.
571 943 676 1002 eximie
697 944 824 1022 explicet
845 943 896 1003 lib.
911 944 948 1003 de
969 945 1099 1023 Corrept.
1118 956 1148 1006 et
1162 947 1244 1008 Gret.
1260 969 1285 1007 e.
1299 950 1341 1009 xi.

134 1027 153 1058 “
166 1023 199 1082 Si
219 1024 297 1082 bons
317 1023 374 1082 ists
387 1022 529 1098 different,
545 1023 700 1100 diligenter
713 1031 743 1082 et
756 1024 912 1101 vigilanter
931 1025 1102 1085 intuendum
1115 1035 1168 1102 est,
1182 1047 1269 1104 posse
1283 1047 1341 1088 non

131 1123 263 1182 peooere,
279 1110 309 1161 et
328 1121 387 1161 non
404 1122 490 1180 posse
503 1123 632 1180 peceare,
647 1122 732 1181 posse
744 1123 804 1162 non
817 1105 899 1180 mori,
915 1112 945 1163 et
957 1125 1016 1163 uon
1036 1122 1121 1183 posse
1135 1107 1217 1182 mori,
1232 1108 1341 1168 bonum

131 1203 218 1260 posse
232 1202 292 1241 non
306 1182 446 1258 deserere,
462 1190 492 1241 et
511 1183 620 1242 bonum
634 1203 692 1242 non
706 1203 791 1260 posse
806 1183 946 1244 deserere.
990 1185 1090 1245 Potuit
1103 1187 1180 1244 enim
1194 1206 1252 1246 non
1273 1207 1339 1264 peo-

130 1283 197 1322 esre
222 1263 333 1339 primus
353 1261 450 1339 homo,
473 1262 568 1339 potuit
589 1282 648 1321 non
666 1264 747 1338 meri,
771 1264 865 1340 potuit
884 1265 994 1323 bonum
1015 1285 1075 1324 non
1096 1266 1257 1326 deserere.”
1300 1267 1339 1328 Et

130 1351 251 1419 postes:
274 1345 294 1377 ‘⁴
306 1342 402 1400 Prime
416 1361 485 1419 ergo
498 1340 618 1401 libertas
626 1343 786 1402 voluntatis
797 1351 859 1402 eret
871 1363 957 1420 posse
967 1363 1025 1403 non
1038 1365 1166 1422 peceare,
1181 1347 1340 1407 novissime

130 1422 186 1481 erit
199 1422 292 1481 multo
306 1422 407 1498 mejor,
423 1441 482 1480 non
495 1441 580 1499 posse
601 1441 729 1500 peecare.
772 1423 870 1482 Prima
889 1423 1091 1484 immortalitas
1105 1433 1166 1484 eret
1179 1445 1264 1502 posse
1279 1445 1337 1486 non

129 1501 213 1576 mori,
228 1501 387 1560 novissime
400 1502 455 1561 erit
468 1501 560 1562 multo
573 1502 675 1580 major,
697 1520 756 1560 non
775 1521 861 1579 posse
879 1504 963 1562 mori.
1005 1503 1102 1564 Prime
1120 1513 1182 1564 eret
1202 1523 1335 1582 perseve-

128 1581 231 1641 rentim
245 1589 382 1659 potestas,
398 1579 506 1640 bonum
519 1601 604 1658 posse
618 1601 677 1640 non
691 1580 831 1658 deserere,
847 1582 1006 1641 novissime
1022 1584 1078 1644 erit
1097 1583 1220 1646 selieites
1240 1603 1335 1667 perse·

128 1661 276 1738 versutie,
292 1661 399 1721 bonum
414 1679 472 1720 non
485 1678 570 1740 posse
584 1661 724 1720 deserere.

602 1898 796 1975 QUAESTIO
817 1899 860 1959 11.

338 2060 385 2118 An
399 2060 527 2120 Adamas
539 2059 613 2118 vires
625 2059 754 2118 intumit
766 2059 900 2118 medendi
912 2059 942 2118 in
957 2059 1122 2119 Οιηὶειιιπιέ

167 2219 192 2277 I.
216 2218 345 2294 Questio
366 2219 429 2277 haee
447 2217 532 2277 nobis
553 2216 706 2277 intercedit
726 2235 792 2276 oum
807 2216 993 2294 Arminienis,
1015 2218 1074 2295 qni,
1095 2226 1129 2281 ιιι
1148 2218 1333 2298 hypothesim

126 2317 209 2358 suern
234 2306 383 2357 tuerentur
404 2298 441 2357 de
464 2299 636 2358 necessitate
658 2297 760 2374 gratie
784 2297 935 2374 cujusdem
958 2297 1131 2358 universalis
1154 2299 1331 2377 sufficientis,

125 2379 202 2437 hene
226 2378 401 2437 invexerunt
422 2378 594 2456 opinionem,
617 2375 764 2436 Adsmum
787 2395 847 2435 non
866 2376 1002 2436 hahuisse
1025 2397 1153 2456 unquam
1173 2380 1251 2439 vires
1272 2401 1332 2440 ere·

125 2457 215 2517 dendi
228 2457 259 2515 in
273 2457 437 2534 Christum
461 2457 590 2535 Ideoque
604 2477 654 2516 ess
668 2475 726 2514 non
739 2457 868 2533 potuisse
879 2457 1010 2517 emittere
1024 2476 1076 2535 per
1088 2466 1256 2536 peecatum
1278 2481 1333 2522 neo

125 2537 247 2615 proinde
263 2537 358 2596 Deum
371 2555 456 2614 posse
470 2537 557 2597 fidem
571 2537 602 2594 in
616 2537 762 2596 Christum
772 2556 791 2595 e
805 2537 889 2596 nobis
899 2556 976 2595 nuno
987 2537 1104 2614 exigere
1117 2538 1149 2596 in
1160 2539 1331 2617 Evengelio,

1 2683 2 2686 Ἴ
124 2617 181 2676 nisi
202 2625 288 2676 entes
302 2617 490 2676 sufficientem
504 2617 542 2676 ed
564 2635 627 2675 eom
648 2617 770 2694 gretiam
793 2615 915 2693 largitus
936 2617 983 2692 sit,
1005 2617 1074 2694 quie
1094 2617 1133 2676 ed
1153 2618 1332 2696 impossibile

125 2715 211 2756 nemo
224 2705 348 2756 tenetur.
391 2697 469 2755 Hine
483 2695 658 2774 pertendunt
673 2697 768 2755 Deum
782 2703 833 2755 sut
846 2695 923 2772 dere,
939 2705 989 2755 eut
1003 2697 1105 2756 seltem
1121 2707 1253 2775 peretum
1268 2718 1332 2759 esse

124 2777 261 2836 omnibus
272 2776 341 2834 dere
351 2777 509 2854 potentiam
520 2775 656 2835 credendi
666 2776 692 2834 si
701 2775 802 2834 velint.
818 2776 866 2834 Ite
875 2774 933 2834 duo
944 2775 1030 2834 simul
1043 2777 1166 2854 probare
1175 2786 1331 2840 conentur:

1 2865 2 2922 t
126 2855 233 2931 Primo,
249 2855 323 2914 falso
338 2875 356 2914 e
369 2855 453 2915 nobis
472 2855 561 2914 asseri
575 2855 723 2914 Adsmum
737 2854 868 2913 emisisse
881 2855 959 2913 vires
973 2855 1109 2914 credendi
1128 2857 1160 2914 in
1174 2857 1329 2935 Christum,

124 2936 193 3012 quie
206 2954 355 3012 nunquam
369 2955 418 2994 ees
439 2935 589 3012 hebuerit;
613 2933 755 3009 Secundo,
772 2933 903 2992 (iretism
923 2931 992 2991 fidei
1012 2932 1117 2994 debere
1136 2953 1200 2994 esse
1214 2937 1329 2996 univer·

123 3015 215 3075 selem
229 3035 268 3074 ex
278 3014 393 3093 justitie
403 3022 432 3073 et
442 3015 577 3092 equitate
587 3015 658 3072 novi
670 3013 796 3071 foederis.
832 3012 942 3071 Annio.
953 3031 1028 3090 resp.
1040 3013 1077 3070 ed
1088 3022 1140 3072 ert
1155 3016 1201 3073 19.
1229 3016 1246 3048 ‘⁶
1257 3015 1331 3075 Dioo

122 3102 154 3153 et
167 3095 287 3174 sffirmo,
303 3113 446 3169 assevero,
462 3094 598 3170 profiteor
608 3101 637 3151 et
651 3093 749 3166 doeeo,
762 3090 909 3149 Adsmum
920 3099 987 3149 ente
1000 3091 1114 3168 lapsum
1124 3111 1183 3150 non
1193 3093 1330 3154 habuisse

1 3201 3 3257 ,¹
121 3173 283 3268 potentiam
304 3173 440 3232 credendi
460 3173 491 3230 in
512 3170 667 3268 Christum,
688 3171 756 3248 quie
778 3170 837 3264 fide
860 3170 891 3226 in
912 3169 1057 3262 Christum
1081 3190 1140 3228 non
1164 3179 1226 3231 eret
1247 3191 1329 3250 opus,

2 3261 3 3272 ¹
122 3253 247 3347 ideoque
263 3254 357 3313 Deum
372 3273 430 3311 non
444 3260 573 3330 potuisse
592 3251 629 3310 eb
649 3249 700 3309 rllo
721 3249 807 3308 fidem
828 3247 908 3308 rllem
923 3269 1040 3326 exigere
1058 3257 1124 3328 post
1136 3249 1259 3328 lapsum,
1274 3253 1330 3311 hoe

121 3333 260 3392 minirum
271 3333 345 3410 jure,
360 3333 429 3409 quis
444 3331 577 3390 Ademus
590 3331 749 3409 potentiem
762 3329 842 3387 illem
856 3327 993 3388 credendi
1007 3347 1059 3388 sue
1073 3329 1158 3406 culpe
1171 3330 1329 3393 emiserit.”

122 3411 207 3472 idem
223 3413 324 3472 stetuit
338 3420 368 3471 et
380 3413 504 3489 prebere
517 3411 624 3488 sategit
639 3409 785 3485 Coruinius,
800 3409 832 3466 in
845 3407 988 3484 Tilenum,
1003 3417 1033 3468 et
1048 3409 1226 3470 Molinaeum.

164 3491 207 3550 ΙΙ.
230 3492 296 3550 Non
311 3493 456 3570 queritur,
473 3489 523 3548 An
546 3489 679 3548 Ademns
703 3489 836 3548 hebuerit
849 3487 936 3548 fidem
950 3487 1106 3548 Aetuelem
1119 3489 1150 3547 in
1165 3489 1328 3569 Christum3

121 3569 242 3630 Certum
264 3572 340 3630 enim
360 3579 407 3630 est
426 3570 541 3646 objeoto
554 3589 613 3628 non
626 3568 755 3628 revelato
769 3586 828 3628 non
841 3568 998 3628 credidisse
1011 3577 1098 3645 eotu;
1125 3569 1192 3646 Sed,
1208 3568 1258 3627 An
1279 3590 1330 3646 po-

120 3651 210 3708 tuerit
232 3649 313 3708 illem
334 3650 449 3725 hebere,
468 3649 493 3707 si
513 3649 570 3708 hoo
591 3649 635 3706 illi
658 3649 818 3710 reveletum
838 3648 948 3724 fuisset,
963 3648 1003 3708 id.
1025 3648 1075 3706 An
1088 3649 1222 3708 hebuerit
1242 3649 1329 3710 fidem

119 3729 318 3808 potentialem,
342 3749 401 3788 non
422 3737 534 3788 tentum
556 3727 595 3787 ed
617 3728 754 3802 revelate,
776 3725 878 3788 sedet
901 3727 939 3786 sd
958 3727 1138 3786 revelende?
1158 3726 1208 3784 An
1229 3747 1329 3805 quern·

119 3807 279 3868 edmodurn
302 3827 354 3888 per
374 3808 462 3867 iidem
486 3807 628 3867 eetuelem
652 3807 787 3866 eredebet
809 3806 887 3865 omni
910 3806 967 3864 Dei
979 3806 1080 3865 Verbo
1102 3813 1168 3864 ectu
1190 3806 1328 3881 revelato,

120 3887 170 3947 Ite
191 3907 244 3966 per
263 3888 450 3964 potentialem
473 3887 599 3964 potuerit
623 3885 739 3944 eredere
759 3905 818 3944 non
830 3885 917 3943 modo
930 3884 1031 3943 Verbo
1047 3885 1103 3942 'sm
1117 3884 1254 3958 reveleto,
1277 3886 1329 3947 sed

120 3967 208 4025 etism
222 3967 344 4027 ulterius
365 3967 531 4040 revelando,
556 3966 581 4026 si
604 3965 646 4023 its
663 3964 726 4022 Deo
750 3963 905 4022 libuisset?
945 3905 1108 4023 Orthodoxi
1122 3963 1164 4022 sie
1180 3963 1326 4042 sentiunt;

121 4045 271 4104 Adsmum
284 4046 401 4123 quidem
415 4047 447 4104 in
461 4047 607 4105 Christum
621 4053 758 4120 tunquam
773 4041 997 4120 Redemptorem
1017 4049 1084 4101 eetu
1097 4061 1155 4100 non
1170 4043 1327 4103 credidisse

118 4133 187 4185 aute
200 4126 324 4203 lspsum,
346 4127 415 4203 quie
429 4126 561 4186 ChrIstus
580 4123 727 4184 revelatus
739 4121 784 4181 illi
801 4141 860 4181 non
881 4120 944 4196 hrit,
966 4141 1020 4180 nee
1040 4129 1109 4180 tune
1131 4121 1328 4199 redemptione

118 4204 164 4262 illi
177 4213 240 4264 eret
254 4223 346 4284 opns;
369 4205 420 4264 sed
444 4213 541 4264 temen
562 4205 593 4262 in
611 4203 755 4262 orestione
774 4201 852 4260 vires
874 4200 1048 4260 sufficientes
1063 4219 1080 4258 e
1095 4202 1158 4259 Deo
1172 4201 1326 4280 eooepisse,

6 4313 8 4330 ›
116 4285 226 4360 quibus
250 4285 328 4343 omni
350 4283 450 4344 Verbo
472 4284 602 4344 reveleto
628 4290 679 4342 eut
704 4280 860 4341 revelando
884 4280 1000 4339 eredere
1023 4279 1126 4357 potuit,
1150 4299 1184 4338 eo
1207 4279 1327 4358 proinde

117 4364 206 4422 etiem
221 4365 252 4421 in
267 4364 414 4424 Christum
427 4363 556 4423 futurum
571 4362 801 4442 Redemptorem,
827 4361 852 4419 si
866 4359 893 4420 ei
906 4360 962 4420 hoo
976 4379 994 4418 s
1008 4359 1072 4418 Deo
1093 4358 1196 4418 firisset
1215 4359 1325 4418 revele-

116 4451 189 4518 tum,
205 4443 285 4520 quod
298 4452 329 4503 et
340 4443 475 4521 lepsurus
488 4450 573 4517 esset,
589 4450 618 4501 et
631 4451 698 4520 post
710 4442 823 4519 lepsum
835 4441 916 4501 Deus
930 4439 1039 4498 Filium
1053 4457 1137 4498 suurn
1151 4439 1182 4496 in
1195 4438 1325 4518 redemp-

116 4521 206 4581 tionis
219 4523 345 4600 pretium
359 4531 437 4583 esset
445 4521 612 4615 traditurus:
934 4599 942 4614 .
1141 4598 1148 4613 ι
1239 4598 1247 4612 θ
1317 4599 1325 4614 θ

158 4601 219 4660 ΙΙΙ.
243 4601 383 4662 Rationes
407 4610 483 4676 sunt,
508 4605 534 4661 l.
556 4601 632 4676 Qure
654 4599 753 4659 Adem
775 4599 887 4678 eooepit
913 4617 991 4658 vrres
1014 4596 1150 4658 emdendr
1170 4617 1249 4657 omns
1270 4597 1326 4658 Der
1381 4643 1383 4648 .

115 4679 236 4743 Verbo:
259 4681 339 4758 Ergo
359 4682 447 4742 etiem
460 4681 561 4742 Verbo
582 4677 737 4758 Evangelii
757 4679 782 4740 si
795 4678 840 4738 illi
852 4679 1011 4742 reveletum
1025 4677 1143 4754 inissem
1165 4678 1234 4756 quie
1252 4677 1326 4742 fides
