3152 5178
252 350 310 409 170
729 367 822 412 rocus
836 370 971 413 numios.
1287 347 1410 430 [eussr.
1427 369 1457 410 v.

552 508 590 570 V.
614 509 742 585 Questio
763 511 799 571 de
822 511 1008 573 distinetione
1028 509 1244 572 Atuibutorum
1266 508 1305 570 eb
1322 509 1458 570 Essentie

252 627 256 632 -
288 573 471 678 Qffi'nssff*
511 590 620 649 Divino
633 599 767 650 movetur
779 593 864 652 nobis
878 613 896 652 e
908 593 1083 667 Socinisnis;
1099 591 1151 669 qni
1164 599 1197 650 ut
1210 589 1325 650 lucilius
1334 590 1458 668 probent

511 671 650 750 Spiritum
674 671 703 730 S.
724 689 784 730 non
805 692 868 732 esse
884 673 987 748 Deum,
1003 682 1054 732 eut
1069 673 1226 732 Personam
1246 670 1386 746 divinum,
1401 672 1459 730 etei

245 761 365 814 vocetur
383 753 478 814 virtus
500 751 565 828 Dei,
580 751 684 811 volunt
706 751 858 812 Attribnts
876 753 933 812 Dei
955 753 994 812 eb
1016 753 1142 812 essentie
1164 751 1282 812 melier
1303 751 1458 830 (Inungui.

245 833 408 896 orthodoxi
422 833 528 894 docent
543 832 694 892 Atnibnts
703 834 823 892 realiter
835 833 917 893 idem
927 852 991 894 esee
1005 834 1148 912 cumipse
1162 831 1288 892 essentie
1302 831 1376 908 Dei,
1398 829 1459 892 die·

244 916 287 976 tin
330 913 337 930 ⁸
352 931 423 975 vero
437 915 475 974 eb
489 931 524 975 se
537 914 704 988 oimmlitcr,
720 921 750 972 et
761 914 930 974 eminentes

284 933 492 1056 &illocaliter
511 995 563 1053 ille
580 993 697 1068 ditem
717 993 861 1070 dicuntur,
882 1013 949 1072 qne
973 992 1190 1072 distinguuntur
1213 999 1246 1051 ut
1270 1011 1317 1051 res
1340 992 1460 1052 ᾱὶυσεα

244 1071 402 1136 seeundum
417 1075 580 1150 essentiane,
596 1074 658 1133 sive
673 1074 805 1152 subjecto
826 1075 1000 1134 convenient
1020 1075 1082 1134 sire
1101 1093 1177 1148 non;
1205 1073 1374 1132 Vsroauoer
1388 1091 1460 1132 vero

243 1157 377 1234 dutinpui
387 1155 462 1215 nihil
474 1153 556 1215 eliud
569 1162 623 1229 eet,
636 1171 725 1234 quesn
740 1155 789 1214 vel
802 1155 909 1215 virurte
930 1155 1076 1214 continere
1093 1153 1248 1214 distinctos
1262 1151 1395 1227 effectus,
1410 1154 1461 1214 vel

243 1235 323 1296 unite
337 1238 368 1296 ln
381 1255 413 1297 se
434 1237 620 1314 habereque
634 1235 664 1293 in
679 1233 744 1293 eliis
758 1234 895 1295 uenuste
908 1243 985 1310 sunt,
997 1235 1045 1294 vel
1058 1233 1165 1294 hebere
1178 1233 1355 1294 eminentem
1365 1233 1460 1294 virtu-

242 1327 310 1394 tem,
327 1337 392 1395 que
406 1317 499 1396 possit
519 1333 582 1376 esse
596 1315 770 1393 principium
790 1315 969 1375 diversarum
990 1315 1152 1390 actionum3
1175 1315 1223 1372 Ite
1235 1313 1462 1373 fundumentum

242 1395 307 1476 eJus
320 1406 418 1476 potest
432 1417 496 1457 enee
508 1413 568 1456 non
582 1395 778 1471 intrinsecum,
791 1395 847 1454 sed
861 1397 1071 1470 extrinsecum
1093 1413 1151 1454 non
1173 1414 1191 1453 s
1209 1402 1291 1471 perte
1312 1393 1460 1471 principii,

242 1480 291 1537 vel
305 1477 437 1557 subjecti,
451 1477 503 1536 sed
517 1477 627 1536 ratione
642 1475 755 1534 termini
761 1484 790 1534 et
799 1477 903 1552 objecti,
918 1485 1035 1554 propter
1049 1474 1247 1534 diversitatem
1256 1473 1461 1552 operationum

241 1567 272 1618 et
285 1555 453 1618 effectorem
467 1573 532 1635 que
546 1577 564 1616 e
577 1554 800 1634 proprietatibus
814 1555 953 1633 orionem,
968 1565 998 1616 et
1011 1555 1249 1632 secundumque
1264 1553 1375 1616 diversi
1389 1573 1461 1613 oon·

242 1659 275 1698 ee
297 1647 343 1699 tus
358 1637 493 1698 formales
506 1637 634 1714 ipsum
646 1633 816 1696 formentur.

314 1720 355 1779 ll.
379 1717 531 1779 Attributs
546 1717 602 1776 Dei
615 1733 674 1774 non
692 1725 815 1794 possunt
832 1717 950 1776 reslitm
970 1715 1084 1775 differre
1105 1714 1142 1774 sb
1158 1715 1302 1790 Essentin,
1317 1713 1368 1774 vel
1382 1714 1463 1773 inter

242 1817 282 1874 se,
298 1809 349 1860 ten
370 1817 436 1859 mm
449 1815 497 1858 res
511 1806 541 1857 st
553 1815 619 1873 res,
640 1797 712 1874 quie
726 1797 807 1856 Deus
820 1803 866 1857 est
887 1815 997 1856 summe
1017 1795 1144 1874 simplex
1154 1803 1187 1854 et
1199 1793 1364 1872 perfectos:
1385 1795 1460 1855 Jem

240 1881 327 1940 realis
348 1821 496 1941 distinctio
516 1875 714 1957 praesupponit
734 1896 781 1936 res
803 1879 929 1937 ementis
950 1877 1089 1951 diverses,
1105 1874 1184 1954 quod
1206 1875 1318 1952 respuit
1342 1895 1463 1936 summe

242 1961 429 2040 simplicites;
451 1969 481 2019 et
494 1977 560 2038 quse
573 1959 689 2018 realiter
703 1956 818 2017 diversa
830 1963 907 2032 ‘sunt
929 1957 1045 2016 nonnisi
1065 1975 1117 2034 per
1130 1955 1369 2034 aggregationem
1383 1955 1462 2015 finnt

240 2061 340 2118 mum,
350 2041 429 2120 quod
440 2039 583 2100 absolutes
597 2038 766 2117 perfectioni
780 2038 957 2098 adversatur.
1000 2035 1113 2096 Deinde
1128 2037 1153 2095 si
1167 2033 1316 2098 differrent
1329 2035 1459 2113 mulier,

239 2122 425 2199 perficeretur
439 2121 565 2180 essentia
577 2139 629 2198 per
643 2118 753 2197 eliquid
767 2119 881 2178 realiter
901 2137 919 2176 e
940 2137 970 2176 se
984 2117 1160 2191 distinctum,
1176 2123 1264 2193 etque
1284 2115 1359 2174 adeo
1378 2115 1412 2175 in
1426 2135 1460 2178 se

240 2200 493 2340 'summisirlffem
505 2220 571 2336 nep1
578 2199 670 2337 sprot„t
682 2197 797 2292 ,Tertio
805 2198 883 2337 t<piritu
897 2206 1063 2291 sequeretur
1077 2197 1171 2335 Dpppr
1185 2217 1244 2255 non
1258 2215 1460 2336 esffiblilrffim

238 2301 387 2439 {litim
403 2299 554 2417 ifflsli
568 2297 853 2416 tuttelstet
867 2297 1116 2433 tulitin
1130 2295 1368 2434 ,sugitis
1412 2298 1460 2417 iz

239 2461 305 2499 cum
322 2440 401 2498 Deus
416 2439 454 2498 sit
469 2438 529 2496 Ens
543 2437 667 2514 primum
682 2445 711 2495 et
725 2434 930 2514 independens,
946 2437 1025 2515 quod
1045 2446 1090 2497 est
1104 2435 1243 2515 quicquid
1264 2455 1328 2495 esse
1347 2445 1457 2514 potest,

239 2521 312 2578 nihil
326 2526 422 2598 potest
435 2517 615 2592 ciuccidere,
630 2516 730 2575 veleb
743 2516 846 2576 eodem
860 2517 974 2576 auleni.
1043 2563 1045 2568 .

280 2597 371 2660 VIII.
395 2593 518 2657 Differre
533 2605 631 2656 temen
646 2593 798 2655 Attribute
807 2595 864 2656 Dei
877 2606 939 2657 tum
954 2597 991 2656 eb
1007 2595 1150 2672 Essentie,
1160 2603 1223 2656 tum
1238 2613 1255 2655 s
1269 2611 1301 2654 se
1315 2595 1458 2676 invicem,

238 2687 318 2758 petet
332 2700 369 2739 ex
383 2678 552 2737 diversitate
567 2684 768 2754 conceptuum.
812 2675 887 2735 Nem
900 2675 952 2736 ubi
974 2687 1019 2736 est
1039 2677 1113 2736 retic
1134 2675 1275 2735 fundendi
1298 2676 1460 2739 distinctos

238 2770 395 2838 conceptus
409 2758 544 2836 formales
559 2757 594 2816 de
608 2777 639 2816 re
654 2757 752 2834 ulique
765 2756 834 2816 licet
847 2777 906 2816 une
916 2765 946 2816 et
960 2757 1201 2835 simplicieperte
1215 2758 1265 2831 rei,
1277 2757 1319 2815 ibi
1332 2777 1460 2819 neeesse
1567 2785 1568 2826 i

237 2849 283 2900 est
307 2839 521 2900 distInctionem
546 2838 672 2915 aliquem
690 2837 845 2896 virtualem
866 2846 896 2897 et
917 2837 1091 2897 eminentem
1113 2837 1185 2896 deri.
1228 2837 1300 2895 Cum
1326 2857 1396 2918 ergo
1423 2841 1458 2898 in

239 2919 349 2980 Divino
364 2919 499 2980 Essentie
520 2915 734 2998 simplicissimi
754 2919 793 2977 sit
813 2917 886 2977 retio
906 2917 1048 2977 fundendi
1069 2917 1201 2976 diversos
1221 2927 1379 2996 conceptus
1393 2919 1456 2978 for·

238 3004 329 3062 meles
343 3003 380 3062 ds
394 2999 503 3060 divinis
517 2999 751 3078 perfectionibus,
767 2997 846 3076 quod
859 3006 940 3076 petet
958 3019 998 3056 ex
1017 3017 1117 3057 eorum
1131 2997 1268 3056 distincte
1282 2997 1456 3060 definitione

238 3093 268 3144 et
280 3082 483 3162 explicatione,
499 3075 606 3160 optime
620 3079 726 3140 dicitnr
740 3078 891 3139 Attributs
910 3079 968 3139 iste
981 3097 1045 3157 qun
1058 3079 1132 3138 telos
1146 3085 1303 3156 conceptue
1318 3079 1455 3158 timdsnt,
1567 3127 1568 3130 ,

231 3164 379 3242 ,distingui
394 3173 456 3224 tum
471 3162 508 3242 eb
523 3161 658 3220 Essentie
672 3169 734 3220 tum
747 3160 823 3220 inter
838 3180 869 3219 ee
883 3159 1055 3219 vntusliter.

280 3245 339 3302 IX.
363 3243 445 3302 Licet
461 3235 612 3301 Attributn
626 3241 684 3300 sint
697 3241 889 3300 essentialiter
900 3249 932 3299 et
945 3239 1099 3298 intrinsece
1112 3255 1203 3298 unum
1217 3237 1248 3296 in
1262 3238 1338 3316 Deo,
1353 3247 1456 3300 temen

237 3323 311 3381 bene
325 3319 467 3400 distingui
488 3319 632 3396 dicuntur,
650 3329 713 3380 tum
728 3324 877 3396 umas&
891 3319 987 3399 quood
1000 3325 1171 3396 conceptum
1184 3317 1336 3378 formslem
1351 3319 1454 3380 diver-

237 3419 310 3477 sum,
325 3411 389 3460 tum
408 3401 535 3477 objectioe
556 3410 585 3460 et
599 3403 718 3478 effective
731 3401 827 3477 quosd
837 3401 919 3460 veris
932 3400 1045 3478 objecto
1057 3408 1088 3458 et
1100 3395 1204 3458 effecte
1213 3407 1354 3478 extems;
1372 3401 1454 3462 uude

236 3489 316 3560 petet
330 3481 545 3540 distinctionem
565 3481 654 3555 illem,
675 3497 729 3539 nee
747 3499 810 3540 esse
827 3482 933 3540 reulem
947 3479 1115 3557 simpliciter
1129 3477 1205 3540 inter
1217 3495 1264 3540 res
1278 3489 1310 3540 et
1323 3497 1381 3558 res,
1396 3501 1454 3541 neo

228 3564 394 3638 formalem,
410 3580 474 3638 quse
490 3559 527 3618 sit
540 3568 653 3638 tentum
666 3561 777 3618 ratione
791 3560 869 3619 modi
888 3558 980 3619 nostri
1000 3559 1188 3636 concipiendi,
1205 3559 1257 3618 sed
1276 3562 1452 3640 emmens,

237 3661 301 3720 quse
316 3641 385 3700 licet
398 3660 456 3699 non
471 3659 501 3698 se
515 3647 644 3698 tenente
663 3649 745 3718 perte
765 3639 807 3698 rei
825 3647 859 3698 ut
876 3638 953 3698 inter
965 3659 1027 3698 rem
1041 3647 1071 3698 et
1083 3657 1152 3715 rem,
1168 3639 1257 3700 hebet
1270 3649 1371 3704 tamem
1383 3642 1451 3702 fun·

237 3723 404 3782 dementum
417 3721 448 3780 in
462 3739 493 3778 re
506 3727 624 3798 propter
638 3719 835 3779 dirersitstem
849 3720 1029 3798 objectorum
1041 3729 1073 3779 et
1086 3717 1249 3779 effectuum.

539 3799 581 3859 X.
605 3795 688 3860 Licet
701 3801 775 3859 venii
789 3799 848 3860 sint
860 3808 1017 3878 conceptus
1030 3799 1166 3860 formoles
1179 3799 1272 3860 nostri
1286 3800 1324 3860 de
1340 3803 1450 3862 Essen-

250 3869 457 3976 F⁰¹¹l⁹ffi¹¹¹flff
497 3880 539 3939 tie
562 3881 626 3958 Dei,
651 3889 680 3940 et
704 3881 768 3958 ejus
790 3881 1026 3959 Proprietstibus,
1047 3899 1107 3939 non
1127 3889 1249 3957 possunt
1269 3889 1369 3942 men
1389 3881 1450 3942 dici

383 3964 390 3977 “
498 3961 572 4036 falsi,
598 3961 667 4039 quis
689 3961 749 4020 illis
772 3960 949 4039 respondent
972 3959 1093 4020 totidem
1113 3969 1272 4038 conceptus
1294 3962 1448 4040 objectivi

236 4051 303 4103 ectu
323 4041 440 4120 quidem
462 4041 580 4101 indivisi
602 4042 633 4100 in
654 4043 726 4117 Deo,
749 4051 866 4121 propter
886 4059 1027 4102 summum
1047 4041 1112 4118 ejus
1133 4041 1368 4120 simplieitatem
1394 4043 1451 4104 sed

235 4123 343 4182 stoue
357 4132 454 4183 umen
467 4131 498 4182 et
511 4123 671 4182 emiuenter
684 4122 822 4182 distincti.

276 4203 336 4261 XI.
359 4203 510 4264 Attributs
523 4201 560 4262 de
574 4221 605 4262 se
619 4203 744 4262 invicem
757 4209 880 4281 possunt
892 4200 1042 4280 predicari
1062 4199 1093 4258 in
1105 4220 1188 4260 ew
1200 4201 1329 4278 ummo,
1345 4211 1449 4281 quate-

233 4301 289 4340 nus
304 4283 523 4343 considersntnr
535 4293 568 4343 nt
581 4284 722 4344 unitsmm
736 4291 765 4343 et
784 4283 965 4343 identitatem
985 4282 1060 4340 inter
1075 4300 1108 4339 so
1128 4281 1284 4358 hebentie3
1307 4291 1341 4342 ut
1354 4303 1448 4361 quum

233 4361 308 4436 dico,
326 4363 496 4424 Intellectus
514 4363 631 4424 divinus
653 4373 698 4424 est
719 4383 766 4423 res
787 4363 888 4423 eedem
910 4382 976 4422 cum
990 4360 1158 4436 Voluntete,
1178 4360 1227 4421 vel
1251 4361 1379 4422 iustitie
1400 4373 1448 4424 eet

232 4439 334 4500 eedem
347 4461 394 4501 res
408 4461 474 4500 cnm
490 4444 706 4521 Misericordie3
728 4443 781 4503 sed
801 4463 860 4502 non
879 4443 911 4500 in
928 4463 1008 4502 enen
1020 4442 1153 4517 fWMIi
1168 4441 1238 4519 quie
1251 4444 1361 4505 nostris
1374 4463 1445 4504 oon·

232 4520 372 4598 ceptibus,
388 4529 418 4580 et
431 4523 554 4600 objectis
568 4524 629 4583 suis
643 4523 800 4583 ionnsliter
813 4523 1047 4600 distinguuntur:
1068 4520 1111 4580 sio
1127 4541 1187 4580 non
1347 4524 1446 4584 dicere
1534 4575 1537 4584 .

230 4600 354 4661 destitle
365 4610 410 4662 eet
421 4598 629 4679 Misericordia,
641 4603 710 4680 quie
720 4602 1013 4680 conceptnsionnelis
1022 4599 1153 4662 Jrrstitie
1164 4602 1194 4661 di
1216 4611 1260 4662 ert
1271 4614 1445 4683 soonoeptu

234 4682 346 4740 formali
362 4681 578 4740 Misericordiae.
