3158 5180
108 382 231 431 otest.
246 361 304 443 lu]
633 383 672 424 nn
688 384 865 426 cressione.
1268 370 1326 428 ³95

107 543 186 600 quse
200 523 239 582 sd
253 541 315 582 rem
328 521 460 582 divinam
473 521 635 601 pertinent;
658 523 733 584 Nem
748 524 844 604 quoad
856 544 903 586 res
917 525 1019 586 civiles
1033 532 1063 585 ct
1083 525 1225 602 politices,
1247 547 1326 586 men-

108 605 158 662 eie
175 603 254 663 'lieri
266 602 376 662 mansit
390 622 503 680 semper
515 603 634 681 primus,
650 611 680 664 et
693 605 730 664 eb
744 625 779 664 eo
793 604 862 664 unni
875 604 990 665 initium
1004 606 1233 682 computabatur,
1249 607 1329 684 quod

107 685 262 760 Josephue
282 683 335 742 lib.
350 682 371 742 i.
386 682 489 760 Antiq.
504 703 529 744 c.
543 687 572 744 4.
588 683 724 762 explicet,
741 687 759 720 ‘²
774 685 902 758 Moses,”
928 683 1032 762 inquit
1057 686 1074 720 ‘⁶
1090 685 1190 760 Nisae,
1212 685 1264 762 qui
1284 695 1329 746 est

110 763 301 836 Xnnthicus,
316 781 446 822 mensem
460 763 584 842 primum
597 765 628 822 in
643 765 703 824 suis
716 764 800 824 fustis
820 764 974 840 ordinavit,
996 763 1076 842 quod
1116 785 1147 825 er
1167 765 1244 824 hunc
1267 765 1327 824 He-

107 843 215 902 hrseos
228 863 268 902 ex
282 843 418 920 AEgypto
432 843 598 921 eduxisset3
614 844 738 904 cundem
751 845 838 904 etism
852 845 980 904 omnium
995 863 1060 922 que
1125 864 1187 904 rem
1198 844 1328 904 divium

106 924 275 1002 pertinent,
298 922 450 982 exordium
471 923 557 986 fecit:
581 924 690 1002 alioqui
714 925 794 1002 quod
814 925 852 984 sd
875 924 1099 986 nundinsti0nee
1122 943 1217 984 rernm
1241 944 1331 984 vens·

106 1003 202 1078 lium,
226 1002 426 1080 reliquamque
453 1002 698 1082 dispensationem
725 1005 794 1068 enni
820 1003 932 1081 attinet
957 1003 1031 1064 nihil
1058 1003 1095 1064 de
1121 1005 1244 1083 pnistino'
1269 1005 1331 1066 ritu

108 1081 304 1142 innovetit”

154 1163 201 1222 V.
222 1165 251 1222 2.
265 1161 460 1222 Confirmsmr
472 1181 510 1222 ex
524 1163 665 1242 Tempore
679 1163 801 1226 immissi
816 1163 936 1240 Diiovi,
958 1163 1038 1242 qnod
1051 1162 1158 1224 dicitur
1171 1163 1250 1226 conti
1273 1164 1280 1179 ’
1297 1185 1330 1226 se

108 1241 249 1302 secundo
262 1261 372 1317 mense,
388 1243 462 1304 Gen
477 1243 527 1303 vii.
544 1246 591 1304 11.
632 1245 707 1304 Cum
718 1245 797 1306 enim
810 1243 1051 1304 verisimillimum
1066 1243 1183 1304 omniuo
1197 1243 1235 1303 sit
1257 1245 1263 1258 '
1289 1244 1330 1304 ud

109 1323 284 1382 immissum
292 1341 357 1382 esee
371 1341 406 1381 es
417 1329 597 1400 tempestate,
605 1345 672 1402 que
685 1323 790 1385 idonee
803 1333 865 1384 eret
877 1323 1123 1398 mundeuombus,
1134 1324 1231 1401 potius
1241 1345 1330 1402 quem

111 1422 161 1478 ee,
181 1421 247 1479 quse
261 1402 413 1462 commode
426 1411 487 1463 eret
501 1403 643 1464 siccundis
656 1412 750 1480 teme,
764 1413 794 1464 et
806 1403 939 1464 arcendis
954 1403 1103 1478 imbribus,
1125 1403 1163 1462 ed
1183 1403 1331 1465 ineuntem

110 1483 256 1560 hyemem
271 1481 371 1541 referri
383 1481 472 1542 dehet
484 1484 589 1561 potius,
605 1503 691 1562 quern
705 1484 742 1544 ed
762 1493 877 1564 tempus
889 1483 1030 1560 Vennum,
1045 1491 1079 1544 ut
1091 1483 1236 1544 secundus
1250 1504 1329 1544 men·

111 1562 158 1621 sis
176 1563 214 1622 eb
228 1561 418 1640 AEquinoctio
429 1565 588 1622 autumnali
598 1565 637 1623 sit
647 1565 864 1644 computandus,
877 1571 907 1624 et
920 1564 958 1622 sd
972 1562 1167 1624 Nouembrem
1180 1562 1328 1640 reseretur,

111 1661 181 1700 non
194 1661 265 1701 vero
279 1662 297 1700 s
311 1641 419 1717 Venno,
438 1643 526 1720 juxte
539 1643 618 1722 quod
631 1643 774 1705 diluvium
797 1644 954 1724 incepisset
965 1643 1044 1704 ciros
1056 1643 1196 1720 Vennum,
1212 1652 1329 1704 suctum

112 1721 225 1782 finisset
239 1730 347 1797 esstote,
362 1731 392 1782 et
404 1721 518 1782 finitum
531 1723 627 1786 medis
638 1725 754 1802 hyeme.

160 1801 220 1860 VI.
241 1804 270 1861 3.
285 1801 330 1860 Ee
344 1803 412 1861 enni
422 1809 595 1882 'tempestate
610 1804 739 1864 Mundus
761 1803 852 1863 creari
873 1802 981 1880 debuit,
1002 1819 1062 1880 'que
1078 1802 1146 1861 enni
1162 1803 1330 1863 Sebbsthici

118 1888 156 1940 et
182 1881 300 1941 Jubilsei
323 1881 346 1942 J
347 1882 495 1943 uteorum
521 1883 699 1962 inceperunt,
721 1903 787 1962 quae
810 1883 865 1942 mit
886 1882 1070 1942 autumnalis.
1112 1881 1188 1940 Nam
1212 1892 1241 1942 et
1261 1885 1330 1943 enni

122 1960 301 2055 Sabbathici,
313 1961 365 2040 qui
378 1963 500 2039 septimo
514 1981 630 2041 quoque
643 1983 728 2040 enno,
751 1971 781 2022 et
804 1964 826 2023 J
827 1962 925 2022 ubilai
937 1962 989 2040 qui
999 1961 1235 2055 euinquegesimi
1248 1972 1331 2024 erent

116 2049 473 2200 titttttfftttgt
481 2042 984 2183 ttttt‘ttltthttbt?
990 2041 1230 2180 tlttbtte
1243 2042 1330 2180 lli?

117 2201 168 2259 Eo
183 2201 313 2279 pertinet,
330 2202 408 2279 quod
423 2203 544 2262 Festum
558 2203 705 2262 Tuberum
720 2223 785 2263 cum
799 2201 930 2280 pluribus
943 2201 1009 2260 eliis
1022 2202 1077 2260 hoc
1091 2219 1189 2259 mense
1204 2200 1329 2259 celebre-

116 2291 221 2357 retur;
249 2281 328 2358 quod
341 2301 400 2340 non
413 2282 471 2342 elie
484 2283 521 2342 de
534 2303 622 2343 muse
635 2283 743 2343 fectum
756 2283 881 2356 videtur,
901 2301 988 2359 quem
1001 2281 1071 2359 quie
1083 2289 1153 2340 tune
1165 2280 1332 2342 reeolebsnt

115 2361 290 2420 memorium
304 2362 473 2439 Orationis,
489 2383 554 2440 quen
567 2364 598 2421 in
611 2362 643 2422 id
655 2371 770 2441 tempus
784 2362 932 2422 inciderat.

162 2441 237 2500 vll.
259 2444 287 2500 4.
303 2441 377 2519 Ejus
390 2443 540 2502 sententia
563 2453 716 2521 supersunt
739 2443 834 2503 edhuo
848 2441 974 2519 vestigii
985 2440 1017 2502 in
1032 2439 1199 2519 SynsgogIs
1212 2439 1332 2501 Judeo-

114 2541 187 2582 rum
200 2521 391 2582 vetustieeImi
404 2523 546 2600 instituti3
561 2523 636 2582 Nem
647 2523 677 2582 in
690 2523 838 2584 Sebbstho
851 2521 931 2600 quod
939 2531 1117 2599 postremum
1131 2529 1176 2581 set
1188 2520 1219 2580 in
1233 2539 1331 2582 menes

112 2600 205 2678 lieri,
228 2601 330 2680 incipit
355 2602 568 2663 Lectioneiium
595 2603 763 2680 Judaeum,
787 2603 873 2682 cujus
898 2603 992 2681 Oopnt
1015 2602 1139 2680 primum
1159 2600 1240 2679 qnod
1262 2623 1331 2662 ecee

10 2687 11 2690 ’
115 2689 237 2757 vocant,
253 2691 298 2741 eet
310 2682 424 2742 initium
439 2683 521 2742 Libri
535 2683 692 2761 Geneseos,
717 2693 779 2744 tum
803 2682 883 2761 quod
906 2702 944 2742 ex
964 2701 999 2742 eo
1012 2690 1140 2760 tempore
1154 2681 1226 2758 ipsis
1240 2699 1333 2742 ennns

114 2761 272 2840 inciperet,
288 2769 349 2822 bun
363 2763 441 2840 quod
454 2763 511 2840 ipsi
525 2763 682 2840 crederent,
696 2764 837 2824 mnndum
851 2783 886 2824 es
898 2771 1069 2840 tempestate
1082 2770 1220 2822 creatum.
1252 2760 1332 2820 Hine

116 2841 278 2902 Chsldaeus
292 2841 416 2920 Percph.
431 2843 462 2901 in
478 2845 492 2900 1
510 2843 584 2920 ch.
599 2844 660 2903 viii.
675 2847 702 2920 2,
726 2843 796 2902 dum
819 2843 948 2921 loquitur
968 2841 1004 2900 de
1020 2842 1165 2900 Encaeniis
1179 2841 1294 2919 Templi
1314 2859 1333 2900 e

117 2921 280 2984 Solomone
294 2921 437 2998 aedificati,
452 2942 517 2999 quse
538 2923 612 2982 festo
635 2921 885 2983 tebemeoulornm
906 2921 1064 2981 celebravit
1083 2922 1114 2979 in
1127 2939 1226 2979 mense
1241 2921 1331 2980 Ethe-

115 3001 192 3078 nim‚
209 3001 250 3060 sic
264 3002 313 3079 sit,
336 3003 374 3061 In
395 3023 488 3062 messe
510 3005 656 3080 suanum,
680 3003 730 3080 qui
746 3003 899 3080 anuquue
911 3010 977 3061 unte
989 3001 1100 3058 Mosen
1113 3001 1257 3060 dicebatur
1266 2999 1330 3076 pri·

117 3101 193 3156 mess,
208 3103 282 3141 nunc
295 3091 388 3141 anum
401 3083 540 3160 septimus.
583 3083 651 3143 Huc
663 3082 734 3142 fecit
747 3081 827 3160 quod
840 3081 986 3158 AEgyptii,
1002 3080 1108 3155 Perse,
1123 3087 1154 3138 et
1166 3079 1217 3137 slii
1231 3079 1331 3138 Oiicn-

114 3161 202 3236 seles,
218 3181 326 3222 sunum
340 3181 423 3221 suum
438 3163 594 3223 etiamnum
608 3162 695 3222 hodie
708 3162 746 3221 sb
760 3162 913 3221 Autumno
927 3160 1073 3219 inchoent.

164 3240 257 3301 VIII.
270 3245 307 3302 ,5.
322 3242 505 3302 Conveniens
517 3243 573 3303 fuit
587 3242 731 3303 Mundum
745 3241 832 3301 condi
845 3260 880 3300 ee
893 3240 962 3300 unni
971 3245 1151 3317 tempestate,
1166 3257 1225 3315 qus
1237 3237 1333 3316 potuit

119 3319 250 3382 maxims
263 3321 345 3381 utilis
358 3341 421 3382 esse
444 3323 555 3382 homini
568 3332 685 3402 propter
698 3341 784 3400 quem
808 3321 994 3397 condebatur,
1015 3317 1226 3398 suppeditando
1239 3317 1284 3378 illi
1304 3327 1335 3378 et

119 3401 236 3461 caeterie
248 3401 452 3480 eminentibus,
468 3423 533 3482 quse
556 3403 720 3464 necessarie
743 3411 825 3462 eram
846 3403 884 3462 sd
896 3401 1007 3461 victum
1020 3409 1050 3460 et
1072 3399 1331 3477 incentionem

118 3481 204 3540 nulle
217 3501 287 3540 vero
301 3482 339 3541 sd
353 3480 384 3540 id
397 3483 575 3543 commodior
598 3483 652 3544 fuit
666 3483 833 3559 autumnali,
857 3502 915 3563 qus
935 3481 1052 3541 arbores
1066 3490 1221 3541 onerentur
1233 3479 1332 3540 fructi·

119 3561 189 3636 hus,
202 3569 235 3620 et
247 3562 354 3639 plantes
377 3563 534 3622 seminibus
557 3564 618 3623 suis
641 3572 709 3623 eunt
722 3563 861 3641 gravide,
884 3583 949 3642 que
973 3563 1045 3622 sliss
1059 3581 1197 3640 generare
1210 3562 1332 3640 possint.

120 3641 210 3702 Unde
223 3641 293 3702 licet
307 3641 368 3701 Ver
380 3643 546 3704 ommnitste
560 3644 671 3704 secteris
691 3644 760 3704 enni
779 3643 999 3722 tempestatibsm
1018 3651 1144 3721 prestet,
1167 3641 1335 3700 Autumnus

119 3721 248 3784 utilitste
262 3720 337 3782 illud
350 3733 475 3800 superet
518 3724 630 3784 Rursum
653 3733 687 3783 ut
709 3725 790 3784 Dens
811 3725 958 3784 hominem
980 3731 1011 3786 ct
1030 3731 1134 3782 caetere
1147 3720 1283 3780 animalia
1303 3721 1334 3778 in

122 3811 201 3862 stetu
214 3803 342 3880 perfecto
357 3823 453 3863 creare
462 3804 564 3880 voluit,
576 3803 652 3864 idem
664 3804 750 3864 etism
760 3805 863 3864 iecisse
877 3803 1039 3863 censendus
1053 3812 1098 3862 est
1108 3809 1240 3878 respectu
1250 3800 1333 3877 plen-

121 3889 217 4021 Ἕω
232 3891 262 3941 ct
275 3883 420 3959 arborum,
433 3884 514 3962 qnod
528 3885 679 3944 Autumno
692 3884 790 3962 potins
804 3884 967 3960 convenire,
989 3901 1078 3959 quum
1091 3881 1164 3941 Veri
1177 3899 1262 3940 nemo
1276 3899 1335 3938 non

126 3962 157 4020 vi
194 3971 216 4022 t.

430 4042 490 4103 IX.
512 4042 607 4118 Quum
623 4041 767 4102 Mundum
791 4041 942 4102 Autumno
964 4039 1112 4100 eonditum
1126 4038 1258 4114 dicimus,
1280 4038 1336 4099 hoo

388 4143 447 4183 non
471 4123 693 4202 intelligendum
717 4131 763 4182 est
776 4121 813 4180 de
826 4121 956 4199 quelibet
974 4121 1053 4180 orbis
1066 4128 1155 4198 purte,
1180 4118 1244 4178 fieri
1257 4119 1335 4178 enim

388 4224 448 4262 non
471 4213 575 4283 potest,
598 4212 632 4263 ut
653 4203 761 4280 ubique
788 4211 928 4262 terrerum
948 4220 1007 4261 uno
1027 4199 1186 4277 eodemque
1206 4207 1335 4276 tempore

123 4285 210 4346 inerit
222 4285 295 4362 Ver,
317 4293 368 4345 eut
382 4283 558 4360 Amumnus,
581 4285 693 4360 illotus,
716 4291 767 4342 eut
781 4281 903 4359 Hyems,
919 4281 988 4360 quis
1000 4289 1187 4358 tempestates
1201 4280 1284 4339 iliter
1305 4300 1336 4340 se

124 4366 241 4442 hebent,
256 4385 310 4444 pro
324 4365 436 4426 ratione
449 4364 716 4442 hemispherion-um
731 4372 760 4423 et
773 4363 930 4439 climatum,
941 4359 1098 4439 utquendo
1112 4360 1143 4419 in
1158 4359 1336 4420 Anterctiois

124 4447 295 4525 regionibus
309 4446 413 4505 AEstee
433 4454 486 4520 eet,
502 4444 533 4503 in
547 4445 675 4528 Ape-licis
694 4453 738 4505 eet
753 4444 875 4522 Hyems,
891 4453 921 4503 et
940 4441 992 4502 ubi
1006 4440 1058 4502 Sol
1079 4441 1181 4519 incipit
1202 4460 1234 4500 sc
1254 4440 1334 4500 elon·

125 4547 194 4604 gere
208 4527 248 4586 sb
269 4525 448 4586 Anttucticie
461 4525 566 4604 plagis,
588 4534 618 4584 et
632 4525 860 4603 appropinquare
874 4523 1011 4599 Arcucis,
1026 4521 1057 4581 in
1069 4521 1129 4582 illis
1143 4521 1334 4600 Autumnum,

124 4606 154 4666 in
176 4607 244 4666 istie
268 4606 332 4666 Ver
353 4605 431 4665 lecit.
475 4605 534 4665 Sed
555 4606 611 4664 hoc
625 4605 823 4684 accipiendum
841 4613 889 4666 est
908 4603 946 4664 de
965 4603 1018 4664 ille
1036 4602 1116 4664 orbis
1127 4611 1219 4681 purte,
1234 4601 1265 4660 in
1278 4624 1337 4681 que

125 4688 223 4748 Adnm
238 4687 381 4746 formatus
395 4695 448 4764 cet,
470 4686 520 4746 vel
533 4706 586 4764 pro
599 4685 710 4746 rsu'onc
732 4685 928 4764 hemispherii
941 4684 1041 4762 nostri,
1057 4684 1087 4744 in
1100 4704 1159 4762 qno
1174 4683 1273 4743 Moses
1286 4684 1336 4742 de-

157 4106 250 4156 I‘ontee
261 4107 332 4154 solu·

196 4167 302 4212 tionum.
