3158 5190
228 322 285 380 106
699 335 965 380 socussneuuous.
1235 313 1436 396 [summ.

226 479 419 540 Preuetatioruir
432 481 572 553 reuelato;
593 478 641 540 Ita
653 478 684 538 in
700 479 809 539 C'rit'ca
827 496 882 538 sua
899 495 986 538 sacra
998 493 1105 554 magno
1125 473 1222 534 studio
1242 473 1364 553 probam
1386 473 1434 533 in·

225 559 328 638 tendit,
352 559 414 618 Nos
435 559 473 618 sd
496 559 664 620 hodiernam
687 559 856 618 Lectionem
876 557 989 620 Tantus
1011 554 1155 616 Hebrstci
1180 573 1363 633 nequaquam
1390 553 1437 614 ita

226 639 327 716 teneri,
346 639 418 716 quin
438 638 550 700 licitum
572 639 611 698 sit
632 658 709 717 sepe
730 639 768 698 ab
789 658 825 698 ea
846 637 1002 713 discedere,
1022 635 1138 713 quoties
1158 634 1208 694 vel
1229 653 1267 694 ex
1289 635 1436 694 Veterum

228 720 422 796 Interpretum
443 719 606 794 collatione,
621 718 670 778 vel
691 739 730 779 ex
751 726 838 778 recta
858 717 979 778 rationis
998 716 1037 792 vi,
1052 715 1102 775 vel
1122 714 1238 794 proprio
1255 713 1380 793 judicio,
1401 721 1437 774 ct

226 798 410 938 ffnboemdi
424 797 727 939 facultatetlefcutionpm
740 798 827 857 aliam
841 797 995 936 me'ltiroriellib
1002 804 1033 856 et
1042 795 1315 935 6convenien5tiopppr
1328 793 1438 948 <iffi

304 898 353 937 ere
420 898 435 937 s
995 895 1028 936 ro
1085 895 1120 935 ca
1140 919 1148 934 .

226 897 587 1034 eoensnimopdbnuiabi’miis,
602 897 685 1034 quidsi
698 897 1023 1035 diricbeurdidllblrcpteres
1035 878 1197 1016 dimitri
1209 919 1334 1014 v'elimus
1347 952 1436 1012 samm

227 1036 293 1098 Viri
306 1037 343 1097 de
358 1038 490 1098 Ecclesia
505 1037 561 1097 Dei
574 1037 647 1098 alies
660 1038 734 1098 bene
748 1036 851 1114 meriti,
867 1037 919 1096 sed
932 1043 1045 1095 tentum
1058 1043 1093 1095 ut
1105 1035 1279 1097 sententiam
1291 1034 1436 1093 hactenns

227 1117 257 1178 in
269 1117 408 1178 Ecclesiis
421 1117 528 1178 noshis
542 1125 708 1177 constanter
720 1125 865 1196 receptam
878 1116 916 1176 de
929 1117 1099 1174 intemerate
1109 1115 1220 1174 Textus
1234 1113 1309 1174 sacri
1321 1113 1435 1192 ιίἤινπζι

226 1197 428 1258 confirmemus
452 1196 592 1258 adversus
616 1216 674 1273 eos,
690 1197 741 1275 qui
760 1196 848 1279 ecgrice
871 1196 943 1256 istus
963 1193 1036 1269 ileu
1057 1202 1087 1254 et
1110 1194 1235 1254 novitiae
1255 1191 1436 1271 hypotheses

227 1277 364 1355 adoptare
378 1276 474 1336 adhuc
486 1276 573 1336 hodie
588 1277 738 1353 sustinent,
748 1277 797 1336 vel
811 1278 847 1338 de
861 1276 920 1334 illis
934 1284 1071 1352 tauquam
1084 1274 1122 1334 de
1135 1294 1167 1334 re
1179 1272 1314 1350 levicula,
1328 1281 1436 1351 etqua

227 1357 277 1416 vel
290 1356 399 1416 nulline
412 1357 462 1416 vel
474 1355 631 1417 admodum
644 1357 745 1435 exigui
759 1357 797 1417 eit
811 1356 849 1416 ad
862 1356 948 1418 fidem
962 1355 1109 1431 momenti,
1124 1353 1291 1431 loquuntur.

269 1436 312 1495 ΙΙ.
335 1437 409 1514 Ejus
421 1436 565 1498 sententia
578 1456 613 1496 eo
626 1436 711 1498 redit.
754 1439 781 1496 1.
803 1436 878 1512 Quis
890 1443 998 1514 puncta
1011 1441 1080 1496 sunt
1099 1435 1257 1494 humanum
1271 1432 1436 1509 inventum,

228 1535 313 1594 posse
335 1536 379 1593 ea,
401 1515 573 1576 necessitate
593 1515 636 1575 ita
656 1515 829 1594 postulante,
853 1515 999 1575 immutari
1020 1522 1050 1575 et
1073 1513 1132 1575 elia
1153 1511 1299 1589 substitui,
1316 1511 1437 1588 quando

229 1615 331 1656 sensus
344 1614 431 1672 quem
444 1595 570 1656 tirudrmt
581 1595 630 1655 vel
643 1595 734 1656 falsus
748 1604 793 1656 est
805 1596 854 1655 vel
871 1594 1023 1655 absurdus.
1065 1598 1094 1656 2.
1116 1593 1183 1654 Non
1202 1592 1289 1652 modo
1309 1591 1436 1650 liberum

228 1695 293 1736 esse
306 1675 460 1738 lectionem
473 1683 585 1736 mutere
597 1675 694 1753 quoad
707 1675 932 1754 punctationem,
954 1675 1006 1734 sed
1025 1673 1113 1734 ctiam
1126 1672 1223 1752 quoad
1235 1672 1329 1751 ipsam
1344 1670 1436 1750 scrip-

229 1753 354 1831 tionem;
383 1756 524 1834 majorem
545 1762 642 1814 tamen
663 1755 826 1816 libertatem
848 1775 912 1815 esee
931 1755 1009 1814 circa
1029 1753 1110 1814 illam
1131 1773 1219 1832 quam
1239 1750 1318 1812 cuce
1338 1751 1436 1828 istum,

230 1835 299 1913 quis
312 1833 392 1894 illem
406 1835 581 1896 Mesorethae
595 1855 672 1914 seepe
684 1855 737 1914 pro
750 1855 803 1896 suo
817 1835 936 1896 arbitrio
950 1843 980 1894 et
992 1854 1031 1894 err
1044 1834 1158 1913 privato
1168 1831 1281 1910 judicio
1294 1831 1437 1908 fecerunt,

231 1915 269 1974 sd
282 1934 356 1993 quos
368 1935 423 1976 nos
436 1935 496 1975 non
508 1915 647 1976 debemus
666 1935 731 1976 esse
744 1915 883 1976 adstricti.
925 1917 954 1975 3.
978 1914 1010 1974 Si
1023 1934 1062 1974 ex
1075 1913 1215 1973 Veterum
1229 1912 1437 1989 Interpretare,

231 1995 294 2056 sive
303 1995 480 2072 Graecorum,
495 1995 558 2056 eive
567 1994 776 2072 Chaldaeorum,
787 1996 849 2055 sive
863 1995 1032 2054 Latinorum
1045 1993 1200 2053 collatione
1213 1990 1327 2052 ostendi
1340 1999 1440 2069 potest

232 2095 349 2136 sensum
362 2076 547 2153 Versicnum,
562 2076 611 2135 vel
624 2095 706 2154 seque
726 2075 835 2136 bonurn
848 2084 878 2135 et
899 2071 1091 2149 commodum,
1105 2073 1155 2133 vel
1167 2072 1311 2132 veriorem
1324 2080 1356 2130 et
1368 2090 1439 2134 con·

232 2154 440 2218 venientiorem
454 2175 541 2234 quem
554 2155 646 2216 nostri
660 2155 775 2216 Codicis
790 2154 916 2230 Hebrni,
932 2154 1020 2214 licere
1031 2152 1186 2214 lectionem
1198 2149 1370 2212 hodiernam
1382 2150 1438 2210 im-

232 2244 352 2312 mutare,
368 2242 398 2294 et
411 2235 499 2294 aliam
511 2235 594 2312 sequi
608 2255 642 2296 ec
657 2235 840 2296 substituere.
881 2237 910 2294 4.
932 2234 994 2294 Nec
1007 2233 1094 2293 modo
1114 2253 1153 2292 ex
1167 2233 1363 2309 interpretum
1377 2230 1439 2290 eol·

231 2313 348 2390 latione,
359 2314 416 2373 hoc
428 2313 491 2373 fieri
504 2333 604 2392 poseo:
618 2313 670 2374 sed
684 2315 771 2374 etiam
785 2314 811 2377 si
824 2313 975 2375 ostendere
988 2331 1142 2392 possumus
1151 2312 1254 2371 vitium
1267 2311 1300 2369 in
1312 2309 1440 2374 lectione

231 2391 372 2452 hodierna
391 2391 529 2468 subesse;
551 2399 581 2452 et
600 2411 717 2453 sensum
737 2393 786 2453 vel
805 2393 927 2470 nullum,
941 2394 990 2457 vel
1010 2391 1167 2454 absurdum
1187 2399 1217 2452 et
1236 2389 1344 2450 selsam
1363 2409 1439 2468 esse,

232 2479 319 2610 tlt-⁶
328 2470 469 2610 tttt
482 2469 1220 2631 tt‘ttttttttttttffltttttt
1233 2479 1441 2630 {iffi}

464 2593 473 2626 l

233 2631 374 2709 aptiorem
388 2649 505 2690 sensum
518 2630 649 2692 invenire
668 2651 822 2709 possumus
841 2652 894 2712 per
914 2633 1001 2692 uliam
1022 2631 1245 2694 commodiorem
1263 2629 1439 2706 lectionem

233 2719 296 2770 tum
309 2711 396 2770 licere
410 2709 441 2768 in
453 2710 500 2770 his
513 2710 629 2774 casibus
641 2711 795 2772 lectionem
814 2713 983 2772 hodiernam
1004 2711 1157 2790 conligere,
1172 2720 1203 2772 et
1214 2711 1302 2770 aliam
1315 2709 1344 2769 ei
1366 2730 1440 2788 prue-

233 2789 317 2850 ferre
359 2789 446 2851 Hanc
459 2798 555 2851 autem
569 2791 633 2870 ejus
647 2811 710 2854 esse
723 2799 850 2852 mentem
864 2813 902 2853 ex
915 2793 1005 2854 variis
1017 2792 1090 2853 locis
1111 2801 1209 2869 patere
1229 2797 1334 2869 potest,
1350 2799 1382 2851 et
1402 2809 1441 2850 ex

234 2869 290 2929 hoc
304 2868 444 2948 imprimis
459 2871 542 2932 Criu.
555 2870 608 2932 lib.
623 2871 663 2932 vi.
678 2893 704 2932 o.
719 2875 747 2948 5,
762 2893 861 2950 parag.
876 2875 905 2936 9.
926 2875 979 2932 Eu
991 2873 1034 2932 hm
1048 2874 1141 2950 bouet,
1156 2873 1233 2948 quod
1250 2871 1278 2929 si
1289 2888 1349 2947 qua
1361 2871 1441 2930 acac

235 2951 399 3028 discrepans
411 2952 448 3012 ab
469 2952 605 3012 mutuno
620 2954 711 3014 Texta
724 2955 856 3029 Hebriue,
871 2953 957 3014 etiam
971 2952 1068 3031 quoad
1090 2971 1240 3028 consonas,
1261 2951 1318 3010 sive
1332 2951 1440 3027 umus,

235 3033 362 3110 adeoque
375 3041 403 3092 et
414 3031 511 3111 quoad
524 3040 654 3093 receset
675 3032 811 3110 periodos
831 3033 968 3111 integras,
983 3052 1093 3092 cauum
1108 3032 1194 3108 parit
1213 3031 1439 3105 commodiorem,

235 3113 315 3172 ellam
329 3133 385 3172 esee
395 3113 485 3190 mapsa
495 3113 655 3191 pecuinam,
664 3114 803 3172 elcanam
815 3123 900 3190 atque
910 3133 1086 3190 pantanum,
1096 3113 1249 3189 adimamus
1262 3111 1377 3170 taudem
1390 3110 1442 3168 illa

235 3193 402 3269 investiatur,
411 3193 468 3253 siue
480 3195 562 3269 apud
569 3195 669 3252 LXX.
683 3194 739 3253 eice
751 3196 833 3270 apud
843 3193 992 3254 Chaucos
1004 3193 1228 3268 Parapbractas,
1243 3191 1288 3249 ccl
1296 3190 1440 3266 Aquilone,

235 3272 441 3347 Symmachum,
459 3273 680 3348 Theodotioucm,
695 3276 740 3334 oet
754 3275 784 3334 S.
799 3273 1004 3349 Hieronymum
1023 3274 1055 3331 V.
1076 3272 1217 3331 Versioais
1235 3271 1391 3344 authorem
1406 3289 1442 3328 ac

231 3350 461 3487 proffimpplrls)
472 3370 530 3410 esee
541 3355 712 3429 sequendam
722 3355 978 3430 etamplecteudam
990 3351 1128 3413 mutem
1137 3349 1349 3424 Maeorctltica5
1362 3348 1441 3427 quod

236 3448 290 3486 con
374 3437 388 3486 t
432 3428 438 3442 “
461 3427 472 3485 i
486 3449 525 3488 ere
545 3429 600 3490 ine.

277 3506 338 3566 ΙΙΙ.
361 3507 404 3567 Ut
417 3526 487 3566 vero
500 3449 575 3567 hcine
590 3508 762 3570 sententiam
775 3509 932 3586 confirmet,
948 3510 1035 3570 alium
1054 3509 1240 3588 hypothesim
1253 3507 1383 3585 adducit,
1396 3508 1441 3567 ni·

236 3584 340 3646 mirum
350 3585 472 3646 Codices
483 3587 625 3648 Hebraeos
635 3588 740 3665 quibus
753 3587 800 3650 usi
814 3597 882 3650 sunt
892 3589 996 3650 LXX.
1007 3599 1038 3651 et
1049 3591 1100 3650 alii
1114 3591 1299 3668 Interpretes,
1309 3589 1442 3650 diversos

235 3667 325 3728 firisse
345 3666 484 3727 aCodice
503 3666 652 3744 hodierno,
667 3688 754 3745 quem
774 3689 826 3747 per
846 3677 1042 3748 contemptum
1057 3670 1193 3730 Codioem
1213 3669 1441 3733 Mesorethicum

235 3755 266 3808 et
279 3745 437 3808 Judalcum
450 3755 546 3824 vocet,
560 3755 590 3808 et
610 3747 818 3826 discrepantiae
831 3749 1007 3812 Versiouum
1020 3751 1160 3811 Veterum
1173 3749 1211 3810 ab
1231 3750 1373 3810 hodierno
1387 3749 1441 3809 Go-

236 3827 301 3888 dice
321 3827 467 3888 Hebraico
491 3827 612 3890 totidem
635 3847 700 3888 esee
721 3828 817 3890 varias
842 3829 995 3892 Lectiones
1008 3831 1120 3892 Textue
1144 3830 1293 3906 Hebraici,
1311 3828 1441 3906 exceptis

236 3908 310 3968 forte
323 3908 381 3968 illis
395 3928 460 3986 quse
473 3908 511 3969 ab
524 3907 748 3968 hallucinatione
761 3909 889 3987 ipsorum
904 3911 1099 3989 Interpretum
1117 3909 1256 3986 oriuntur,
1271 3908 1323 3988 qui
1337 3928 1441 3969 vocum

238 3989 449 4049 Hebralccrum
463 3988 711 4066 significationem,
726 3989 776 4048 vel
790 4009 848 4049 non
862 4000 1000 4068 cepenmt
1012 3991 1061 4049 vel
1074 4010 1133 4050 non
1147 3991 1218 4050 satis
1232 3989 1270 4049 ed
1284 4009 1334 4049 eas
1348 3997 1441 4058 etten-

236 4068 350 4130 deruut
394 4067 480 4130 Unde
493 4077 581 4163 negat
595 4067 694 4128 Bibba
711 4078 811 4130 nostra
824 4070 972 4130 Hebralca
990 4071 1131 4131 hodierna
1151 4078 1245 4132 totum
1265 4070 1442 4130 constituere

236 4147 354 4226 iontem,
367 4149 419 4210 sed
431 4170 484 4228 pro
498 4169 583 4210 umco
597 4149 756 4228 exemplari
768 4157 881 4210 tantum
894 4170 957 4210 esse
968 4150 1118 4227 habendu3
1140 4158 1170 4210 et
1179 4170 1281 4210 verum
1291 4170 1327 4210 ac
1340 4148 1441 4227 genni-

237 4247 306 4287 num
328 4229 455 4290 'l'extum
481 4229 651 4309 originalem
675 4229 880 4306 authenticum,
905 4250 944 4290 err
971 4230 1098 4292 omnium
1125 4230 1241 4291 demum
1266 4231 1442 4290 Versioumn

238 4306 378 4398 Veterum
392 4310 546 4370 collatione
559 4310 792 4372 constituendum
812 4318 842 4371 et
862 4309 1042 4370 fumandum
1056 4329 1130 4372 esse.
1171 4310 1273 4388 Atque
1293 4309 1362 4370 ideo
1383 4310 1442 4368 dis-

238 4393 345 4461 trugrut
358 4387 434 4448 inter
449 4391 579 4450 Codices
593 4393 745 4451 Hebraeum
757 4391 788 4450 iu
800 4410 837 4466 ec,
853 4397 882 4450 et
893 4390 1023 4451 comen
1036 4391 1201 4452 hodiernum
1211 4389 1441 4450 Maeorctdicum.

237 4462 331 4522 Istum
352 4465 451 4526 haberi
474 4469 504 4528 in
526 4471 660 4532 omuibus
681 4471 894 4548 exemplaribus
914 4491 979 4548 quae
1000 4470 1087 4531 hodie
1109 4470 1261 4546 habentur,
1282 4470 1347 4530 sive
1368 4471 1443 4530 inter

237 4540 360 4635 ludaeos
374 4545 437 4604 sive
450 4545 525 4606 inter
540 4551 735 4627 Christianum
759 4550 846 4610 Illum
860 4570 930 4610 vero
944 4549 1061 4612 demum
1081 4571 1166 4629 posse
1187 4551 1287 4628 colligi
1300 4571 1339 4610 ex
1353 4550 1441 4611 calls·

237 4630 316 4684 bone
334 4623 446 4686 Tantus
469 4627 601 4688 hodierni
625 4637 655 4691 ct
673 4630 847 4690 Vcrsionum
867 4630 1024 4707 Votorum3
1046 4633 1126 4707 Quas
1149 4631 1180 4692 in
1201 4630 1318 4692 mutue
1339 4629 1443 4708 positis
