3152 5178
231 371 289 430 164
611 413 614 418 Α
717 383 809 427 rocus
822 382 957 426 resrrus.
1251 357 1376 442 [osmer.
1391 379 1441 460 ur,

231 537 266 590 nt
281 527 332 589 Sol
344 545 420 588 unus
433 525 540 586 dicitnr
552 525 621 602 quia
634 525 746 586 unicus.
788 525 855 586 Non
873 523 1012 604 quaritur
1031 523 1079 584 hic
1093 523 1130 584 de
1144 522 1265 584 Unitate
1280 521 1336 581 Dei
1349 521 1446 600 priori

233 629 329 686 sensu,
344 607 396 668 sed
409 607 577 685 posteriori3
599 607 668 684 quia
682 606 763 666 Dens
780 607 821 666 its
840 615 886 666 est
906 625 981 666 unus
995 604 1164 664 affirmativo
1178 603 1275 683 quoad
1288 603 1445 663 indivisio·

232 686 1194 829 ³0h1¹¹tttltttt⁰ttttttttttfflttttt...
1207 773 1240 824 ..t
1291 771 1355 822 a..
1395 719 1446 821 φ.

233 813 357 925 sarrai,
373 788 470 926 puls
485 855 553 908 sunt
574 847 709 906 persons
730 847 760 906 sn
782 847 918 907 manis:
937 787 1042 906 {abac
1067 785 1180 906 uisite
1193 783 1337 904 mellica
1350 783 1447 902 eie„

233 931 297 990 tialr'
304 954 317 1004 ,-
336 929 445 987 Annon
459 928 497 988 sit
510 947 586 988 unus
599 947 719 988 numero
734 929 814 988 Deus
828 926 925 1006 quoad
945 926 1100 986 essentiam
1110 949 1118 1005 3
1140 925 1220 1004 quod
1239 932 1340 984 eontra
1360 939 1448 982 πιλν-

234 1010 332 1075 trivira
346 1009 515 1085 Gentilium,
531 1017 561 1068 et
574 1008 779 1068 Tritheitarum
794 1026 919 1067 errorem
932 1015 1055 1067 tuemur.

275 1091 331 1150 IV.
353 1090 420 1149 Non
434 1089 579 1166 quaen'tur,
595 1088 646 1147 An
660 1089 718 1148 sint
731 1089 816 1148 multi
837 1088 886 1147 Dii
908 1088 1040 1164 λεγομὲιυς
1053 1095 1083 1146 et
1096 1085 1255 1146 seeundum
1268 1083 1335 1160 dici,
1354 1085 1451 1162 juxte

233 1191 339 1230 vanam
354 1180 383 1229 et
396 1169 499 1228 falsam
512 1168 663 1228 hominum
676 1168 840 1246 opinionem
850 1188 915 1246 quae
929 1170 1005 1228 inter
1017 1177 1119 1245 gentes
1130 1166 1265 1225 obtinuit.
1309 1165 1376 1240 Sed,
1392 1165 1452 1223 Au

235 1251 294 1311 sint
307 1251 404 1329 plures
418 1251 449 1308 in
462 1249 504 1308 rei
517 1249 639 1308 veritate
653 1257 684 1308 et
697 1248 855 1309 secundum
866 1267 939 1309 esse.
982 1249 1049 1308 Non
1058 1246 1204 1325 queritur,
1217 1245 1268 1304 An
1277 1246 1335 1305 sint
1344 1245 1451 1324 plures

230 1331 430 1411 participative
450 1339 479 1389 et
499 1329 673 1407 improprie:
715 1330 853 1388 Fatemm
867 1329 944 1388 enim
964 1329 1019 1388 hoe
1034 1339 1121 1388 sensu
1141 1326 1274 1404 Angelos
1288 1333 1318 1386 et
1332 1326 1451 1403 Magis·

235 1421 328 1472 tratus
349 1431 426 1489 eaepe
447 1411 526 1470 Deos
549 1409 647 1468 vocari
669 1409 700 1467 iu
725 1409 873 1486 Scriptura
893 1417 1011 1487 propter
1028 1407 1173 1486 quandem
1195 1405 1452 1485 participationem

236 1492 357 1552 dominii
370 1500 400 1551 et
413 1489 572 1568 dignitatis,
589 1491 638 1549 Ps.
653 1489 777 1566 lxxxii.;
794 1489 871 1549 Heb.
886 1489 934 1567 ii,
956 1489 1044 1550 Joen.
1056 1509 1087 1548 x.
1130 1487 1197 1565 Sed,
1213 1487 1264 1546 An
1277 1487 1375 1565 plures
1385 1487 1453 1548 sint

231 1572 354 1652 proprie
368 1579 398 1632 et
411 1570 609 1648 originaliter3
631 1569 711 1647 quod
723 1589 874 1647 negamus.
1218 1647 1224 1662 Ι
1357 1647 1365 1662 ·

237 1691 478 1809 testeam
499 1650 702 1806 ..rltlttl
718 1650 905 1790 mter
919 1649 1452 1804 insumemus:

252 1817 317 1855 ‘¹¹¹⁸-
498 1812 608 1871 Jeltova
627 1831 699 1870 unus
719 1819 759 1868 est
768 1834 780 1884 ,·
804 1814 818 1869 1
843 1811 909 1870 Cor.
923 1810 984 1870 viii.
999 1813 1027 1886 4,
1043 1812 1071 1870 5.
1094 1811 1183 1868 Nobis
1206 1829 1278 1868 entre
1294 1817 1334 1868 est
1353 1811 1449 1883 Deus,

236 1897 327 1955 Pater·
340 1895 386 1954 itte
399 1915 420 1952 a
433 1913 487 1970 quo
501 1893 595 1950 omnia
603 1915 615 1966 ;
630 1890 697 1951 Gal.
711 1890 752 1950 iii.
767 1893 816 1950 20.
837 1891 917 1950 Deae
930 1899 970 1950 eet
985 1911 1057 1949 unus
1064 1914 1077 1964 ,·
1100 1892 1115 1948 l
1131 1890 1206 1948 Tim.
1221 1889 1251 1950 ii.
1266 1889 1294 1948 5.
1313 1889 1391 1948 Unus
1403 1898 1451 1948 est

237 1979 441 2036 Desectam
451 1973 605 2032 Medabter.
647 1972 756 2031 Praeter
769 1972 847 2030 hune
859 1991 949 2032 unum
963 1971 1061 2048 plures
1074 1989 1147 2046 esse,
1162 1979 1213 2028 ent
1228 1969 1346 2047 reperiri
1360 1989 1450 2046 posse

237 2064 327 2135 nogat
341 2056 448 2132 Moses,
465 2055 552 2112 Deut.
567 2052 662 2111 xxxii.
677 2053 726 2111 39.
747 2052 842 2112 Videte
854 2071 929 2110 nune
941 2051 1129 2126 meaebpeum
1142 2069 1208 2126 esse,
1223 2058 1251 2108 et
1267 2052 1374 2108 callem
1387 2069 1449 2108 esse

108 2149 111 2156 '
238 2139 334 2197 Deam
346 2156 452 2195 merum
462 2159 475 2208 ;
496 2141 526 2192 et
540 2133 580 2193 Is.
602 2132 675 2192 xliii.
692 2134 738 2208 10,
756 2135 803 2191 ll.
824 2133 889 2209 Epo
902 2152 964 2191 eum
976 2132 1113 2207 Jetooolt,
1134 2139 1162 2190 et
1181 2132 1274 2190 nultra
1287 2139 1328 2189 est
1335 2139 1449 2207 preater

236 2237 282 2276 me
295 2217 440 2292 Semetor,
456 2221 486 2274 et
498 2213 614 2272 xxxvii.
631 2215 677 2287 16,
692 2220 722 2271 et
735 2213 807 2271 xliv.
823 2215 850 2271 8.

274 2347 299 2394 A
311 2346 424 2392 mm
497 2291 1097 2450 plulslmllibffielrblbnmillobnmriipbfitbbtili,
1119 2289 1448 2449 plgpfssssffiiacetqffirj

237 2453 324 2512 debet
337 2471 401 2512 esse
416 2450 505 2526 Deus,
521 2471 574 2510 uec
593 2459 626 2511 ut
647 2459 676 2510 et
695 2451 793 2528 plures
808 2451 948 2511 Rectoree
967 2453 1077 2528 mundi,
1100 2455 1143 2511 oie
1157 2457 1248 2524 atsutia
1262 2453 1446 2531 nonasp-vt»,

236 2529 387 2614 ςῖςιιοίςωνος
400 2529 471 2606 im,
486 2529 563 2590 unde
577 2530 698 2590 Tertull.
713 2539 790 2590 cont.
801 2531 921 2591 Marcio.
936 2532 967 2590 li.
982 2533 1023 2591 iv.
1037 2534 1118 2592 Dercs
1130 2534 1157 2591 si
1163 2553 1234 2591 unes
1247 2553 1304 2590 reon
1317 2541 1365 2606 est,
1388 2553 1447 2590 aon

234 2623 296 2672 est.-
337 2614 412 2670 Nem
426 2612 451 2670 si
465 2611 562 2688 plures
576 2619 691 2687 essent;
713 2612 763 2670 vel
776 2620 873 2671 essent
887 2612 1021 2690 equales,
1033 2621 1063 2672 et
1076 2613 1119 2672 sic
1129 2621 1231 2672 neuter
1243 2619 1321 2671 esset
1334 2611 1448 2689 primus

235 2703 267 2753 et
278 2692 522 2772 perfectissimum
545 2691 593 2749 vel
607 2691 772 2768 inequales,
788 2691 873 2751 etsie
887 2691 1005 2752 inferior
1018 2712 1076 2752 non
1091 2700 1169 2752 esset
1181 2693 1282 2769 Deus3
1305 2692 1356 2750 vel
1368 2710 1447 2750 unus

235 2781 314 2833 esset
328 2792 415 2832 eausa
427 2771 612 2848 reliquorum,
628 2778 658 2830 et
672 2771 713 2831 sic
728 2771 807 2830 solus
821 2782 898 2831 esset
911 2792 998 2832 verus
1013 2773 1112 2850 Deue3
1130 2774 1179 2832 vel
1192 2792 1259 2849 non,
1275 2772 1361 2832 etsie
1375 2791 1449 2832 neu·

234 2863 281 2914 ter
294 2861 371 2912 esset
386 2852 466 2912 Deus
480 2851 619 2929 quianon
634 2860 710 2911 esset
724 2871 811 2912 causa
824 2851 961 2913 omnium.

278 2933 352 2994 VII.
374 2933 437 2992 Nec
450 2933 506 2992 hoc
520 2931 591 3010 ipsis
606 2931 739 2991 Ethnicis
753 2932 868 3010 penitus
878 2932 1011 3010 ignotum
1025 2932 1087 3012 fuit,
1100 2932 1216 3011 quando
1226 2931 1328 2992 mundi
1338 2932 1447 3010 guber·

237 3013 342 3074 naeule
355 3012 406 3074 uni
426 3032 538 3072 summo
561 3013 625 3071 Deo
647 3011 836 3090 tradiderunt,
856 3033 943 3090 quem
961 3015 1081 3073 Patrem
1101 3014 1242 3072 hominum
1262 3015 1449 3090 Deorrmcqne

238 3103 352 3170 vocent,
368 3093 416 3154 eui
429 3113 519 3171 quum
533 3100 652 3153 caeteros
666 3092 832 3172 subjiciunt,
846 3103 877 3152 et
889 3094 926 3153 eb
940 3113 975 3153 eo
988 3094 1092 3155 volunt
1105 3113 1169 3153 esse
1182 3103 1269 3168 ortos,
1285 3093 1354 3152 illos
1367 3093 1448 3170 ipsos

237 3196 312 3254 quos
322 3177 401 3235 Deos
414 3182 582 3252 nuncupent
589 3172 743 3233 divinitate
753 3183 873 3234 exuunt.
902 3175 981 3234 Hinc
991 3173 1116 3234 Hermes
1127 3173 1335 3252 Trismegistus
1346 3173 1447 3232 Philo-

238 3256 395 3333 sophorum
414 3273 528 3332 perens,
543 3253 575 3312 in
589 3253 706 3313 Poeme.
720 3273 745 3314 o.
760 3257 788 3329 2,
801 3255 829 3329 3,
842 3257 870 3330 4,
881 3262 912 3314 et
924 3253 1003 3329 alibi,
1018 3273 1108 3314 unum
1122 3255 1226 3328 Deum,
1242 3273 1330 3312 unam
1351 3253 1447 3312 unite·

237 3343 305 3410 tcm,
320 3334 449 3393 omnium
463 3352 528 3409 quae
542 3341 610 3392 sunt
622 3333 749 3392 radicem
762 3353 826 3392 esse
841 3335 949 3409 statuit,
964 3335 1071 3409 terres,
1086 3335 1188 3412 inquit,
1207 3333 1305 3393 ednas
1321 3335 1390 3414 ὅςχὸ
1403 3339 1449 3392 est

238 3413 302 3493 ῥιζι
315 3413 506 3490 Pythagoras,
522 3411 662 3471 referente
672 3412 809 3472 Cicerone
824 3422 853 3472 et
862 3413 1027 3491 Plutarcho,
1039 3418 1118 3474 Deus
1131 3424 1171 3474 est
1180 3435 1260 3489 unae,
1270 3436 1327 3474 noa
1340 3424 1373 3473 ret
1380 3417 1448 3492 pta-

237 3493 306 3551 rr'mi
313 3500 422 3552 comeret
429 3500 514 3550 extra
523 3491 793 3551 administrationem
802 3495 907 3568 mundi,
917 3497 968 3553 sed
975 3503 1046 3554 tobes
1059 3497 1089 3554 ia
1098 3505 1163 3554 toto.
1185 3495 1319 3572 Orpheus
1329 3493 1381 3572 qui
1389 3494 1447 3572 pri-

237 3592 311 3647 mus,
334 3570 359 3630 si
379 3570 498 3630 Justino
520 3569 670 3644 credimus,
692 3571 864 3638 veterrima
885 3573 940 3634 fuit
959 3575 1071 3650 author,
1087 3575 1155 3654 quia
1172 3575 1290 3634 nomina
1303 3583 1334 3634 et
1354 3593 1449 3652 genus

239 3653 367 3712 Deorum
380 3649 490 3730 primus
503 3649 602 3727 edidit,
617 3670 708 3710 unum
721 3660 818 3711 temen
832 3654 928 3714 Deum
941 3656 1074 3734 agnoscit
1082 3654 1160 3735 apud
1173 3655 1263 3715 Clem.
1278 3655 1310 3714 in
1319 3663 1448 3734 protrep.

500 3811 544 3878 Εἰς
556 3807 579 3870 2⁵
592 3813 616 3877 ὃς
631 3813 766 3884 abactis,
780 3813 824 3880 ἕως
838 3811 928 3886 ’ἔκγονοι
939 3815 1025 3875 τίκα
1035 3841 1162 3878 manem.

239 3973 322 4034 Idem
337 3971 464 4032 saniores
478 3992 516 4034 ex
531 3971 697 4052 Gentilibus
711 3973 847 4052 sentinet,
861 3975 954 4052 Plato,
964 3975 1148 4050 Aristoteles,
1161 3975 1322 4053 Epictetus,
1335 3975 1448 4054 Cicero,

240 4055 358 4131 Senees,
373 4061 403 4113 et
416 4052 467 4112 elii
486 4071 608 4132 qnorum
629 4052 794 4114 testimonia
813 4054 882 4115 vide
894 4054 973 4135 apud
993 4057 1112 4117 Plessae.
1126 4056 1163 4116 de
1178 4054 1275 4134 Relig.
1297 4056 1406 4116 Christ.
1422 4077 1449 4116 c.

238 4137 267 4195 3.
282 4142 312 4194 et
331 4133 410 4212 apud
429 4133 589 4209 Juetinum,
605 4132 725 4211 Tcrtul,
741 4135 918 4196 Clementem
933 4136 1031 4211 Alex,
1054 4136 1246 4212 Iaetantium,
1270 4135 1448 4213 Amobium,

236 4213 447 4353 fflgusfigm'
462 4223 493 4275 et
512 4213 585 4274 ulios
599 4234 638 4274 ex
657 4214 824 4293 Veteribus,
845 4216 896 4294 qui
910 4215 967 4276 Dei
979 4217 1121 4278 unitatem
1141 4215 1282 4277 adversus
1303 4215 1450 4276 Ethnieos

314 4313 366 4370 pro
388 4301 448 4356 ent.

431 4437 437 4452 ,
538 4373 630 4436 VIII.
652 4375 787 4436 Varietas
807 4375 956 4436 nominum
975 4383 1006 4437 et
1025 4375 1242 4438 Attributorum
1269 4375 1449 4454 divinorum,

256 4435 347 4484 Fontes
358 4438 463 4541 Seruus
498 4473 558 4514 non
571 4455 668 4531 erguit
684 4457 879 4533 pluralitatem
901 4457 1046 4535 Deorum,
1066 4457 1137 4537 quie
1156 4459 1242 4518 mrius
1257 4455 1313 4514 Dei
1334 4456 1449 4534 persec-

435 4607 442 4621 ·
498 4534 571 4592 tioni
582 4535 771 4595 connotandee
785 4537 965 4614 adhibentur,
982 4545 1014 4596 ut
1026 4539 1183 4616 perplures
1191 4543 1349 4614 conceptus
1362 4536 1450 4595 ined-

236 4615 365 4687 sequatos
379 4628 527 4685 capiamus
540 4622 695 4691 uteunque,
710 4615 790 4693 quod
802 4635 855 4694 per
866 4618 984 4678 unicum
998 4617 1181 4696 edaequstum
1193 4635 1252 4676 non
1265 4635 1436 4694 possumus.

278 4688 338 4752 IX.
361 4688 444 4750 Licet
456 4691 555 4770 plures
569 4691 674 4755 dentur
687 4695 718 4754 iu
733 4695 797 4755 Deo
812 4697 957 4776 Peraeae,
978 4719 1037 4759 non
1051 4699 1156 4760 duntur
1169 4707 1266 4758 temen
1279 4695 1380 4775 plures
1394 4715 1449 4756 na—
