3250 5176
144 389 258 442 euasi,
273 367 331 452 ιι]
603 388 642 428 nn
656 381 764 430 ursano
778 388 929 432 enarraro.
1297 375 1356 436 605

146 533 315 628 composito,
331 540 360 591 et
373 529 470 609 quoad
483 537 580 590 actum
595 530 762 608 secuudum,
779 551 831 591 seu
851 532 1010 609 potentiam
1024 531 1190 594 simultatis.
1234 533 1356 610 Electio,

146 623 180 675 ut
194 623 233 674 srt
245 613 345 689 libera,
367 611 455 671 debet
468 631 531 670 esse
545 611 682 670 immunis
699 613 879 671 acoacticne
901 621 930 672 et
950 613 1123 673 necessitate
1143 613 1283 692 physica3
1306 616 1359 676 sed
1383 613 1393 628 ⁹

147 715 206 755 non
220 715 238 752 a
251 692 424 752 necessitate
445 691 594 751 extinscca
607 690 808 769 dependentia
828 712 846 750 e
861 693 933 768 Deo,
946 695 985 751 'et
1006 693 1163 753 intrinseca
1182 693 1357 754 determIne-

147 775 236 835 tionIs
250 774 287 833 ab
301 772 459 832 intellectu.
502 771 542 831 Et
555 780 668 832 tantum
682 772 766 832 abest
779 780 812 832 ut
825 771 1027 832 determinatio
1041 773 1079 831 ad
1093 793 1192 850 unum,
1215 794 1280 852 quae
1294 773 1327 834 fit
1341 795 1359 834 a

147 854 266 931 ratione,
279 853 449 912 electionem
462 851 584 912 liberam
597 851 690 928 tollat,
705 859 738 910 ut
752 871 816 911 earn
830 852 927 930 potius
941 851 1090 930 perficiat;
1113 855 1181 933 quia
1195 855 1261 914 ideo
1275 855 1358 933 eligit

147 935 204 995 hoc
217 934 266 993 vel
280 933 362 1008 illud,
377 933 446 1011 quia
459 953 477 991 a
487 933 500 1011 j
504 932 599 991 udicio
613 931 778 992 intellectus
793 931 831 990 sd
844 932 876 991 id
889 931 1104 993 determinatur.

189 1013 285 1074 XIII.
307 1012 392 1088 Quod
412 1021 457 1072 est
476 1015 609 1072 naturale
629 1013 748 1088 brutum,
771 1020 801 1071 et
821 1012 867 1071 sui
880 1013 1018 1088 nescium,
1033 1012 1197 1074 nonhabet
1217 1013 1358 1074 rationem

148 1094 216 1156 vitii
230 1101 280 1154 aut
293 1093 410 1152 virtutis
421 1114 429 1168 3
452 1091 504 1151 sed
517 1101 629 1152 tantum
643 1092 723 1169 quod
736 1101 781 1152 est
793 1096 926 1152 naturale
945 1093 1096 1153 rationale.
1140 1094 1296 1154 Peccatum
1309 1115 1359 1154 au·

148 1184 208 1236 tem
222 1173 353 1233 naturale
367 1171 480 1248 dicitur,
492 1191 551 1230 non
564 1179 597 1231 ut
610 1182 713 1232 natura
724 1173 879 1250 opponitur
891 1172 984 1232 libero
999 1173 1127 1250 arbitrio,
1144 1174 1197 1233 aed
1210 1183 1244 1235 ut
1257 1183 1361 1234 natrrre

148 1253 305 1332 opponitur
317 1253 427 1330 gratim
450 1253 544 1311 Detur
556 1252 638 1311 locus
652 1252 824 1312 obedientias
844 1253 893 1312 rel
907 1253 1111 1312 inobedientiae
1126 1255 1213 1313 etism
1228 1255 1290 1314 siue
1312 1257 1357 1314 in·

149 1333 315 1394 differentia
335 1343 446 1392 etcum
467 1332 705 1392 determinatione
720 1333 757 1391 ad
778 1352 876 1408 unum,
898 1341 932 1392 ut
952 1333 983 1391 in
1005 1333 1120 1392 Christo
1141 1334 1361 1396 immutabiliter

149 1413 340 1474 detenninato
360 1412 398 1471 ad
419 1411 610 1472 obediendum
626 1413 714 1488 Patri,
737 1421 767 1472 et
780 1413 811 1471 in
832 1413 965 1472 Diabolis
979 1413 1142 1472 necessario
1163 1413 1361 1475 determinatis

149 1495 188 1554 sd
201 1493 435 1570 inobedIendum,
451 1501 481 1552 ct
494 1501 591 1552 tamen
610 1493 756 1552 liberrime
770 1492 965 1570 peccantibus,
988 1499 1017 1551 et
1031 1492 1204 1569 gravissimo
1220 1495 1361 1572 supplicio

150 1573 259 1654 dignis.
302 1573 481 1634 Obedientiae
501 1573 576 1632 ratio
589 1591 648 1630 non
669 1571 700 1629 in
724 1591 759 1630 eo
779 1572 875 1650 posita
893 1580 947 1649 est,
970 1580 1003 1632 ut
1023 1572 1109 1631 homo
1130 1573 1222 1650 possit
1242 1573 1360 1634 obedire

148 1656 200 1714 vel
213 1674 273 1713 non
287 1653 414 1730 obedire,
437 1651 490 1712 sed
503 1652 534 1710 irr
548 1672 591 1730 eo,
613 1659 647 1711 ut
659 1651 747 1711 homo
767 1651 892 1711 libenter
906 1661 936 1712 et
949 1652 1011 1712 sine
1031 1651 1179 1712 coactione
1194 1673 1232 1714 ex
1252 1655 1362 1733 praevia

150 1734 262 1794 ratione
275 1733 401 1793 obediat.

194 1814 284 1874 XIV.
305 1814 432 1873 Tantum
444 1812 536 1890 abest,
558 1820 591 1872 ut
604 1831 643 1871 ex
657 1812 800 1872 sententia
820 1819 920 1871 nostra
940 1812 1059 1872 tolletur
1073 1832 1143 1874 usus
1163 1813 1360 1875 hortationum

150 1903 181 1954 et
193 1895 426 1972 preceptionum,
447 1901 482 1953 ut
502 1891 605 1952 fortius
625 1892 722 1970 potius
736 1900 890 1954 asseratur.
933 1893 1008 1951 Nam
1023 1893 1048 1951 si
1066 1901 1177 1952 certum
1198 1902 1243 1954 est
1256 1895 1360 1956 volun¹

149 1981 240 2034 tatem
253 1973 438 2033 determinari
457 1974 495 2032 ab
508 1973 667 2049 intellectu,
690 1971 869 2032 intellectum
885 1971 966 2050 prius
986 1971 1153 2050 persuaderi
1173 1993 1291 2034 necesse
1305 1985 1358 2052 est,

152 2061 307 2132 antequam
321 2054 501 2113 voluntatem
514 2052 621 2112 flectat.
664 2051 708 2112 At
727 2053 872 2130 quomodo
889 2052 1109 2129 persuadebitur
1123 2053 1180 2112 nisi
1200 2054 1360 2114 rationibus

150 2142 181 2195 et
192 2134 426 2194 hortationibus?
447 2134 531 2192 Licet
544 2153 614 2192 vero
628 2132 817 2211 impossibilis
836 2133 873 2192 sit
886 2132 1058 2193 hortationis
1072 2133 1202 2211 impletio
1224 2154 1261 2193 ex
1275 2136 1361 2194 nobis

151 2215 214 2275 sine
228 2215 338 2292 gratia3
362 2214 429 2273 Non
442 2213 539 2274 minus
553 2222 651 2273 tamen
670 2221 767 2293 potest
781 2213 835 2273 rite
849 2211 887 2272 ad
907 2232 961 2273 nos
975 2213 1070 2292 dirigi,
1093 2213 1162 2291 quia
1175 2221 1222 2274 est
1235 2214 1360 2276 officium

150 2315 169 2353 a
183 2294 268 2353 nobis
281 2294 420 2354 debiturn.

192 2373 264 2433 XV.
287 2375 329 2436 Ut
343 2374 428 2434 detur
440 2373 558 2451 praemio
572 2373 621 2432 vel
634 2391 728 2452 poenae
738 2371 829 2449 locus,
845 2391 904 2432 non
914 2393 1032 2433 necesso
1046 2382 1091 2434 cst
1104 2382 1137 2434 ut
1151 2373 1236 2434 detur
1246 2373 1360 2434 indiffe-

151 2454 245 2514 rentia
258 2454 289 2513 in
301 2454 451 2514 voluntate
465 2454 504 2513 ad
517 2461 670 2531 utrumque
691 2454 906 2532 oppositorum,
930 2452 1042 2514 Sufficit
1056 2461 1089 2513 ut
1107 2454 1145 2514 sit
1164 2455 1361 2532 spontenaitas

151 2535 331 2675 atgebentie,
347 2555 412 2613 quae
425 2533 551 2613 pendeat
570 2533 722 2596 arationis
738 2534 860 2613 judicio,
883 2533 977 2612 qualis
997 2541 1042 2594 est
1062 2533 1093 2593 in
1113 2535 1247 2596 omnibus
1267 2535 1360 2595 homi·

151 2635 182 2673 nr
203 2635 247 2676 us.

619 2853 812 2929 oumsrro
834 2854 890 2914 ιι.

151 3013 200 3071 Aa
213 3012 346 3072 Lrbmm
359 3011 516 3070 Arbitrium
530 3011 559 3069 in
572 3019 646 3069 statu
664 3011 778 3086 pcccati
789 3011 831 3070 ita
842 3012 879 3070 ait
890 3031 1000 3070 eneam
1021 3021 1049 3071 at
1060 3013 1249 3089 mancipatum
1258 3033 1360 3090 pccca-

193 3101 229 3170 to,
244 3101 277 3151 ut
295 3093 366 3151 nilrr‘l
381 3093 474 3168 possit
493 3111 578 3170 parom
597 3111 737 3168 peccora:
757 3091 804 3150 An
825 3111 891 3150 vero
904 3091 978 3150 vires
991 3093 1084 3150 adbuc
1098 3093 1199 3151 lrabeat
1210 3113 1269 3152 rasa
1282 3095 1359 3152 incli-

192 3174 284 3233 nandi
302 3175 345 3231 ad
365 3174 474 3250 bonum,
496 3192 553 3231 nori
567 3180 674 3230 tantum
688 3171 766 3230 cabr'le
779 3180 806 3230 at
823 3173 931 3230 morale
944 3181 1099 3247 murrum,
1113 3175 1165 3232 aad
1176 3173 1315 3232 intensum
1335 3183 1361 3232 at

192 3254 348 3330 apiritrrole,
372 3257 449 3332 φιοά
462 3252 640 3330 praeempta
664 3251 692 3310 r'n
714 3252 790 3329 Leqe
803 3251 864 3310 Dei
874 3253 1012 3311 voluntati
1023 3262 1155 3311 accurate
1167 3256 1361 3330 respondeat!

194 3333 279 3393 Prius
299 3333 378 3412 Affi,
406 3335 517 3395 Poster.
546 3333 631 3409 Neg,
660 3339 760 3391 contre
781 3331 958 3409 Pontificius,
982 3332 1161 3409 Socinianos,
1183 3341 1213 3392 et
1234 3333 1358 3393 Remen-

193 3421 326 3474 strantes.

194 3571 220 3633 Ι.
241 3572 351 3633 Actum
365 3571 594 3651 estpraecedenti
608 3571 819 3648 Quaestionede
831 3572 938 3631 Libero
959 3571 1091 3632 Arbitrio
1111 3572 1244 3634 absolute
1264 3573 1361 3652 quoad

153 3661 288 3713 naturam
308 3653 338 3712 in
362 3674 467 3732 genere
490 3653 594 3712 Eritis:
616 3651 702 3712 Nunc
726 3652 763 3713 dc
786 3652 888 3712 eodem
912 3652 1009 3730 agitur
1029 3653 1119 3712 relate
1141 3653 1237 3732 quoad
1258 3663 1361 3714 atcwm

154 3735 274 3810 peccati,
284 3742 314 3794 et
323 3733 397 3793 mres
410 3734 474 3811 ejus
482 3732 513 3790 in
524 3751 629 3810 genere
639 3732 736 3793 moris.
765 3733 813 3792 Ibi
822 3733 918 3792 visum
928 3739 973 3792 est
981 3733 1109 3808 qaidait;
1123 3732 1193 3793 Jem
1201 3733 1360 3793 videndum

155 3814 226 3889 quid
239 3815 331 3890 possit
343 3813 420 3872 circa
433 3813 555 3888 bonum;
577 3833 643 3890 quaa
657 3811 793 3890 primaria
805 3820 851 3871 est
865 3811 1151 3889 controversiaque
1162 3813 1247 3872 nobis
1260 3813 1291 3872 in
1304 3813 1360 3873 hoc

155 3891 294 3952 docmina
308 3893 409 3971 Capite
422 3892 575 3952 intercedit
588 3912 654 3952 cum
669 3890 836 3970 Pelagianis
850 3899 880 3950 et
895 3890 1143 3968 Semipelagianis.

458 3974 501 4032 II.
524 3973 590 4032 Non
604 3972 742 4050 quaritur
754 3971 792 4030 de
806 3971 949 4030 noerae
962 3973 1103 4031 esamtialr'
1121 3992 1140 4030 a
1163 3972 1311 4032 coactione
1332 3980 1361 4032 et

416 4051 588 4112 necessitate
612 4051 742 4132 physica,
767 4071 832 4130 quse
852 4051 919 4111 talis
940 4051 1046 4113 dicitur
1066 4051 1177 4112 ratione
1198 4055 1312 4130 sab'actr‘
1332 4062 1362 4114 et

412 4133 557 4210 principii,
584 4132 652 4210 quie
675 4132 777 4192 eadem
801 4140 847 4192 est
861 4152 973 4211 semper
995 4131 1150 4210 utrobique
1173 4132 1204 4191 in
1231 4133 1362 4211 quolibet

188 4037 273 4086 Status
285 4036 365 4088 Quas·

233 4097 316 4144 sonu.

32 4201 36 4210 ¹
153 4213 278 4275 hominis
293 4222 379 4292 stetu,
393 4221 428 4273 ut
450 4220 536 4272 antee
558 4212 686 4290 dictum;
711 4212 769 4272 Sed
793 4212 830 4272 da
852 4213 978 4272 hbcrtote
997 4213 1166 4272 occidentali
1183 4233 1202 4270 a
1222 4213 1361 4273 servitute

154 4295 273 4370 peccati,
294 4295 406 4353 ratione
430 4293 536 4368 objecti,
557 4293 634 4353 circa
654 4293 733 4371 quod
747 4294 883 4354 volantes
896 4300 1036 4370 versetur,
1051 4291 1103 4352 Αιι
1116 4292 1155 4354 ait
1168 4293 1275 4352 malurn
1296 4301 1360 4353 tan·

154 4379 225 4446 tum,
241 4371 291 4430 An
304 4373 392 4432 etiem
405 4371 523 4432 bonum.

197 4451 257 4510 III.
279 4452 347 4510 Non
361 4451 500 4529 quaritur
513 4451 550 4510 de
564 4453 634 4512 bono
648 4452 724 4512 civili
735 4461 765 4512 et
778 4453 883 4513 morali
894 4461 1029 4513 mmo:
1050 4451 1117 4512 Non
1130 4469 1271 4528 negemus
1285 4451 1362 4510 enim

156 4530 268 4608 aliquas
282 4531 361 4590 vires
375 4529 406 4588 in
419 4530 536 4590 homine
550 4531 644 4591 adhuc
657 4540 725 4610 post
737 4533 851 4610 lapsum
865 4551 1015 4611 superesse
1029 4530 1127 4611 quoad
1139 4549 1227 4608 opera
1246 4529 1298 4588 ille
1311 4551 1362 4590 ex·

155 4617 238 4670 terrra
252 4618 282 4670 et
295 4609 394 4669 civilia
407 4609 491 4685 bona,
506 4617 540 4669 ut
560 4610 704 4688 justitiam
718 4620 749 4671 et
767 4613 986 4690 temperantiam
1001 4619 1143 4686 exerceat,
1159 4609 1363 4670 misericordia

152 4697 185 4752 et
198 4689 348 4752 eharitatis
361 4697 458 4752 actum
472 4687 548 4768 edat,
562 4697 597 4752 ut
608 4709 711 4752 manus
724 4711 743 4751 a
763 4691 839 4752 furto
853 4699 883 4752 et
896 4691 1052 4754 homicidio
1065 4691 1217 4768 abstineat,
1243 4699 1273 4750 et
1286 4689 1364 4750 simi·
