3044 5180
88 363 197 412 oum.
214 343 283 426 vn]
515 364 555 404 nn
569 365 865 406 ramussrrusrrous.
1235 349 1293 406 995

86 503 157 581 poris
171 501 210 562 ad
224 502 387 564 vivendum
400 503 508 579 datum,
524 525 558 566 eo
573 505 659 572 debet
673 513 826 567 contentus
840 507 933 580 esseJ’
976 506 1016 566 Et
1029 505 1149 584 Seneca
1164 505 1199 564 de
1215 505 1289 568 Cou-

86 583 152 642 sola
166 583 203 642 ad
219 584 479 659 sturemare.
509 587 631 646 “Nemo
645 587 731 646 nimis
750 587 807 646 cito
829 587 959 659 moritur,
974 585 1025 664 qui
1038 587 1168 664 uicturus
1183 585 1294 646 diutius

84 683 166 740 quam
181 665 257 724 vixit
272 684 332 724 non
345 664 414 742 ἱιιίις
436 665 513 726 fixus
526 676 571 728 est
589 667 694 744 cuique
707 668 861 744 terminus,
883 665 1010 726 mauebit
1025 687 1136 746 semper
1150 666 1200 726 ubi
1213 667 1290 745 posi-

85 753 131 806 tus
143 752 192 818 cat,
207 763 263 804 uec
277 745 363 804 illum
377 745 498 806 ulterius
512 746 664 825 diligentia
676 756 727 808 aut
740 748 835 825 gratia
848 746 1058 828 promovebit.'’
1126 793 1128 797 ,

430 995 433 1002 ⁴
504 996 506 1002 ’
554 985 748 1062 cuneum
769 957 824 1047 ir.

338 1195 355 1230 9
512 1163 551 1206 DE
565 1164 858 1206 rmusumaurouu.

168 1303 217 1362 An
230 1304 454 1364 praeamara
462 1306 573 1382 publice
586 1306 688 1382 merri,
705 1317 731 1366 ct
738 1306 899 1384 praedicari
911 1308 1030 1366 debeat!
1070 1305 1184 1368 Affirm.

168 1525 174 1540 ,
401 1466 425 1525 Ι.
448 1466 635 1526 Occasionem
649 1466 716 1526 huic
731 1466 889 1541 Quaestioui
899 1467 962 1544 jam
976 1467 1045 1526 olim
1058 1465 1200 1528 dederunt
1214 1476 1285 1528 tem-

99 1523 289 1631 offissm'
336 1563 407 1622 pore
422 1545 591 1622 Augustini,
613 1546 744 1604 nonnulli
763 1567 801 1606 ex
823 1546 917 1606 Gallis
937 1547 1090 1606 fratribus:
1114 1545 1186 1606 Cum
1207 1549 1284 1608 enim

339 1625 389 1684 ille
410 1626 441 1684 in
460 1626 543 1686 libris
557 1634 657 1686 contra
672 1626 845 1704 Pelagianos
861 1627 953 1686 multa
966 1627 1135 1687 inseruisset
1149 1636 1179 1687 et
1191 1627 1282 1688 incul-

82 1711 165 1764 casset
177 1704 213 1766 de
229 1705 501 1781 Prardestiuatioue,
514 1715 547 1766 ut
560 1707 615 1766 hac
628 1706 739 1766 ratione
753 1707 904 1766 veritatem
915 1707 1055 1768 adversus
1067 1707 1155 1784 impia
1168 1708 1284 1768 illorum

82 1781 205 1858 dogmata
219 1784 402 1861 defenderet,
424 1786 478 1844 hac
492 1785 623 1846 doctrina
636 1786 733 1845 varios
751 1787 882 1846 turbatos
896 1807 969 1862 esse,
992 1795 1105 1846 constet
1119 1807 1156 1846 ex
1170 1787 1283 1849 duabus

84 1863 200 1938 epistolis
221 1865 368 1942 stospers'
390 1864 551 1942 Augustini
575 1866 718 1944 discipuli,
745 1875 774 1932 ee
798 1865 910 1924 Hilarii
932 1865 1113 1925 Arelatensis
1136 1867 1282 1945 Episcopi,

84 1961 138 2017 qus
155 1945 285 2020 praefixas
309 1955 377 2006 suut
390 1945 441 2005 lib.
462 1945 498 2004 de
521 1946 778 2006 Praedestinetione
801 1945 980 2020 Sanctorum,
1004 1955 1032 2006 et
1052 1947 1129 2004 bono
1148 1967 1282 2024 perseve-

80 2023 176 2098 rantia,
191 2025 278 2084 Tom.
295 2025 348 2086 vii,
364 2025 449 2102 Oper.
465 2025 591 2104 August.
622 2027 717 2086 Causa
730 2025 793 2099 ferit,
809 2045 867 2084 uon
881 2025 960 2102 quod
974 2045 1036 2084 eam
1051 2025 1168 2083 omnino
1182 2025 1284 2085 falsam

79 2100 239 2181 judicarent,
263 2105 320 2166 sed
340 2105 419 2182 quod
442 2105 641 2166 existimarent
661 2107 725 2184 ejus
745 2105 978 2182 praedicationem
999 2104 1189 2181 periculosam
1210 2126 1288 2182 essa.

81 2190 106 2239 et
117 2182 299 2262 mvidiosam,
315 2204 381 2263 qma
401 2185 557 2263 premenda
570 2187 667 2264 potius
688 2193 765 2246 esset
779 2185 902 2262 silentio,
924 2204 1011 2262 quam
1025 2185 1055 2244 in
1069 2183 1196 2244 medium
1216 2207 1282 2264 pro·

84 2264 212 2404 Pollnlb
224 2365 261 2406 ea
274 2345 366 2406 etiam
380 2345 511 2408 nonnulli
525 2354 593 2406 sunt
603 2345 689 2406 bodie
698 2343 848 2420 sententia,
864 2343 915 2422 qui
928 2344 1044 2422 pertaesi
1054 2344 1280 2422 contentionum,

81 2438 136 2496 qua
148 2423 221 2484 circa
234 2426 316 2486 bane
330 2425 490 2486 doctrinam
511 2426 645 2486 omnibus
658 2445 733 2503 pene
747 2426 852 2486 seculis
873 2433 981 2486 exortae
1003 2433 1087 2500 suut3
1109 2434 1213 2503 putant
1234 2435 1278 2486 tu·

82 2500 210 2562 decimum
224 2526 293 2566 esse
308 2505 347 2566 ad
365 2525 466 2584 pacem
481 2505 628 2580 Ecclesia,
651 2515 680 2566 et
694 2505 731 2564 ad
751 2505 990 2582 tranquillitatem
1011 2505 1202 2582 eonscientiae,
1225 2505 1279 2566 has

82 2577 248 2652 Quaestiones
267 2605 333 2646 non
356 2585 507 2664 attingere,
529 2594 629 2663 utpote
654 2585 758 2662 quibus
781 2586 948 2662 injiciantur
968 2585 1071 2644 animis
1093 2586 1229 2664 scrupuli,
1251 2597 1281 2649 et

82 2660 278 2726 nbncscantur
304 2665 507 2742 dubitationes,
529 2685 594 2744 que
617 2665 796 2728 infirmorum
809 2666 894 2726 fidem
915 2665 1088 2725 labefactare
1109 2667 1228 2743 possint,
1251 2677 1283 2742 et

82 2737 200 2803 homines
213 2746 251 2804 ad
265 2746 508 2822 desperationem,
524 2747 573 2804 vel
587 2746 770 2806 securitatem
785 2745 929 2804 carnalem
943 2746 1100 2822 impellere.
1144 2746 1202 2805 Sed
1216 2746 1278 2806 haee

82 2821 161 2880 oratio
172 2824 325 2886 honestior
338 2835 391 2902 est,
406 2845 493 2903 quam
507 2825 610 2901 verior,
626 2845 680 2886 uec
694 2826 778 2886 facile
789 2827 878 2904 recipi
891 2833 987 2903 potest
1000 2825 1037 2884 ab
1048 2826 1092 2899 iis,
1108 2826 1158 2902 qui
1172 2835 1279 2886 norunt

83 2896 179 2988 {mnus
192 2905 356 2966 uberrimos
370 2905 575 2966 consolationis
585 2915 614 2966 et
628 2905 872 2982 sanctificationis,
885 2905 935 2982 qui
949 2925 987 2964 ex
1000 2905 1055 2964 hac
1065 2904 1196 2964 doctrina
1203 2905 1278 2968 bene

82 2980 213 3044 utslbcu
226 2987 265 3044 ad
280 2985 384 3046 fideles
397 2986 528 3046 redeunt.

118 3059 172 3121 ΙΠ.
193 3065 284 3126 Unde
305 3065 347 3126 sic
361 3067 545 3126 statuendum
565 3073 709 3143 putamus,
731 3063 892 3124 doctrinam
905 3062 999 3138 istam,
1022 3082 1076 3120 uec
1095 3071 1277 3140 praepostera·

84 3138 215 3203 modestia
229 3147 355 3206 obtentu
368 3147 484 3223 penitus
497 3165 561 3206 esse
573 3144 816 3222 supprimendam,
826 3163 880 3202 nec
893 3142 1116 3221 presumptione
1127 3144 1278 3202 temeraria

86 3219 211 3282 curiosius
230 3245 299 3286 esse
313 3225 480 3302 rimandum,
503 3225 555 3286 sed
570 3225 664 3285 sobrie
679 3232 708 3284 et
722 3224 885 3301 prudenter,
908 3241 945 3282 ex
961 3221 1016 3280 Dei
1030 3220 1130 3280 Verbo
1148 3241 1212 3280 esse
1227 3221 1277 3281 do-

84 3298 197 3376 ffissdsm,
211 3315 244 3366 ut
257 3306 304 3364 ita
317 3305 375 3364 duo
388 3305 510 3366 infames
524 3305 635 3383 scopuli
650 3304 846 3379 declinentur,
868 3303 935 3362 hinc
949 3304 1087 3377 affectatae
1101 3301 1281 3380 ignmantioe,

84 3391 138 3449 que
149 3382 219 3442 nibil
231 3385 335 3446 videre
349 3385 421 3462 vult,
444 3386 517 3445 etin
537 3385 674 3446 revelatis
688 3393 790 3462 sponte
811 3384 944 3458 coecutit;
967 3381 1034 3441 inde
1055 3382 1224 3442 curiositates
1238 3393 1276 3442 tc·

83 3462 205 3538 We,
226 3485 296 3542 quae
310 3465 383 3524 nihil
397 3485 455 3525 non
469 3465 569 3525 videre
583 3475 613 3525 et
626 3483 801 3543 cognoscere
815 3465 901 3524 etiarn
916 3464 945 3522 iu
960 3463 1072 3522 arcanis
1081 3463 1196 3541 satagit
1239 3463 1276 3524 In

83 3535 191 3608 primam
200 3544 376 3624 impingunt,
391 3547 442 3623 qui
454 3547 484 3604 in
498 3549 606 3620 desecta
613 3554 774 3624 peccantes,
790 3545 827 3605 ab
841 3545 925 3604 istius
935 3543 1072 3604 doctrinae
1081 3543 1277 3622 propositione

87 3613 274 3684 demendum
294 3645 358 3686 esse
378 3634 498 3702 putant3
522 3625 557 3684 In
572 3627 660 3684 elium
674 3645 752 3701 vero,
775 3625 869 3702 quiin
882 3645 995 3684 excessu
1015 3633 1151 3699 errantes,
1174 3625 1278 3685 volunt

86 3697 166 3756 ⁰¹¹²ssi²
178 3701 207 3762 in
220 3705 278 3764 hoc
298 3705 436 3782 mysterio
450 3705 599 3784 ὶξωνχιζιιι,
616 3725 668 3764 nec
681 3706 713 3764 iu
726 3725 761 3764 eo
775 3705 929 3783 quicquam
943 3703 1109 3784 ὶιιξιςιῦητοι
1123 3723 1186 3762 esse
1200 3705 1278 3762 arbe

87 3777 191 3838 imbu-
232 3784 387 3844 Adversus
400 3794 537 3863 utrosque
552 3785 705 3846 statuimus
718 3807 783 3846 cum
799 3785 985 3859 Ortbodoxis,
1000 3803 1086 3860 posse
1101 3803 1166 3841 curu
1181 3781 1276 3842 fructu

88 3847 169 3914 &Oceli
182 3860 476 3940 Prsedestiuationem,
492 3865 579 3926 modo
593 3865 687 3927 sobrie
701 3887 739 3924 ex
754 3866 810 3924 Dei
824 3865 923 3924 Verbo
938 3863 1083 3923 doceatur.
1186 3929 1198 3952 Ι,

90 3979 254 4099 *tuere
271 4002 309 4044 ι’*
329 3940 1281 4100 cll·Alllnlltl·llltlllttttllfflltftt

238 4087 244 4100 '
330 4107 378 4178 ro,
402 4106 450 4180 es,
474 4113 504 4164 a
525 4104 588 4164 nn.
613 4108 658 4180 ιι,
674 4113 704 4164 ee
724 4123 795 4161 xxv.
816 4105 874 4176 34;
906 4098 1276 4176 susannense,

91 4162 148 4251 :bb
160 4175 217 4237 viii.
230 4185 278 4257 47,
293 4190 324 4242 et
337 4203 387 4243 xv.
404 4187 450 4259 16,
466 4193 495 4244 et
509 4185 579 4245 alibi
592 4205 651 4244 non
665 4183 768 4256 semel;
791 4191 820 4240 et
834 4201 871 4240 cx
886 4179 1025 4256 Epistolis
1038 4177 1176 4252 Paulinis,
1193 4177 1283 4240 Rom.¹

90 4259 123 4302 ¹2
140 4257 194 4314 toto
213 4270 241 4320 et
261 4262 323 4321 viii.
339 4265 386 4338 99,
403 4267 461 4340 30;
491 4265 567 4342 Eph.
588 4265 607 4322 i.
622 4266 650 4337 4,
667 4265 704 4336 ὃς
734 4266 752 4320 9
774 4261 880 4322 Timet.
899 4261 919 4317 i.
934 4261 971 4334 9;
1002 4262 1017 4316 1
1033 4259 1135 4316 Thess.
1149 4277 1178 4316 v.
1194 4259 1236 4334 9;-
1258 4263 1279 4332 2

89 4319 176 4412 ’ΨΜ
189 4335 216 4397 ἰί.
233 4344 283 4402 13..
321 4342 383 4403 Nec
396 4345 481 4404 aliter
495 4345 607 4419 Petrus,
620 4341 751 4404 Jacobus
762 4349 791 4400 et
801 4339 953 4400 Jobannes
967 4358 998 4396 se
1012 4345 1125 4414 gerunt,
1135 4337 1185 4414 qni
1196 4337 1279 4400 iden«

91 4401 165 4468 ΜΘΝ
175 4421 318 4482 occasione
329 4421 397 4482 data
411 4423 448 4483 de
461 4425 517 4482 boc
525 4423 663 4500 mysterio
673 4421 839 4498 loquuntur.
881 4419 903 4478 J
905 4437 950 4476 am
961 4418 986 4476 si
996 4417 1054 4476 illis
1067 4417 1150 4476 licuit
1164 4415 1276 4495 docere,

90 4496 133 4540 cur
143 4507 195 4551 non
207 4500 289 4560 nobis
302 4501 438 4562 discere?
479 4503 538 4562 Cur
551 4503 667 4568 doceret
683 4502 763 4560 Deus
775 4500 856 4578 quod
871 4497 969 4579 ἅῤῥυοι
983 4497 1076 4557 fuerat
1089 4495 1207 4572 ἔμιιιοιῖ
1227 4505 1278 4574 aut

92 4576 135 4618 ⁰¹¹1
146 4587 176 4627 ⁸⁸
187 4577 275 4640 voluit
288 4581 412 4658 vulgari,
427 4602 493 4659 quse
506 4582 611 4642 melius
625 4582 816 4642 nesciuntur?
857 4581 907 4640 An
921 4577 1122 4657 prudentiores
1137 4578 1200 4638 Deo
1214 4597 1277 4654 esse

93 4640 218 4730 mimus,
232 4659 277 4718 vel
291 4661 373 4737 leges
386 4662 430 4720 illi
444 4661 652 4739 praescribere?
1267 4663 1278 4678 ''
