<?xml version="1.0" encoding="UTF-8"?>
<!DOCTYPE html PUBLIC "-//W3C//DTD XHTML 1.0 Transitional//EN"
    "http://www.w3.org/TR/xhtml1/DTD/xhtml1-transitional.dtd">
<html xmlns="http://www.w3.org/1999/xhtml" xml:lang="en" lang="en">
 <head>
  <title>
</title>
<meta http-equiv="Content-Type" content="text/html;charset=utf-8" />
  <meta name='ocr-system' content='tesseract 3.04.00' />
  <meta name='ocr-capabilities' content='ocr_page ocr_carea ocr_par ocr_line ocrx_word'/>
</head>
<body>
  <div class='ocr_page' id='page_1' title='image "./lta-2000/francisciturret01pictgoog/francisciturret01pictgoog_0460.png"; bbox 0 0 3158 5180; ppageno 0'>
   <div class='ocr_carea' id='block_1_1' title="bbox 92 332 1307 413">
    <p class='ocr_par' dir='ltr' id='par_1_1' title="bbox 92 332 1307 413">
     <span class='ocr_line' id='line_1_1' title="bbox 92 332 1307 413; baseline 0.003 -18"><span class='ocrx_word' id='word_1_1' title='bbox 92 354 215 404; x_wconf 68' lang='lat' dir='ltr'>eumer.</span> <span class='ocrx_word' id='word_1_2' title='bbox 231 332 300 413; x_wconf 82' lang='lat' dir='ltr'>vrn]</span> <span class='ocrx_word' id='word_1_3' title='bbox 599 351 638 390; x_wconf 85' lang='lat' dir='ltr'>oa</span> <span class='ocrx_word' id='word_1_4' title='bbox 653 349 830 394; x_wconf 81' lang='lat' dir='ltr'>causrroua.</span> <span class='ocrx_word' id='word_1_5' title='bbox 1249 341 1307 400; x_wconf 82' lang='lat'>405</span> 
     </span>
    </p>
   </div>
   <div class='ocr_carea' id='block_1_2' title="bbox 8 491 1347 3188">
    <p class='ocr_par' dir='ltr' id='par_1_2' title="bbox 88 491 1306 652">
     <span class='ocr_line' id='line_1_2' title="bbox 89 491 1306 572; baseline 0.003 -18"><span class='ocrx_word' id='word_1_6' title='bbox 89 494 189 554; x_wconf 84' lang='lat' dir='ltr'>totius</span> <span class='ocrx_word' id='word_1_7' title='bbox 202 493 329 568; x_wconf 82' lang='lat' dir='ltr'>alicujus</span> <span class='ocrx_word' id='word_1_8' title='bbox 342 491 432 568; x_wconf 89' lang='lat' dir='ltr'>urbis,</span> <span class='ocrx_word' id='word_1_9' title='bbox 447 491 581 569; x_wconf 75' lang='lat' dir='ltr'>regionis,</span> <span class='ocrx_word' id='word_1_10' title='bbox 598 501 627 552; x_wconf 92' lang='lat' dir='ltr'>et</span> <span class='ocrx_word' id='word_1_11' title='bbox 646 493 728 570; x_wconf 90' lang='lat' dir='ltr'>regni</span> <span class='ocrx_word' id='word_1_12' title='bbox 748 493 816 570; x_wconf 86' lang='lat' dir='ltr'>fata,</span> <span class='ocrx_word' id='word_1_13' title='bbox 832 514 897 572; x_wconf 84' lang='lat' dir='ltr'>quae</span> <span class='ocrx_word' id='word_1_14' title='bbox 911 515 948 554; x_wconf 87' lang='lat' dir='ltr'>ex</span> <span class='ocrx_word' id='word_1_15' title='bbox 962 501 1006 555; x_wconf 91' lang='lat' dir='ltr'>tot</span> <span class='ocrx_word' id='word_1_16' title='bbox 1020 516 1114 556; x_wconf 89' lang='lat' dir='ltr'>rerum</span> <span class='ocrx_word' id='word_1_17' title='bbox 1129 505 1158 556; x_wconf 92' lang='lat' dir='ltr'>et</span> <span class='ocrx_word' id='word_1_18' title='bbox 1172 497 1306 558; x_wconf 85' lang='lat' dir='ltr'>oonsilio·</span> 
     </span>
     <span class='ocr_line' id='line_1_3' title="bbox 88 572 1116 652; baseline 0 -18"><span class='ocrx_word' id='word_1_19' title='bbox 88 595 160 634; x_wconf 89' lang='lat' dir='ltr'>rum</span> <span class='ocrx_word' id='word_1_20' title='bbox 176 575 319 651; x_wconf 66' lang='lat' dir='ltr'>wpaeamff</span> <span class='ocrx_word' id='word_1_21' title='bbox 330 573 469 648; x_wconf 90' lang='lat' dir='ltr'>oriuntur,</span> <span class='ocrx_word' id='word_1_22' title='bbox 485 572 630 649; x_wconf 89' lang='lat' dir='ltr'>quomodo</span> <span class='ocrx_word' id='word_1_23' title='bbox 643 593 681 631; x_wconf 85' lang='lat' dir='ltr'>ex</span> <span class='ocrx_word' id='word_1_24' title='bbox 696 574 838 633; x_wconf 76' lang='lat' dir='ltr'>sideribus</span> <span class='ocrx_word' id='word_1_25' title='bbox 851 575 956 633; x_wconf 83' lang='lat' dir='ltr'>deduci</span> <span class='ocrx_word' id='word_1_26' title='bbox 969 579 1116 652; x_wconf 84' lang='lat' dir='ltr'><strong>possunt?</strong></span> 
     </span>
    </p>

    <p class='ocr_par' dir='ltr' id='par_1_3' title="bbox 88 641 1347 1368">
     <span class='ocr_line' id='line_1_4' title="bbox 135 641 1304 732; baseline 0.003 -20"><span class='ocrx_word' id='word_1_27' title='bbox 135 655 200 714; x_wconf 89' lang='lat' dir='ltr'>IX.</span> <span class='ocrx_word' id='word_1_28' title='bbox 218 659 252 724; x_wconf 55' lang='grc'>,6.</span> <span class='ocrx_word' id='word_1_29' title='bbox 277 641 308 712; x_wconf 88' lang='lat' dir='ltr'>Si</span> <span class='ocrx_word' id='word_1_30' title='bbox 331 654 462 711; x_wconf 89' lang='lat' dir='ltr'>Eventus</span> <span class='ocrx_word' id='word_1_31' title='bbox 483 652 629 711; x_wconf 81' lang='lat' dir='ltr'><strong>naturales</strong></span> <span class='ocrx_word' id='word_1_32' title='bbox 649 653 767 729; x_wconf 88' lang='lat' dir='ltr'>plurimi</span> <span class='ocrx_word' id='word_1_33' title='bbox 795 654 911 712; x_wconf 88' lang='lat' dir='ltr'>nonnisi</span> <span class='ocrx_word' id='word_1_34' title='bbox 938 656 1126 732; x_wconf 81' lang='lat' dir='ltr'>probabiliter</span> <span class='ocrx_word' id='word_1_35' title='bbox 1146 675 1184 715; x_wconf 84' lang='lat' dir='ltr'>ex</span> <span class='ocrx_word' id='word_1_36' title='bbox 1205 656 1304 716; x_wconf 85' lang='lat' dir='ltr'>Astris</span> 
     </span>
     <span class='ocr_line' id='line_1_5' title="bbox 89 731 1304 814; baseline 0.002 -22"><span class='ocrx_word' id='word_1_37' title='bbox 89 734 219 812; x_wconf 77' lang='lat' dir='ltr'>praedioi</span> <span class='ocrx_word' id='word_1_38' title='bbox 239 741 370 810; x_wconf 87' lang='lat' dir='ltr'>possunt,</span> <span class='ocrx_word' id='word_1_39' title='bbox 386 739 493 808; x_wconf 88' lang='lat' dir='ltr'>quanto</span> <span class='ocrx_word' id='word_1_40' title='bbox 509 731 605 790; x_wconf 90' lang='lat' dir='ltr'>minus</span> <span class='ocrx_word' id='word_1_41' title='bbox 619 733 754 808; x_wconf 79' lang='lat' dir='ltr'>casualia,</span> <span class='ocrx_word' id='word_1_42' title='bbox 770 733 895 810; x_wconf 87' lang='lat' dir='ltr'>fortuita,</span> <span class='ocrx_word' id='word_1_43' title='bbox 911 735 1075 793; x_wconf 88' lang='lat' dir='ltr'>voluntaria</span> <span class='ocrx_word' id='word_1_44' title='bbox 1089 744 1118 793; x_wconf 92' lang='lat' dir='ltr'>et</span> <span class='ocrx_word' id='word_1_45' title='bbox 1131 735 1223 794; x_wconf 88' lang='lat' dir='ltr'>libera</span> <span class='ocrx_word' id='word_1_46' title='bbox 1236 757 1304 814; x_wconf 86' lang='lat' dir='ltr'>eog-</span> 
     </span>
     <span class='ocr_line' id='line_1_6' title="bbox 90 811 1347 893; baseline 0.004 -23"><span class='ocrx_word' id='word_1_47' title='bbox 90 813 180 872; x_wconf 85' lang='lat' dir='ltr'>nosei</span> <span class='ocrx_word' id='word_1_48' title='bbox 204 823 234 872; x_wconf 90' lang='lat' dir='ltr'>et</span> <span class='ocrx_word' id='word_1_49' title='bbox 255 811 447 889; x_wconf 87' lang='lat' dir='ltr'>praeuuneiari</span> <span class='ocrx_word' id='word_1_50' title='bbox 470 815 627 888; x_wconf 85' lang='lat' dir='ltr'>poterunt?</span> <span class='ocrx_word' id='word_1_51' title='bbox 655 811 721 870; x_wconf 91' lang='lat' dir='ltr'>Non</span> <span class='ocrx_word' id='word_1_52' title='bbox 745 813 850 890; x_wconf 92' lang='lat' dir='ltr'>poterit</span> <span class='ocrx_word' id='word_1_53' title='bbox 871 813 1047 891; x_wconf 84' lang='lat' dir='ltr'>Astrologus</span> <span class='ocrx_word' id='word_1_54' title='bbox 1070 815 1235 893; x_wconf 82' lang='lat' dir='ltr'>praedicere,</span> <span class='ocrx_word' id='word_1_55' title='bbox 1257 817 1306 875; x_wconf 88' lang='lat' dir='ltr'>vel</span> <span class='ocrx_word' id='word_1_56' title='bbox 1341 811 1347 820; x_wconf 79' lang='grc'><strong>’</strong></span> 
     </span>
     <span class='ocr_line' id='line_1_7' title="bbox 90 890 1304 972; baseline 0.002 -20"><span class='ocrx_word' id='word_1_57' title='bbox 90 902 210 968; x_wconf 83' lang='lat' dir='ltr'>aestum,</span> <span class='ocrx_word' id='word_1_58' title='bbox 227 893 276 950; x_wconf 85' lang='lat' dir='ltr'>vel</span> <span class='ocrx_word' id='word_1_59' title='bbox 297 891 427 966; x_wconf 92' lang='lat' dir='ltr'>imbrem,</span> <span class='ocrx_word' id='word_1_60' title='bbox 443 890 493 949; x_wconf 86' lang='lat' dir='ltr'>An</span> <span class='ocrx_word' id='word_1_61' title='bbox 507 891 635 968; x_wconf 83' lang='lat' dir='ltr'>agricola</span> <span class='ocrx_word' id='word_1_62' title='bbox 653 893 844 967; x_wconf 87' lang='lat' dir='ltr'>serenitatem,</span> <span class='ocrx_word' id='word_1_63' title='bbox 860 893 908 952; x_wconf 91' lang='lat' dir='ltr'>val</span> <span class='ocrx_word' id='word_1_64' title='bbox 929 902 1128 971; x_wconf 89' lang='lat' dir='ltr'>tempestatem</span> <span class='ocrx_word' id='word_1_65' title='bbox 1149 915 1226 954; x_wconf 89' lang='lat' dir='ltr'>nune</span> <span class='ocrx_word' id='word_1_66' title='bbox 1240 914 1304 972; x_wconf 87' lang='lat' dir='ltr'>spe-</span> 
     </span>
     <span class='ocr_line' id='line_1_8' title="bbox 90 969 1305 1051; baseline 0.002 -20"><span class='ocrx_word' id='word_1_67' title='bbox 90 993 161 1031; x_wconf 81' lang='lat' dir='ltr'>rare</span> <span class='ocrx_word' id='word_1_68' title='bbox 177 972 291 1047; x_wconf 87' lang='lat' dir='ltr'>debeat,</span> <span class='ocrx_word' id='word_1_69' title='bbox 308 979 337 1029; x_wconf 91' lang='lat' dir='ltr'>et</span> <span class='ocrx_word' id='word_1_70' title='bbox 351 970 468 1046; x_wconf 74' lang='lat' dir='ltr'>timere,</span> <span class='ocrx_word' id='word_1_71' title='bbox 491 969 531 1028; x_wconf 87' lang='lat' dir='ltr'>Et</span> <span class='ocrx_word' id='word_1_72' title='bbox 550 970 656 1046; x_wconf 88' lang='lat' dir='ltr'>poterit</span> <span class='ocrx_word' id='word_1_73' title='bbox 672 980 849 1050; x_wconf 83' lang='lat' dir='ltr'>compertum</span> <span class='ocrx_word' id='word_1_74' title='bbox 870 973 984 1048; x_wconf 87' lang='lat' dir='ltr'>habere,</span> <span class='ocrx_word' id='word_1_75' title='bbox 1000 993 1085 1050; x_wconf 88' lang='lat' dir='ltr'>quem</span> <span class='ocrx_word' id='word_1_76' title='bbox 1100 975 1222 1051; x_wconf 90' lang='lat' dir='ltr'>quisque</span> <span class='ocrx_word' id='word_1_77' title='bbox 1236 976 1305 1034; x_wconf 74' lang='lat' dir='ltr'>vitae</span> 
     </span>
     <span class='ocr_line' id='line_1_9' title="bbox 90 1049 1305 1126; baseline 0.004 -17"><span class='ocrx_word' id='word_1_78' title='bbox 90 1052 211 1110; x_wconf 80' lang='lat' dir='ltr'>exitum</span> <span class='ocrx_word' id='word_1_79' title='bbox 231 1051 269 1110; x_wconf 87' lang='lat' dir='ltr'>sit</span> <span class='ocrx_word' id='word_1_80' title='bbox 288 1050 449 1126; x_wconf 86' lang='lat' dir='ltr'>habiturus,</span> <span class='ocrx_word' id='word_1_81' title='bbox 464 1049 513 1107; x_wconf 90' lang='lat' dir='ltr'>vel</span> <span class='ocrx_word' id='word_1_82' title='bbox 533 1049 604 1126; x_wconf 88' lang='lat' dir='ltr'>quid</span> <span class='ocrx_word' id='word_1_83' title='bbox 625 1051 738 1109; x_wconf 83' lang='lat' dir='ltr'>consilii</span> <span class='ocrx_word' id='word_1_84' title='bbox 758 1051 889 1110; x_wconf 89' lang='lat' dir='ltr'>homines</span> <span class='ocrx_word' id='word_1_85' title='bbox 910 1052 940 1110; x_wconf 93' lang='lat' dir='ltr'>in</span> <span class='ocrx_word' id='word_1_86' title='bbox 960 1052 1015 1111; x_wconf 93' lang='lat' dir='ltr'>hoe</span> <span class='ocrx_word' id='word_1_87' title='bbox 1029 1053 1078 1111; x_wconf 85' lang='lat' dir='ltr'>vel</span> <span class='ocrx_word' id='word_1_88' title='bbox 1098 1053 1148 1111; x_wconf 92' lang='lat' dir='ltr'>illo</span> <span class='ocrx_word' id='word_1_89' title='bbox 1163 1073 1233 1113; x_wconf 85' lang='lat' dir='ltr'>casu</span> <span class='ocrx_word' id='word_1_90' title='bbox 1247 1054 1305 1114; x_wconf 89' lang='lat' dir='ltr'>sint</span> 
     </span>
     <span class='ocr_line' id='line_1_10' title="bbox 90 1129 1302 1209; baseline 0.003 -19"><span class='ocrx_word' id='word_1_91' title='bbox 90 1131 220 1209; x_wconf 81' lang='lat' dir='ltr'>capturi,</span> <span class='ocrx_word' id='word_1_92' title='bbox 240 1130 288 1188; x_wconf 89' lang='lat' dir='ltr'>vel</span> <span class='ocrx_word' id='word_1_93' title='bbox 311 1149 368 1206; x_wconf 91' lang='lat' dir='ltr'>quo</span> <span class='ocrx_word' id='word_1_94' title='bbox 389 1129 489 1188; x_wconf 88' lang='lat' dir='ltr'>mortis</span> <span class='ocrx_word' id='word_1_95' title='bbox 511 1148 616 1205; x_wconf 89' lang='lat' dir='ltr'>genere</span> <span class='ocrx_word' id='word_1_96' title='bbox 638 1129 696 1188; x_wconf 90' lang='lat' dir='ltr'>sint</span> <span class='ocrx_word' id='word_1_97' title='bbox 718 1131 847 1189; x_wconf 79' lang='lat' dir='ltr'>obituri?</span> <span class='ocrx_word' id='word_1_98' title='bbox 870 1131 917 1190; x_wconf 85' lang='lat' dir='ltr'>vel</span> <span class='ocrx_word' id='word_1_99' title='bbox 938 1131 1017 1208; x_wconf 92' lang='lat' dir='ltr'>quod</span> <span class='ocrx_word' id='word_1_100' title='bbox 1040 1133 1127 1209; x_wconf 89' lang='lat' dir='ltr'>longe</span> <span class='ocrx_word' id='word_1_101' title='bbox 1148 1132 1302 1208; x_wconf 84' lang='lat' dir='ltr'>difficilius,</span> 
     </span>
     <span class='ocr_line' id='line_1_11' title="bbox 88 1207 1305 1290; baseline 0.002 -20"><span class='ocrx_word' id='word_1_102' title='bbox 88 1231 185 1287; x_wconf 87' lang='lat' dir='ltr'>quam</span> <span class='ocrx_word' id='word_1_103' title='bbox 200 1211 323 1287; x_wconf 90' lang='lat' dir='ltr'>quisque</span> <span class='ocrx_word' id='word_1_104' title='bbox 345 1209 468 1286; x_wconf 85' lang='lat' dir='ltr'>gratiam</span> <span class='ocrx_word' id='word_1_105' title='bbox 481 1207 519 1265; x_wconf 91' lang='lat' dir='ltr'>ad</span> <span class='ocrx_word' id='word_1_106' title='bbox 540 1209 584 1268; x_wconf 91' lang='lat' dir='ltr'>sui</span> <span class='ocrx_word' id='word_1_107' title='bbox 605 1209 822 1268; x_wconf 81' lang='lat' dir='ltr'>conversionem</span> <span class='ocrx_word' id='word_1_108' title='bbox 843 1210 929 1268; x_wconf 87' lang='lat' dir='ltr'>homo</span> <span class='ocrx_word' id='word_1_109' title='bbox 944 1211 982 1269; x_wconf 87' lang='lat' dir='ltr'>sit</span> <span class='ocrx_word' id='word_1_110' title='bbox 995 1219 1210 1289; x_wconf 86' lang='lat' dir='ltr'>consecuturus,</span> <span class='ocrx_word' id='word_1_111' title='bbox 1226 1212 1305 1290; x_wconf 88' lang='lat' dir='ltr'>quod</span> 
     </span>
     <span class='ocr_line' id='line_1_12' title="bbox 90 1287 1224 1368; baseline 0.002 -20"><span class='ocrx_word' id='word_1_112' title='bbox 90 1311 131 1348; x_wconf 81' lang='lat' dir='ltr'>arr</span> <span class='ocrx_word' id='word_1_113' title='bbox 147 1289 214 1348; x_wconf 90' lang='lat' dir='ltr'>sola</span> <span class='ocrx_word' id='word_1_114' title='bbox 230 1289 355 1367; x_wconf 86' lang='lat' dir='ltr'>Spiritus</span> <span class='ocrx_word' id='word_1_115' title='bbox 371 1288 407 1346; x_wconf 51' lang='lat' dir='ltr'>Se</span> <span class='ocrx_word' id='word_1_116' title='bbox 416 1287 516 1364; x_wconf 86' lang='lat' dir='ltr'>gratia,</span> <span class='ocrx_word' id='word_1_117' title='bbox 533 1296 562 1346; x_wconf 91' lang='lat' dir='ltr'>et</span> <span class='ocrx_word' id='word_1_118' title='bbox 575 1287 728 1347; x_wconf 85' lang='lat' dir='ltr'>liberrimo&#39;</span> <span class='ocrx_word' id='word_1_119' title='bbox 737 1309 770 1362; x_wconf 78' lang='lat' dir='ltr'>ao</span> <span class='ocrx_word' id='word_1_120' title='bbox 784 1309 889 1348; x_wconf 84' lang='lat' dir='ltr'>areana</span> <span class='ocrx_word' id='word_1_121' title='bbox 898 1290 955 1348; x_wconf 93' lang='lat' dir='ltr'>Dei</span> <span class='ocrx_word' id='word_1_122' title='bbox 969 1289 1084 1350; x_wconf 87' lang='lat' dir='ltr'>decreto</span> <span class='ocrx_word' id='word_1_123' title='bbox 1098 1292 1224 1368; x_wconf 80' lang='lat' dir='ltr'>pendet?</span> 
     </span>
    </p>

    <p class='ocr_par' dir='ltr' id='par_1_4' title="bbox 8 1367 1303 3116">
     <span class='ocr_line' id='line_1_13' title="bbox 134 1367 1303 1451; baseline 0.003 -24"><span class='ocrx_word' id='word_1_124' title='bbox 134 1369 182 1427; x_wconf 86' lang='lat' dir='ltr'>X.</span> <span class='ocrx_word' id='word_1_125' title='bbox 206 1369 348 1445; x_wconf 89' lang='lat' dir='ltr'>Denique,</span> <span class='ocrx_word' id='word_1_126' title='bbox 364 1375 397 1426; x_wconf 94' lang='lat' dir='ltr'>ut</span> <span class='ocrx_word' id='word_1_127' title='bbox 410 1367 467 1424; x_wconf 91' lang='lat' dir='ltr'>alia</span> <span class='ocrx_word' id='word_1_128' title='bbox 480 1367 571 1426; x_wconf 83' lang='lat' dir='ltr'>multa</span> <span class='ocrx_word' id='word_1_129' title='bbox 585 1387 661 1426; x_wconf 84' lang='lat' dir='ltr'>uuna</span> <span class='ocrx_word' id='word_1_130' title='bbox 675 1367 830 1446; x_wconf 82' lang='lat' dir='ltr'>mittamus,</span> <span class='ocrx_word' id='word_1_131' title='bbox 846 1368 997 1428; x_wconf 87' lang='lat' dir='ltr'>temeraria</span> <span class='ocrx_word' id='word_1_132' title='bbox 1016 1379 1045 1429; x_wconf 93' lang='lat' dir='ltr'>et</span> <span class='ocrx_word' id='word_1_133' title='bbox 1065 1371 1153 1448; x_wconf 88' lang='lat' dir='ltr'>impia</span> <span class='ocrx_word' id='word_1_134' title='bbox 1173 1391 1231 1430; x_wconf 94' lang='lat' dir='ltr'>non</span> <span class='ocrx_word' id='word_1_135' title='bbox 1252 1393 1303 1451; x_wconf 94' lang='lat' dir='ltr'>po·</span> 
     </span>
     <span class='ocr_line' id='line_1_14' title="bbox 90 1446 1302 1528; baseline 0.003 -22"><span class='ocrx_word' id='word_1_136' title='bbox 90 1457 154 1507; x_wconf 87' lang='lat' dir='ltr'>test</span> <span class='ocrx_word' id='word_1_137' title='bbox 169 1469 229 1506; x_wconf 90' lang='lat' dir='ltr'>non</span> <span class='ocrx_word' id='word_1_138' title='bbox 242 1467 306 1507; x_wconf 88' lang='lat' dir='ltr'>esse</span> <span class='ocrx_word' id='word_1_139' title='bbox 321 1446 380 1506; x_wconf 83' lang='lat' dir='ltr'>Ars</span> <span class='ocrx_word' id='word_1_140' title='bbox 401 1446 452 1503; x_wconf 93' lang='lat' dir='ltr'>illa</span> <span class='ocrx_word' id='word_1_141' title='bbox 467 1446 681 1524; x_wconf 78' lang='lat' dir='ltr'>praestigiatrix,</span> <span class='ocrx_word' id='word_1_142' title='bbox 698 1468 762 1525; x_wconf 82' lang='lat' dir='ltr'>quae</span> <span class='ocrx_word' id='word_1_143' title='bbox 776 1449 806 1506; x_wconf 90' lang='lat' dir='ltr'>in</span> <span class='ocrx_word' id='word_1_144' title='bbox 820 1469 924 1507; x_wconf 77' lang='lat' dir='ltr'>aream</span> <span class='ocrx_word' id='word_1_145' title='bbox 938 1449 995 1507; x_wconf 91' lang='lat' dir='ltr'>Dei</span> <span class='ocrx_word' id='word_1_146' title='bbox 1015 1449 1173 1527; x_wconf 76' lang='lat' dir='ltr'>irrumpere</span> <span class='ocrx_word' id='word_1_147' title='bbox 1187 1453 1302 1528; x_wconf 80' lang='lat' dir='ltr'>satagit,</span> 
     </span>
     <span class='ocr_line' id='line_1_15' title="bbox 88 1525 1302 1605; baseline 0.004 -20"><span class='ocrx_word' id='word_1_148' title='bbox 88 1537 120 1586; x_wconf 89' lang='lat' dir='ltr'>et</span> <span class='ocrx_word' id='word_1_149' title='bbox 145 1525 274 1586; x_wconf 85' lang='lat' dir='ltr'>nefando</span> <span class='ocrx_word' id='word_1_150' title='bbox 299 1547 373 1586; x_wconf 89' lang='lat' dir='ltr'>ansu</span> <span class='ocrx_word' id='word_1_151' title='bbox 396 1525 493 1584; x_wconf 81' lang='lat' dir='ltr'>futura</span> <span class='ocrx_word' id='word_1_152' title='bbox 517 1526 571 1584; x_wconf 90' lang='lat' dir='ltr'>soli</span> <span class='ocrx_word' id='word_1_153' title='bbox 593 1527 657 1585; x_wconf 91' lang='lat' dir='ltr'>Deo</span> <span class='ocrx_word' id='word_1_154' title='bbox 680 1535 750 1585; x_wconf 89' lang='lat' dir='ltr'>nota</span> <span class='ocrx_word' id='word_1_155' title='bbox 777 1526 896 1587; x_wconf 89' lang='lat' dir='ltr'>definire</span> <span class='ocrx_word' id='word_1_156' title='bbox 920 1529 1087 1605; x_wconf 81' lang='lat' dir='ltr'>praesumit3</span> <span class='ocrx_word' id='word_1_157' title='bbox 1111 1530 1182 1604; x_wconf 77' lang='lat' dir='ltr'>Quae</span> <span class='ocrx_word' id='word_1_158' title='bbox 1203 1531 1302 1590; x_wconf 88' lang='lat' dir='ltr'>Astris</span> 
     </span>
     <span class='ocr_line' id='line_1_16' title="bbox 90 1605 1303 1685; baseline 0.002 -19"><span class='ocrx_word' id='word_1_159' title='bbox 90 1616 185 1685; x_wconf 89' lang='lat' dir='ltr'>atque</span> <span class='ocrx_word' id='word_1_160' title='bbox 207 1607 280 1665; x_wconf 90' lang='lat' dir='ltr'>adeo</span> <span class='ocrx_word' id='word_1_161' title='bbox 303 1605 360 1682; x_wconf 91' lang='lat' dir='ltr'>ipsi</span> <span class='ocrx_word' id='word_1_162' title='bbox 373 1605 527 1664; x_wconf 90' lang='lat' dir='ltr'>Astrorum</span> <span class='ocrx_word' id='word_1_163' title='bbox 549 1605 678 1664; x_wconf 83' lang='lat' dir='ltr'>Creatori</span> <span class='ocrx_word' id='word_1_164' title='bbox 698 1615 881 1683; x_wconf 79' lang='lat' dir='ltr'>peecatorum</span> <span class='ocrx_word' id='word_1_165' title='bbox 900 1616 930 1666; x_wconf 89' lang='lat' dir='ltr'>et</span> <span class='ocrx_word' id='word_1_166' title='bbox 948 1607 1088 1667; x_wconf 85' lang='lat' dir='ltr'>scelerum</span> <span class='ocrx_word' id='word_1_167' title='bbox 1109 1627 1211 1668; x_wconf 88' lang='lat' dir='ltr'>eausas</span> <span class='ocrx_word' id='word_1_168' title='bbox 1225 1617 1303 1668; x_wconf 87' lang='lat' dir='ltr'>tran·</span> 
     </span>
     <span class='ocr_line' id='line_1_17' title="bbox 90 1684 1301 1766; baseline 0.003 -22"><span class='ocrx_word' id='word_1_169' title='bbox 90 1687 207 1761; x_wconf 82' lang='lat' dir='ltr'>scribit,</span> <span class='ocrx_word' id='word_1_170' title='bbox 223 1695 255 1744; x_wconf 84' lang='lat' dir='ltr'>ut</span> <span class='ocrx_word' id='word_1_171' title='bbox 268 1685 400 1743; x_wconf 90' lang='lat' dir='ltr'>homines</span> <span class='ocrx_word' id='word_1_172' title='bbox 414 1684 547 1743; x_wconf 87' lang='lat' dir='ltr'>desinant</span> <span class='ocrx_word' id='word_1_173' title='bbox 561 1685 671 1762; x_wconf 87' lang='lat' dir='ltr'>seipsos</span> <span class='ocrx_word' id='word_1_174' title='bbox 682 1696 829 1761; x_wconf 84' lang='lat' dir='ltr'>excutere,</span> <span class='ocrx_word' id='word_1_175' title='bbox 842 1695 871 1745; x_wconf 92' lang='lat' dir='ltr'>et</span> <span class='ocrx_word' id='word_1_176' title='bbox 881 1706 998 1745; x_wconf 88' lang='lat' dir='ltr'>eausam</span> <span class='ocrx_word' id='word_1_177' title='bbox 1012 1689 1153 1747; x_wconf 88' lang='lat' dir='ltr'>malorum</span> <span class='ocrx_word' id='word_1_178' title='bbox 1163 1690 1301 1766; x_wconf 88' lang='lat' dir='ltr'>omnium,</span> 
     </span>
     <span class='ocr_line' id='line_1_18' title="bbox 90 1763 1301 1842; baseline 0.002 -18"><span class='ocrx_word' id='word_1_179' title='bbox 90 1786 163 1842; x_wconf 84' lang='lat' dir='ltr'>quaa</span> <span class='ocrx_word' id='word_1_180' title='bbox 183 1765 301 1840; x_wconf 79' lang='lat' dir='ltr'>laniunt,</span> <span class='ocrx_word' id='word_1_181' title='bbox 317 1764 366 1823; x_wconf 90' lang='lat' dir='ltr'>vel</span> <span class='ocrx_word' id='word_1_182' title='bbox 386 1763 542 1840; x_wconf 90' lang='lat' dir='ltr'>patiuntur,</span> <span class='ocrx_word' id='word_1_183' title='bbox 558 1782 616 1822; x_wconf 91' lang='lat' dir='ltr'>non</span> <span class='ocrx_word' id='word_1_184' title='bbox 631 1765 695 1840; x_wconf 83' lang='lat' dir='ltr'>sibi,</span> <span class='ocrx_word' id='word_1_185' title='bbox 710 1773 744 1824; x_wconf 92' lang='lat' dir='ltr'>ut</span> <span class='ocrx_word' id='word_1_186' title='bbox 757 1773 899 1842; x_wconf 86' lang='lat' dir='ltr'>tenentur,</span> <span class='ocrx_word' id='word_1_187' title='bbox 915 1766 967 1824; x_wconf 92' lang='lat' dir='ltr'>sed</span> <span class='ocrx_word' id='word_1_188' title='bbox 981 1765 1087 1842; x_wconf 84' lang='lat' dir='ltr'>Astris,</span> <span class='ocrx_word' id='word_1_189' title='bbox 1102 1769 1152 1826; x_wconf 91' lang='lat' dir='ltr'>vel</span> <span class='ocrx_word' id='word_1_190' title='bbox 1173 1769 1237 1827; x_wconf 92' lang='lat' dir='ltr'>Deo</span> <span class='ocrx_word' id='word_1_191' title='bbox 1251 1769 1301 1826; x_wconf 89' lang='lat' dir='ltr'>ad·</span> 
     </span>
     <span class='ocr_line' id='line_1_19' title="bbox 91 1843 1302 1924; baseline 0.002 -20"><span class='ocrx_word' id='word_1_192' title='bbox 91 1845 243 1921; x_wconf 85' lang='lat' dir='ltr'>seribant;</span> <span class='ocrx_word' id='word_1_193' title='bbox 266 1845 337 1919; x_wconf 80' lang='lat' dir='ltr'>Quae</span> <span class='ocrx_word' id='word_1_194' title='bbox 357 1843 503 1902; x_wconf 87' lang='lat' dir='ltr'>homiuem</span> <span class='ocrx_word' id='word_1_195' title='bbox 523 1843 617 1919; x_wconf 88' lang='lat' dir='ltr'>magis</span> <span class='ocrx_word' id='word_1_196' title='bbox 638 1843 676 1901; x_wconf 89' lang='lat' dir='ltr'>ad</span> <span class='ocrx_word' id='word_1_197' title='bbox 696 1852 838 1902; x_wconf 84' lang='lat' dir='ltr'>astrorum</span> <span class='ocrx_word' id='word_1_198' title='bbox 858 1844 1138 1922; x_wconf 82' lang='lat' dir='ltr'>contemplationem,</span> <span class='ocrx_word' id='word_1_199' title='bbox 1153 1867 1240 1924; x_wconf 88' lang='lat' dir='ltr'>quam</span> <span class='ocrx_word' id='word_1_200' title='bbox 1264 1846 1302 1906; x_wconf 88' lang='lat' dir='ltr'>ad</span> 
     </span>
     <span class='ocr_line' id='line_1_20' title="bbox 91 1921 1302 1999; baseline 0.002 -15"><span class='ocrx_word' id='word_1_201' title='bbox 91 1925 242 1984; x_wconf 89' lang='lat' dir='ltr'>Creatoris</span> <span class='ocrx_word' id='word_1_202' title='bbox 265 1933 408 1984; x_wconf 87' lang='lat' dir='ltr'>astrorum</span> <span class='ocrx_word' id='word_1_203' title='bbox 428 1921 642 1981; x_wconf 86' lang='lat' dir='ltr'>venerationem</span> <span class='ocrx_word' id='word_1_204' title='bbox 671 1930 699 1981; x_wconf 92' lang='lat' dir='ltr'>at</span> <span class='ocrx_word' id='word_1_205' title='bbox 723 1923 833 1981; x_wconf 84' lang='lat' dir='ltr'>cultum</span> <span class='ocrx_word' id='word_1_206' title='bbox 855 1923 972 1999; x_wconf 88' lang='lat' dir='ltr'>alligat;</span> <span class='ocrx_word' id='word_1_207' title='bbox 1001 1924 1071 1997; x_wconf 80' lang='lat' dir='ltr'>Quae</span> <span class='ocrx_word' id='word_1_208' title='bbox 1095 1927 1144 1982; x_wconf 89' lang='lat' dir='ltr'>vel</span> <span class='ocrx_word' id='word_1_209' title='bbox 1167 1926 1302 1985; x_wconf 89' lang='lat' dir='ltr'>inanibus</span> 
     </span>
     <span class='ocr_line' id='line_1_21' title="bbox 90 2000 1302 2079; baseline 0.001 -18"><span class='ocrx_word' id='word_1_210' title='bbox 90 2004 186 2062; x_wconf 91' lang='lat' dir='ltr'>minis</span> <span class='ocrx_word' id='word_1_211' title='bbox 200 2003 327 2061; x_wconf 90' lang='lat' dir='ltr'>homines</span> <span class='ocrx_word' id='word_1_212' title='bbox 341 2009 463 2079; x_wconf 88' lang='lat' dir='ltr'>torquet,</span> <span class='ocrx_word' id='word_1_213' title='bbox 479 2002 528 2060; x_wconf 89' lang='lat' dir='ltr'>vel</span> <span class='ocrx_word' id='word_1_214' title='bbox 542 2021 617 2059; x_wconf 91' lang='lat' dir='ltr'>vana</span> <span class='ocrx_word' id='word_1_215' title='bbox 631 2021 682 2078; x_wconf 91' lang='lat' dir='ltr'>spe</span> <span class='ocrx_word' id='word_1_216' title='bbox 697 2000 877 2060; x_wconf 85' lang='lat' dir='ltr'>credulorum</span> <span class='ocrx_word' id='word_1_217' title='bbox 891 2003 1003 2060; x_wconf 87' lang='lat' dir='ltr'>animos</span> <span class='ocrx_word' id='word_1_218' title='bbox 1016 2003 1125 2079; x_wconf 89' lang='lat' dir='ltr'>implet,</span> <span class='ocrx_word' id='word_1_219' title='bbox 1141 2012 1171 2063; x_wconf 89' lang='lat' dir='ltr'>at</span> <span class='ocrx_word' id='word_1_220' title='bbox 1183 2005 1302 2063; x_wconf 89' lang='lat' dir='ltr'>fibulam</span> 
     </span>
     <span class='ocr_line' id='line_1_22' title="bbox 89 2080 1303 2159; baseline 0 -17"><span class='ocrx_word' id='word_1_221' title='bbox 89 2083 178 2142; x_wconf 86' lang='lat' dir='ltr'>laxat</span> <span class='ocrx_word' id='word_1_222' title='bbox 192 2083 346 2158; x_wconf 82' lang='lat' dir='ltr'>securitati,</span> <span class='ocrx_word' id='word_1_223' title='bbox 363 2091 392 2140; x_wconf 88' lang='lat' dir='ltr'>et</span> <span class='ocrx_word' id='word_1_224' title='bbox 411 2082 546 2158; x_wconf 82' lang='lat' dir='ltr'>projeetae</span> <span class='ocrx_word' id='word_1_225' title='bbox 568 2080 605 2139; x_wconf 88' lang='lat' dir='ltr'>ad</span> <span class='ocrx_word' id='word_1_226' title='bbox 626 2101 710 2140; x_wconf 90' lang='lat' dir='ltr'>omne</span> <span class='ocrx_word' id='word_1_227' title='bbox 733 2081 827 2139; x_wconf 83' lang='lat' dir='ltr'>scelus</span> <span class='ocrx_word' id='word_1_228' title='bbox 849 2081 976 2140; x_wconf 80' lang='lat' dir='ltr'>audaciae</span> <span class='ocrx_word' id='word_1_229' title='bbox 998 2082 1076 2159; x_wconf 89' lang='lat' dir='ltr'>apud</span> <span class='ocrx_word' id='word_1_230' title='bbox 1097 2083 1173 2158; x_wconf 92' lang='lat' dir='ltr'>illos,</span> <span class='ocrx_word' id='word_1_231' title='bbox 1196 2083 1303 2158; x_wconf 91' lang='lat' dir='ltr'>quibus</span> 
     </span>
     <span class='ocr_line' id='line_1_23' title="bbox 89 2159 1300 2240; baseline 0 -20"><span class='ocrx_word' id='word_1_232' title='bbox 89 2164 187 2222; x_wconf 86' lang='lat' dir='ltr'>vitam</span> <span class='ocrx_word' id='word_1_233' title='bbox 209 2163 373 2240; x_wconf 82' lang='lat' dir='ltr'>longaevam</span> <span class='ocrx_word' id='word_1_234' title='bbox 394 2161 546 2238; x_wconf 89' lang='lat' dir='ltr'>pollieetur</span> <span class='ocrx_word' id='word_1_235' title='bbox 559 2159 783 2236; x_wconf 85' lang='lat' dir='ltr'>Astrologorum</span> <span class='ocrx_word' id='word_1_236' title='bbox 805 2162 951 2220; x_wconf 87' lang='lat' dir='ltr'>temeritas</span> <span class='ocrx_word' id='word_1_237' title='bbox 963 2184 974 2237; x_wconf 63' lang='lat'>3,</span> <span class='ocrx_word' id='word_1_238' title='bbox 993 2161 1064 2236; x_wconf 87' lang='lat' dir='ltr'>Quae</span> <span class='ocrx_word' id='word_1_239' title='bbox 1085 2168 1114 2220; x_wconf 88' lang='lat' dir='ltr'>et</span> <span class='ocrx_word' id='word_1_240' title='bbox 1137 2161 1300 2239; x_wconf 82' lang='lat' dir='ltr'>Scripturas,</span> 
     </span>
     <span class='ocr_line' id='line_1_24' title="bbox 90 2240 1301 2317; baseline 0 -17"><span class='ocrx_word' id='word_1_241' title='bbox 90 2253 122 2302; x_wconf 89' lang='lat' dir='ltr'>et</span> <span class='ocrx_word' id='word_1_242' title='bbox 137 2251 224 2302; x_wconf 76' lang='lat' dir='ltr'>reeta</span> <span class='ocrx_word' id='word_1_243' title='bbox 237 2242 343 2301; x_wconf 90' lang='lat' dir='ltr'>rationi</span> <span class='ocrx_word' id='word_1_244' title='bbox 356 2240 534 2304; x_wconf 86' lang='lat' dir='ltr'>adversatur,</span> <span class='ocrx_word' id='word_1_245' title='bbox 549 2247 579 2298; x_wconf 90' lang='lat' dir='ltr'>et</span> <span class='ocrx_word' id='word_1_246' title='bbox 592 2260 669 2298; x_wconf 82' lang='lat' dir='ltr'>varae</span> <span class='ocrx_word' id='word_1_247' title='bbox 683 2241 791 2316; x_wconf 92' lang='lat' dir='ltr'>pietati,</span> <span class='ocrx_word' id='word_1_248' title='bbox 807 2259 841 2299; x_wconf 88' lang='lat' dir='ltr'>aa</span> <span class='ocrx_word' id='word_1_249' title='bbox 855 2240 978 2317; x_wconf 82' lang='lat' dir='ltr'>publicae</span> <span class='ocrx_word' id='word_1_250' title='bbox 993 2241 1193 2317; x_wconf 77' lang='lat' dir='ltr'>tranquillitati</span> <span class='ocrx_word' id='word_1_251' title='bbox 1214 2242 1301 2300; x_wconf 91' lang='lat' dir='ltr'>inter·</span> 
     </span>
     <span class='ocr_line' id='line_1_25' title="bbox 90 2319 1301 2399; baseline 0 -19"><span class='ocrx_word' id='word_1_252' title='bbox 90 2321 181 2380; x_wconf 86' lang='lat' dir='ltr'>eadit.</span> <span class='ocrx_word' id='word_1_253' title='bbox 224 2321 311 2382; x_wconf 89' lang='lat' dir='ltr'>Unde</span> <span class='ocrx_word' id='word_1_254' title='bbox 331 2341 390 2379; x_wconf 90' lang='lat' dir='ltr'>non</span> <span class='ocrx_word' id='word_1_255' title='bbox 411 2320 500 2379; x_wconf 90' lang='lat' dir='ltr'>semel</span> <span class='ocrx_word' id='word_1_256' title='bbox 520 2319 635 2396; x_wconf 91' lang='lat' dir='ltr'>legibus</span> <span class='ocrx_word' id='word_1_257' title='bbox 659 2320 792 2378; x_wconf 89' lang='lat' dir='ltr'>humanis</span> <span class='ocrx_word' id='word_1_258' title='bbox 817 2319 1026 2396; x_wconf 87' lang='lat' dir='ltr'>Imperatorum</span> <span class='ocrx_word' id='word_1_259' title='bbox 1047 2321 1208 2398; x_wconf 78' lang='lat' dir='ltr'>proscripta</span> <span class='ocrx_word' id='word_1_260' title='bbox 1229 2320 1301 2399; x_wconf 79' lang='lat' dir='ltr'>fuit3</span> 
     </span>
     <span class='ocr_line' id='line_1_26' title="bbox 89 2399 1302 2478; baseline 0 -18"><span class='ocrx_word' id='word_1_261' title='bbox 89 2401 251 2478; x_wconf 86' lang='lat' dir='ltr'>Augustus</span> <span class='ocrx_word' id='word_1_262' title='bbox 275 2400 449 2477; x_wconf 83' lang='lat' dir='ltr'>Astrologos</span> <span class='ocrx_word' id='word_1_263' title='bbox 473 2399 562 2474; x_wconf 84' lang='lat' dir='ltr'>Urbe,</span> <span class='ocrx_word' id='word_1_264' title='bbox 584 2399 717 2458; x_wconf 88' lang='lat' dir='ltr'>Tiberius</span> <span class='ocrx_word' id='word_1_265' title='bbox 745 2407 774 2458; x_wconf 92' lang='lat' dir='ltr'>et</span> <span class='ocrx_word' id='word_1_266' title='bbox 794 2399 931 2458; x_wconf 81' lang='lat' dir='ltr'>Claudius</span> <span class='ocrx_word' id='word_1_267' title='bbox 953 2400 1048 2474; x_wconf 84' lang='lat' dir='ltr'>Italia,</span> <span class='ocrx_word' id='word_1_268' title='bbox 1064 2399 1201 2459; x_wconf 86' lang='lat' dir='ltr'>Vitellius</span> <span class='ocrx_word' id='word_1_269' title='bbox 1225 2400 1302 2460; x_wconf 91' lang='lat' dir='ltr'>Orbe</span> 
     </span>
     <span class='ocr_line' id='line_1_27' title="bbox 88 2478 1302 2558; baseline -0.001 -18"><span class='ocrx_word' id='word_1_270' title='bbox 88 2490 121 2540; x_wconf 89' lang='lat' dir='ltr'>et</span> <span class='ocrx_word' id='word_1_271' title='bbox 137 2482 209 2558; x_wconf 86' lang='lat' dir='ltr'>vita,</span> <span class='ocrx_word' id='word_1_272' title='bbox 225 2481 320 2558; x_wconf 82' lang='lat' dir='ltr'>ejecit,</span> <span class='ocrx_word' id='word_1_273' title='bbox 341 2487 479 2556; x_wconf 83' lang='lat' dir='ltr'>tanquam</span> <span class='ocrx_word' id='word_1_274' title='bbox 500 2478 648 2536; x_wconf 90' lang='lat' dir='ltr'>hominnm</span> <span class='ocrx_word' id='word_1_275' title='bbox 671 2499 764 2556; x_wconf 86' lang='lat' dir='ltr'>genus</span> <span class='ocrx_word' id='word_1_276' title='bbox 785 2480 951 2556; x_wconf 88' lang='lat' dir='ltr'>potantibus</span> <span class='ocrx_word' id='word_1_277' title='bbox 973 2479 1104 2555; x_wconf 88' lang='lat' dir='ltr'>infidum,</span> <span class='ocrx_word' id='word_1_278' title='bbox 1119 2480 1302 2558; x_wconf 82' lang='lat' dir='ltr'>sperantibus</span> 
     </span>
     <span class='ocr_line' id='line_1_28' title="bbox 8 2557 1300 2636; baseline 0 -18"><span class='ocrx_word' id='word_1_279' title='bbox 8 2623 9 2630; x_wconf 47' lang='lat'>,</span> <span class='ocrx_word' id='word_1_280' title='bbox 88 2561 195 2620; x_wconf 80' lang='lat' dir='ltr'>fallax.</span> <span class='ocrx_word' id='word_1_281' title='bbox 240 2561 297 2636; x_wconf 79' lang='lat' dir='ltr'>sie,</span> <span class='ocrx_word' id='word_1_282' title='bbox 312 2559 370 2618; x_wconf 83' lang='lat' dir='ltr'>Tit.</span> <span class='ocrx_word' id='word_1_283' title='bbox 384 2558 466 2616; x_wconf 77' lang='lat' dir='ltr'>xviii.</span> <span class='ocrx_word' id='word_1_284' title='bbox 487 2557 507 2616; x_wconf 90' lang='lat' dir='ltr'>l.</span> <span class='ocrx_word' id='word_1_285' title='bbox 524 2559 551 2634; x_wconf 82' lang='lat'>9,</span> <span class='ocrx_word' id='word_1_286' title='bbox 568 2558 691 2632; x_wconf 87' lang='lat' dir='ltr'>Codicis,</span> <span class='ocrx_word' id='word_1_287' title='bbox 712 2559 762 2635; x_wconf 93' lang='lat' dir='ltr'>qui</span> <span class='ocrx_word' id='word_1_288' title='bbox 779 2559 840 2635; x_wconf 89' lang='lat' dir='ltr'>agit</span> <span class='ocrx_word' id='word_1_289' title='bbox 853 2558 890 2617; x_wconf 90' lang='lat' dir='ltr'>da</span> <span class='ocrx_word' id='word_1_290' title='bbox 904 2559 1022 2618; x_wconf 86' lang='lat' dir='ltr'>erimine</span> <span class='ocrx_word' id='word_1_291' title='bbox 1036 2559 1178 2635; x_wconf 77' lang='lat' dir='ltr'>maleficii,</span> <span class='ocrx_word' id='word_1_292' title='bbox 1188 2561 1300 2618; x_wconf 76' lang='lat' dir='ltr'>Mathe-</span> 
     </span>
     <span class='ocr_line' id='line_1_29' title="bbox 88 2637 1300 2717; baseline -0.002 -18"><span class='ocrx_word' id='word_1_293' title='bbox 88 2641 193 2699; x_wconf 79' lang='lat' dir='ltr'>matici</span> <span class='ocrx_word' id='word_1_294' title='bbox 205 2660 270 2698; x_wconf 90' lang='lat' dir='ltr'>eum</span> <span class='ocrx_word' id='word_1_295' title='bbox 291 2638 429 2698; x_wconf 82' lang='lat' dir='ltr'>maleficis</span> <span class='ocrx_word' id='word_1_296' title='bbox 450 2645 479 2696; x_wconf 91' lang='lat' dir='ltr'>et</span> <span class='ocrx_word' id='word_1_297' title='bbox 500 2637 598 2714; x_wconf 92' lang='lat' dir='ltr'>Magis</span> <span class='ocrx_word' id='word_1_298' title='bbox 619 2639 842 2714; x_wconf 83' lang='lat' dir='ltr'>conjunguntur,</span> <span class='ocrx_word' id='word_1_299' title='bbox 865 2647 894 2697; x_wconf 86' lang='lat' dir='ltr'>et</span> <span class='ocrx_word' id='word_1_300' title='bbox 916 2639 1109 2716; x_wconf 77' lang='lat' dir='ltr'>subjiciuntur</span> <span class='ocrx_word' id='word_1_301' title='bbox 1128 2638 1217 2717; x_wconf 87' lang='lat' dir='ltr'>Legis</span> <span class='ocrx_word' id='word_1_302' title='bbox 1232 2639 1300 2698; x_wconf 85' lang='lat' dir='ltr'>Cor-</span> 
     </span>
     <span class='ocr_line' id='line_1_30' title="bbox 89 2717 1301 2796; baseline -0.001 -18"><span class='ocrx_word' id='word_1_303' title='bbox 89 2719 180 2778; x_wconf 80' lang='lat' dir='ltr'>nelias</span> <span class='ocrx_word' id='word_1_304' title='bbox 201 2739 303 2796; x_wconf 83' lang='lat' dir='ltr'>poenae,</span> <span class='ocrx_word' id='word_1_305' title='bbox 319 2727 348 2778; x_wconf 91' lang='lat' dir='ltr'>et</span> <span class='ocrx_word' id='word_1_306' title='bbox 369 2717 438 2792; x_wconf 84' lang='lat' dir='ltr'>ibid,</span> <span class='ocrx_word' id='word_1_307' title='bbox 454 2737 492 2776; x_wconf 92' lang='lat' dir='ltr'>ss.</span> <span class='ocrx_word' id='word_1_308' title='bbox 508 2721 526 2774; x_wconf 80' lang='lat'><strong>2</strong></span> <span class='ocrx_word' id='word_1_309' title='bbox 542 2727 571 2776; x_wconf 90' lang='lat' dir='ltr'>et</span> <span class='ocrx_word' id='word_1_310' title='bbox 585 2719 612 2786; x_wconf 84' lang='lat'>5,</span> <span class='ocrx_word' id='word_1_311' title='bbox 634 2719 697 2775; x_wconf 65' lang='lat' dir='ltr'>tela</span> <span class='ocrx_word' id='word_1_312' title='bbox 717 2737 767 2776; x_wconf 88' lang='lat' dir='ltr'>ars</span> <span class='ocrx_word' id='word_1_313' title='bbox 788 2719 955 2776; x_wconf 71' lang='lat' dir='ltr'>damnabilis</span> <span class='ocrx_word' id='word_1_314' title='bbox 975 2727 1003 2776; x_wconf 82' lang='lat' dir='ltr'>et</span> <span class='ocrx_word' id='word_1_315' title='bbox 1021 2719 1169 2776; x_wconf 78' lang='lat' dir='ltr'>interdieta</span> <span class='ocrx_word' id='word_1_316' title='bbox 1190 2721 1301 2778; x_wconf 81' lang='lat' dir='ltr'>manino</span> 
     </span>
     <span class='ocr_line' id='line_1_31' title="bbox 89 2795 1301 2873; baseline -0.002 -15"><span class='ocrx_word' id='word_1_317' title='bbox 89 2800 213 2858; x_wconf 75' lang='lat' dir='ltr'>dicium.</span> <span class='ocrx_word' id='word_1_318' title='bbox 263 2799 365 2856; x_wconf 88' lang='lat' dir='ltr'>Patres</span> <span class='ocrx_word' id='word_1_319' title='bbox 392 2795 500 2873; x_wconf 89' lang='lat' dir='ltr'>passim</span> <span class='ocrx_word' id='word_1_320' title='bbox 527 2796 703 2856; x_wconf 91' lang='lat' dir='ltr'>invehuntur</span> <span class='ocrx_word' id='word_1_321' title='bbox 730 2796 870 2855; x_wconf 87' lang='lat' dir='ltr'>adversus</span> <span class='ocrx_word' id='word_1_322' title='bbox 897 2797 985 2872; x_wconf 89' lang='lat' dir='ltr'>illam,</span> <span class='ocrx_word' id='word_1_323' title='bbox 1015 2805 1044 2855; x_wconf 84' lang='lat' dir='ltr'>et</span> <span class='ocrx_word' id='word_1_324' title='bbox 1072 2797 1301 2856; x_wconf 83' lang='lat' dir='ltr'>Planetarr‘orum</span> 
     </span>
     <span class='ocr_line' id='line_1_32' title="bbox 87 2875 1300 2955; baseline -0.002 -17"><span class='ocrx_word' id='word_1_325' title='bbox 87 2878 212 2938; x_wconf 74' lang='lat' dir='ltr'>fiendas</span> <span class='ocrx_word' id='word_1_326' title='bbox 231 2886 262 2936; x_wconf 90' lang='lat' dir='ltr'>et</span> <span class='ocrx_word' id='word_1_327' title='bbox 282 2878 455 2955; x_wconf 90' lang='lat' dir='ltr'>imposturas</span> <span class='ocrx_word' id='word_1_328' title='bbox 469 2883 658 2936; x_wconf 86' lang='lat' dir='ltr'>execrantur:</span> <span class='ocrx_word' id='word_1_329' title='bbox 680 2875 766 2934; x_wconf 89' lang='lat' dir='ltr'>Unde</span> <span class='ocrx_word' id='word_1_330' title='bbox 786 2875 817 2932; x_wconf 84' lang='lat' dir='ltr'>in</span> <span class='ocrx_word' id='word_1_331' title='bbox 832 2876 961 2934; x_wconf 82' lang='lat' dir='ltr'>Concilio</span> <span class='ocrx_word' id='word_1_332' title='bbox 975 2876 1147 2934; x_wconf 87' lang='lat' dir='ltr'>Braearensi</span> <span class='ocrx_word' id='word_1_333' title='bbox 1162 2876 1186 2934; x_wconf 91' lang='grc' dir='ltr'>Ι.</span> <span class='ocrx_word' id='word_1_334' title='bbox 1201 2885 1231 2935; x_wconf 88' lang='lat' dir='ltr'>et</span> <span class='ocrx_word' id='word_1_335' title='bbox 1243 2877 1300 2935; x_wconf 88' lang='grc' dir='ltr'>Το-</span> 
     </span>
     <span class='ocr_line' id='line_1_33' title="bbox 88 2953 1302 3032; baseline -0.001 -17"><span class='ocrx_word' id='word_1_336' title='bbox 88 2958 192 3018; x_wconf 82' lang='lat' dir='ltr'>letano</span> <span class='ocrx_word' id='word_1_337' title='bbox 207 2956 543 3032; x_wconf 71' lang='lat' dir='ltr'>1.,Pfiseil1ianissarum</span> <span class='ocrx_word' id='word_1_338' title='bbox 563 2963 719 3014; x_wconf 83' lang='lat' dir='ltr'>sectatores</span> <span class='ocrx_word' id='word_1_339' title='bbox 740 2953 877 3030; x_wconf 89' lang='lat' dir='ltr'>damnati,</span> <span class='ocrx_word' id='word_1_340' title='bbox 893 2963 922 3012; x_wconf 89' lang='lat' dir='ltr'>et</span> <span class='ocrx_word' id='word_1_341' title='bbox 936 2955 991 3012; x_wconf 91' lang='lat' dir='ltr'>sub</span> <span class='ocrx_word' id='word_1_342' title='bbox 1005 2955 1196 3012; x_wconf 86' lang='lat' dir='ltr'>anathematis</span> <span class='ocrx_word' id='word_1_343' title='bbox 1216 2975 1302 3032; x_wconf 84' lang='lat' dir='ltr'>poena</span> 
     </span>
     <span class='ocr_line' id='line_1_34' title="bbox 89 3031 933 3116; baseline -0.008 -19"><span class='ocrx_word' id='word_1_344' title='bbox 89 3037 266 3116; x_wconf 84' lang='lat' dir='ltr'>proscripti;</span> <span class='ocrx_word' id='word_1_345' title='bbox 288 3036 356 3095; x_wconf 84' lang='lat' dir='ltr'>vide</span> <span class='ocrx_word' id='word_1_346' title='bbox 370 3036 450 3112; x_wconf 90' lang='lat' dir='ltr'>Aug.</span> <span class='ocrx_word' id='word_1_347' title='bbox 464 3035 495 3094; x_wconf 90' lang='lat' dir='ltr'>li.</span> <span class='ocrx_word' id='word_1_348' title='bbox 510 3055 539 3092; x_wconf 89' lang='lat' dir='ltr'>v.</span> <span class='ocrx_word' id='word_1_349' title='bbox 555 3033 591 3092; x_wconf 94' lang='lat' dir='ltr'>de</span> <span class='ocrx_word' id='word_1_350' title='bbox 606 3035 638 3092; x_wconf 86' lang='lat' dir='ltr'>C.</span> <span class='ocrx_word' id='word_1_351' title='bbox 655 3034 692 3091; x_wconf 91' lang='lat' dir='ltr'>D.</span> <span class='ocrx_word' id='word_1_352' title='bbox 708 3053 732 3092; x_wconf 86' lang='lat' dir='ltr'>e.</span> <span class='ocrx_word' id='word_1_353' title='bbox 749 3035 775 3108; x_wconf 96' lang='lat' dir='ltr'>l,</span> <span class='ocrx_word' id='word_1_354' title='bbox 792 3037 819 3109; x_wconf 80' lang='lat'>2,</span> <span class='ocrx_word' id='word_1_355' title='bbox 835 3037 863 3110; x_wconf 88' lang='lat'>3,</span> <span class='ocrx_word' id='word_1_356' title='bbox 879 3031 933 3090; x_wconf 78' lang='lat' dir='ltr'>dra.</span> 
     </span>
    </p>

    <p class='ocr_par' dir='ltr' id='par_1_5' title="bbox 399 3111 1298 3188">
     <span class='ocr_line' id='line_1_35' title="bbox 399 3111 1298 3188; baseline -0.002 -16"><span class='ocrx_word' id='word_1_357' title='bbox 399 3114 460 3174; x_wconf 86' lang='lat' dir='ltr'>XI.</span> <span class='ocrx_word' id='word_1_358' title='bbox 482 3113 575 3172; x_wconf 85' lang='lat' dir='ltr'>Aliud</span> <span class='ocrx_word' id='word_1_359' title='bbox 595 3120 648 3188; x_wconf 88' lang='lat' dir='ltr'>est,</span> <span class='ocrx_word' id='word_1_360' title='bbox 665 3131 728 3171; x_wconf 90' lang='lat' dir='ltr'>esse</span> <span class='ocrx_word' id='word_1_361' title='bbox 742 3111 832 3187; x_wconf 63' lang='lat' dir='ltr'>Signa</span> <span class='ocrx_word' id='word_1_362' title='bbox 851 3111 998 3170; x_wconf 78' lang='lat' dir='ltr'>naturalia</span> <span class='ocrx_word' id='word_1_363' title='bbox 1014 3113 1226 3188; x_wconf 80' lang='lat' dir='ltr'>Tempestatum,</span> <span class='ocrx_word' id='word_1_364' title='bbox 1242 3113 1298 3170; x_wconf 83' lang='lat' dir='ltr'>die·</span> 
     </span>
    </p>
   </div>
   <div class='ocr_carea' id='block_1_3' title="bbox 130 3181 1299 3270">
    <p class='ocr_par' dir='ltr' id='par_1_6' title="bbox 130 3181 1299 3270">
     <span class='ocr_line' id='line_1_36' title="bbox 130 3181 1299 3270; baseline 0.003 -24"><span class='ocrx_word' id='word_1_365' title='bbox 130 3181 303 3228; x_wconf 63' lang='lat' dir='ltr'>F⁰³l⁰⁸⁸⁰¹¹¹·</span> <span class='ocrx_word' id='word_1_366' title='bbox 358 3215 431 3270; x_wconf 82' lang='lat' dir='ltr'>rum,</span> <span class='ocrx_word' id='word_1_367' title='bbox 450 3195 657 3264; x_wconf 73' lang='lat' dir='ltr'>etAnaorum5</span> <span class='ocrx_word' id='word_1_368' title='bbox 678 3191 756 3269; x_wconf 89' lang='lat' dir='ltr'>qnod</span> <span class='ocrx_word' id='word_1_369' title='bbox 777 3191 813 3249; x_wconf 88' lang='lat' dir='ltr'>de</span> <span class='ocrx_word' id='word_1_370' title='bbox 835 3190 1039 3250; x_wconf 89' lang='lat' dir='ltr'>Luminaribus</span> <span class='ocrx_word' id='word_1_371' title='bbox 1060 3190 1175 3264; x_wconf 87' lang='lat' dir='ltr'>dieitur,</span> <span class='ocrx_word' id='word_1_372' title='bbox 1190 3191 1264 3250; x_wconf 86' lang='lat' dir='ltr'>Gen.</span> <span class='ocrx_word' id='word_1_373' title='bbox 1280 3191 1299 3250; x_wconf 91' lang='lat' dir='ltr'>i.</span> 
     </span>
    </p>
   </div>
   <div class='ocr_carea' id='block_1_4' title="bbox 167 3241 274 3284">
    <p class='ocr_par' dir='ltr' id='par_1_7' title="bbox 167 3241 274 3284">
     <span class='ocr_line' id='line_1_37' title="bbox 167 3241 274 3284; baseline -0.009 0"><span class='ocrx_word' id='word_1_374' title='bbox 167 3241 274 3284; x_wconf 73' lang='lat' dir='ltr'>tionum.</span> 
     </span>
    </p>
   </div>
   <div class='ocr_carea' id='block_1_5' title="bbox 91 3269 1304 4699">
    <p class='ocr_par' dir='ltr' id='par_1_8' title="bbox 92 3269 1302 3510">
     <span class='ocr_line' id='line_1_38' title="bbox 361 3269 1300 3346; baseline -0.003 -14"><span class='ocrx_word' id='word_1_375' title='bbox 361 3277 407 3332; x_wconf 89' lang='grc'>14.</span> <span class='ocrx_word' id='word_1_376' title='bbox 450 3273 543 3332; x_wconf 86' lang='lat' dir='ltr'>Aliud</span> <span class='ocrx_word' id='word_1_377' title='bbox 563 3280 607 3330; x_wconf 90' lang='lat' dir='ltr'>est</span> <span class='ocrx_word' id='word_1_378' title='bbox 624 3291 687 3330; x_wconf 90' lang='lat' dir='ltr'>esse</span> <span class='ocrx_word' id='word_1_379' title='bbox 701 3272 791 3346; x_wconf 67' lang='lat' dir='ltr'>siqua</span> <span class='ocrx_word' id='word_1_380' title='bbox 807 3271 992 3346; x_wconf 75' lang='lat' dir='ltr'>propnortrba</span> <span class='ocrx_word' id='word_1_381' title='bbox 1013 3277 1169 3328; x_wconf 85' lang='lat' dir='ltr'>eventuum</span> <span class='ocrx_word' id='word_1_382' title='bbox 1190 3269 1300 3329; x_wconf 73' lang='lat' dir='ltr'>ferbue-</span> 
     </span>
     <span class='ocr_line' id='line_1_39' title="bbox 92 3348 1302 3430; baseline -0.005 -15"><span class='ocrx_word' id='word_1_383' title='bbox 92 3375 167 3430; x_wconf 92' lang='lat' dir='ltr'>rum,</span> <span class='ocrx_word' id='word_1_384' title='bbox 183 3373 244 3414; x_wconf 90' lang='lat' dir='ltr'>non</span> <span class='ocrx_word' id='word_1_385' title='bbox 256 3353 343 3412; x_wconf 93' lang='lat' dir='ltr'>modo</span> <span class='ocrx_word' id='word_1_386' title='bbox 362 3353 589 3412; x_wconf 77' lang='lat' dir='ltr'>necessariorum</span> <span class='ocrx_word' id='word_1_387' title='bbox 608 3359 637 3409; x_wconf 91' lang='lat' dir='ltr'>et</span> <span class='ocrx_word' id='word_1_388' title='bbox 657 3349 839 3424; x_wconf 80' lang='lat' dir='ltr'>natrualium,</span> <span class='ocrx_word' id='word_1_389' title='bbox 856 3348 908 3408; x_wconf 91' lang='lat' dir='ltr'>sed</span> <span class='ocrx_word' id='word_1_390' title='bbox 928 3349 1015 3408; x_wconf 88' lang='lat' dir='ltr'>etiam</span> <span class='ocrx_word' id='word_1_391' title='bbox 1029 3349 1258 3426; x_wconf 82' lang='lat' dir='ltr'>contingentium</span> <span class='ocrx_word' id='word_1_392' title='bbox 1272 3358 1302 3409; x_wconf 89' lang='lat' dir='ltr'>et</span> 
     </span>
     <span class='ocr_line' id='line_1_40' title="bbox 92 3430 710 3510; baseline -0.01 -16"><span class='ocrx_word' id='word_1_393' title='bbox 92 3435 261 3510; x_wconf 89' lang='lat' dir='ltr'>liberorum,</span> <span class='ocrx_word' id='word_1_394' title='bbox 276 3432 356 3510; x_wconf 93' lang='lat' dir='ltr'>quod</span> <span class='ocrx_word' id='word_1_395' title='bbox 369 3433 405 3491; x_wconf 93' lang='lat' dir='ltr'>de</span> <span class='ocrx_word' id='word_1_396' title='bbox 419 3431 478 3492; x_wconf 92' lang='lat' dir='ltr'>illis</span> <span class='ocrx_word' id='word_1_397' title='bbox 491 3451 550 3490; x_wconf 91' lang='lat' dir='ltr'>non</span> <span class='ocrx_word' id='word_1_398' title='bbox 564 3430 710 3489; x_wconf 90' lang='lat' dir='ltr'>asseritur.</span> 
     </span>
    </p>

    <p class='ocr_par' dir='ltr' id='par_1_9' title="bbox 91 3509 1303 4227">
     <span class='ocr_line' id='line_1_41' title="bbox 135 3509 1299 3588; baseline -0.003 -17"><span class='ocrx_word' id='word_1_399' title='bbox 135 3514 215 3572; x_wconf 89' lang='lat' dir='ltr'>XII.</span> <span class='ocrx_word' id='word_1_400' title='bbox 238 3514 334 3588; x_wconf 83' lang='lat' dir='ltr'>Quum</span> <span class='ocrx_word' id='word_1_401' title='bbox 348 3512 447 3571; x_wconf 79' lang='lat' dir='ltr'>Judic.</span> <span class='ocrx_word' id='word_1_402' title='bbox 462 3533 491 3570; x_wconf 89' lang='lat' dir='ltr'>v.</span> <span class='ocrx_word' id='word_1_403' title='bbox 507 3513 554 3585; x_wconf 81' lang='lat'>20,</span> <span class='ocrx_word' id='word_1_404' title='bbox 576 3509 667 3568; x_wconf 83' lang='lat' dir='ltr'>stellae</span> <span class='ocrx_word' id='word_1_405' title='bbox 686 3509 852 3568; x_wconf 87' lang='lat' dir='ltr'>dieuntnre</span> <span class='ocrx_word' id='word_1_406' title='bbox 872 3512 939 3568; x_wconf 75' lang='lat' dir='ltr'>roeb</span> <span class='ocrx_word' id='word_1_407' title='bbox 960 3509 990 3568; x_wconf 81' lang='lat' dir='ltr'>r&#39;a</span> <span class='ocrx_word' id='word_1_408' title='bbox 1004 3510 1131 3570; x_wconf 70' lang='lat' dir='ltr'>sacram</span> <span class='ocrx_word' id='word_1_409' title='bbox 1147 3529 1299 3588; x_wconf 69' lang='lat' dir='ltr'>papauere,</span> 
     </span>
     <span class='ocr_line' id='line_1_42' title="bbox 91 3589 1300 3668; baseline -0.005 -15"><span class='ocrx_word' id='word_1_410' title='bbox 91 3594 153 3653; x_wconf 86' lang='lat' dir='ltr'>Vel</span> <span class='ocrx_word' id='word_1_411' title='bbox 166 3594 287 3652; x_wconf 90' lang='lat' dir='ltr'>innuere</span> <span class='ocrx_word' id='word_1_412' title='bbox 302 3591 395 3650; x_wconf 88' lang='lat' dir='ltr'>voluit</span> <span class='ocrx_word' id='word_1_413' title='bbox 418 3591 542 3668; x_wconf 86' lang='lat' dir='ltr'>Spiritus</span> <span class='ocrx_word' id='word_1_414' title='bbox 564 3589 688 3648; x_wconf 89' lang='lat' dir='ltr'>Sanetus</span> <span class='ocrx_word' id='word_1_415' title='bbox 702 3589 878 3668; x_wconf 83' lang='lat' dir='ltr'>simpliciter,</span> <span class='ocrx_word' id='word_1_416' title='bbox 893 3589 1043 3648; x_wconf 80' lang='lat' dir='ltr'>victoriam</span> <span class='ocrx_word' id='word_1_417' title='bbox 1058 3589 1139 3647; x_wconf 90' lang='lat' dir='ltr'>illam</span> <span class='ocrx_word' id='word_1_418' title='bbox 1154 3590 1300 3649; x_wconf 79' lang='lat' dir='ltr'>coelestem</span> 
     </span>
     <span class='ocr_line' id='line_1_43' title="bbox 91 3668 1300 3748; baseline -0.005 -16"><span class='ocrx_word' id='word_1_419' title='bbox 91 3673 194 3748; x_wconf 87' lang='lat' dir='ltr'>fuisse,</span> <span class='ocrx_word' id='word_1_420' title='bbox 210 3692 269 3731; x_wconf 92' lang='lat' dir='ltr'>non</span> <span class='ocrx_word' id='word_1_421' title='bbox 285 3672 411 3730; x_wconf 89' lang='lat' dir='ltr'>humana</span> <span class='ocrx_word' id='word_1_422' title='bbox 430 3669 601 3729; x_wconf 85' lang='lat' dir='ltr'>fortitudine</span> <span class='ocrx_word' id='word_1_423' title='bbox 618 3675 738 3745; x_wconf 88' lang='lat' dir='ltr'>partam,</span> <span class='ocrx_word' id='word_1_424' title='bbox 757 3668 809 3728; x_wconf 93' lang='lat' dir='ltr'>sed</span> <span class='ocrx_word' id='word_1_425' title='bbox 823 3669 913 3728; x_wconf 90' lang='lat' dir='ltr'>solius</span> <span class='ocrx_word' id='word_1_426' title='bbox 928 3669 984 3727; x_wconf 90' lang='lat' dir='ltr'>Dei</span> <span class='ocrx_word' id='word_1_427' title='bbox 998 3669 1142 3746; x_wconf 86' lang='lat' dir='ltr'>auspiciis,</span> <span class='ocrx_word' id='word_1_428' title='bbox 1158 3677 1191 3727; x_wconf 91' lang='lat' dir='ltr'>ut</span> <span class='ocrx_word' id='word_1_429' title='bbox 1205 3677 1300 3727; x_wconf 90' lang='lat' dir='ltr'>osten-</span> 
     </span>
     <span class='ocr_line' id='line_1_44' title="bbox 91 3747 1302 3825; baseline -0.005 -14"><span class='ocrx_word' id='word_1_430' title='bbox 91 3752 181 3812; x_wconf 87' lang='lat' dir='ltr'>datur</span> <span class='ocrx_word' id='word_1_431' title='bbox 203 3751 300 3810; x_wconf 89' lang='lat' dir='ltr'>omnia</span> <span class='ocrx_word' id='word_1_432' title='bbox 319 3749 425 3808; x_wconf 83' lang='lat' dir='ltr'>lavisse</span> <span class='ocrx_word' id='word_1_433' title='bbox 447 3748 587 3807; x_wconf 70' lang='lat' dir='ltr'>Israelitis</span> <span class='ocrx_word' id='word_1_434' title='bbox 607 3747 645 3805; x_wconf 93' lang='lat' dir='ltr'>ad</span> <span class='ocrx_word' id='word_1_435' title='bbox 659 3749 818 3823; x_wconf 86' lang='lat' dir='ltr'>victoriam,</span> <span class='ocrx_word' id='word_1_436' title='bbox 842 3756 872 3806; x_wconf 93' lang='lat' dir='ltr'>et</span> <span class='ocrx_word' id='word_1_437' title='bbox 892 3747 955 3825; x_wconf 93' lang='lat' dir='ltr'>ipsa</span> <span class='ocrx_word' id='word_1_438' title='bbox 968 3749 1050 3806; x_wconf 90' lang='lat' dir='ltr'>velut</span> <span class='ocrx_word' id='word_1_439' title='bbox 1070 3755 1148 3805; x_wconf 90' lang='lat' dir='ltr'>astra</span> <span class='ocrx_word' id='word_1_440' title='bbox 1168 3766 1220 3822; x_wconf 91' lang='lat' dir='ltr'>pro</span> <span class='ocrx_word' id='word_1_441' title='bbox 1242 3747 1302 3805; x_wconf 82' lang='lat' dir='ltr'>illle</span> 
     </span>
     <span class='ocr_line' id='line_1_45' title="bbox 91 3827 1302 3911; baseline -0.007 -21"><span class='ocrx_word' id='word_1_442' title='bbox 91 3851 242 3911; x_wconf 86' lang='lat' dir='ltr'>pugnasse</span> <span class='ocrx_word' id='word_1_443' title='bbox 266 3830 399 3889; x_wconf 89' lang='lat' dir='ltr'>dieantur</span> <span class='ocrx_word' id='word_1_444' title='bbox 422 3828 646 3906; x_wconf 86' lang='lat' dir='ltr'>exaggeratione</span> <span class='ocrx_word' id='word_1_445' title='bbox 670 3827 801 3905; x_wconf 73' lang='lat' dir='ltr'>poetiea3</span> <span class='ocrx_word' id='word_1_446' title='bbox 823 3827 882 3885; x_wconf 86' lang='lat' dir='ltr'>Vel</span> <span class='ocrx_word' id='word_1_447' title='bbox 909 3827 1043 3886; x_wconf 76' lang='lat' dir='ltr'>dieuntm</span> <span class='ocrx_word' id='word_1_448' title='bbox 1069 3843 1215 3902; x_wconf 88' lang='lat' dir='ltr'>pugnasse</span> <span class='ocrx_word' id='word_1_449' title='bbox 1242 3844 1302 3894; x_wconf 80' lang='lat' dir='ltr'>uon</span> 
     </span>
     <span class='ocr_line' id='line_1_46' title="bbox 92 3902 1302 3988; baseline -0.007 -18"><span class='ocrx_word' id='word_1_450' title='bbox 92 3913 206 3988; x_wconf 67' lang='lat' dir='ltr'>irfiuaa</span> <span class='ocrx_word' id='word_1_451' title='bbox 225 3911 360 3985; x_wconf 65' lang='lat' dir='ltr'>naturale,</span> <span class='ocrx_word' id='word_1_452' title='bbox 383 3907 434 3967; x_wconf 89' lang='lat' dir='ltr'>sed</span> <span class='ocrx_word' id='word_1_453' title='bbox 455 3909 604 3966; x_wconf 79' lang='lat' dir='ltr'>directione</span> <span class='ocrx_word' id='word_1_454' title='bbox 623 3905 844 3980; x_wconf 69' lang='lat' dir='ltr'>superastaret,</span> <span class='ocrx_word' id='word_1_455' title='bbox 867 3925 926 3963; x_wconf 88' lang='lat' dir='ltr'>non</span> <span class='ocrx_word' id='word_1_456' title='bbox 948 3905 1060 3963; x_wconf 83' lang='lat' dir='ltr'>satione</span> <span class='ocrx_word' id='word_1_457' title='bbox 1081 3903 1233 3978; x_wconf 91' lang='lat' dir='ltr'>ordinaria,</span> <span class='ocrx_word' id='word_1_458' title='bbox 1250 3902 1302 3961; x_wconf 89' lang='lat' dir='ltr'>sed</span> 
     </span>
     <span class='ocr_line' id='line_1_47' title="bbox 94 3981 1303 4065; baseline -0.007 -15"><span class='ocrx_word' id='word_1_459' title='bbox 94 3989 333 4064; x_wconf 84' lang='lat' dir='ltr'>extraordinaria,</span> <span class='ocrx_word' id='word_1_460' title='bbox 349 3987 480 4047; x_wconf 83' lang='lat' dir='ltr'>affective</span> <span class='ocrx_word' id='word_1_461' title='bbox 500 3987 605 4065; x_wconf 89' lang='lat' dir='ltr'>potius,</span> <span class='ocrx_word' id='word_1_462' title='bbox 621 4004 708 4062; x_wconf 89' lang='lat' dir='ltr'>quam</span> <span class='ocrx_word' id='word_1_463' title='bbox 726 3983 892 4058; x_wconf 80' lang='lat' dir='ltr'>formaliter,</span> <span class='ocrx_word' id='word_1_464' title='bbox 907 3992 1049 4060; x_wconf 91' lang='lat' dir='ltr'>quatenus</span> <span class='ocrx_word' id='word_1_465' title='bbox 1065 3983 1145 4040; x_wconf 91' lang='lat' dir='ltr'>Dens</span> <span class='ocrx_word' id='word_1_466' title='bbox 1159 3981 1303 4041; x_wconf 86' lang='lat' dir='ltr'>sideribus</span> 
     </span>
     <span class='ocr_line' id='line_1_48' title="bbox 94 4059 1301 4146; baseline -0.01 -17"><span class='ocrx_word' id='word_1_467' title='bbox 94 4079 180 4129; x_wconf 84' lang='lat' dir='ltr'>extra</span> <span class='ocrx_word' id='word_1_468' title='bbox 194 4069 325 4128; x_wconf 91' lang='lat' dir='ltr'>ordinem</span> <span class='ocrx_word' id='word_1_469' title='bbox 338 4069 382 4127; x_wconf 88' lang='lat' dir='ltr'>uti</span> <span class='ocrx_word' id='word_1_470' title='bbox 401 4067 496 4146; x_wconf 92' lang='lat' dir='ltr'>potuit</span> <span class='ocrx_word' id='word_1_471' title='bbox 512 4067 550 4124; x_wconf 89' lang='lat' dir='ltr'>ad</span> <span class='ocrx_word' id='word_1_472' title='bbox 570 4073 698 4124; x_wconf 87' lang='lat' dir='ltr'>meteora</span> <span class='ocrx_word' id='word_1_473' title='bbox 710 4063 792 4120; x_wconf 88' lang='lat' dir='ltr'>varia</span> <span class='ocrx_word' id='word_1_474' title='bbox 811 4061 1008 4140; x_wconf 85' lang='lat' dir='ltr'>producenda,</span> <span class='ocrx_word' id='word_1_475' title='bbox 1020 4062 1155 4135; x_wconf 89' lang='lat' dir='ltr'>tonitrua,</span> <span class='ocrx_word' id='word_1_476' title='bbox 1171 4059 1301 4136; x_wconf 73' lang='lat' dir='ltr'>fulmina,</span> 
     </span>
     <span class='ocr_line' id='line_1_49' title="bbox 94 4139 1294 4227; baseline -0.008 -19"><span class='ocrx_word' id='word_1_477' title='bbox 94 4149 277 4227; x_wconf 88' lang='lat' dir='ltr'>grandinem,</span> <span class='ocrx_word' id='word_1_478' title='bbox 291 4147 428 4224; x_wconf 89' lang='lat' dir='ltr'>aquibus</span> <span class='ocrx_word' id='word_1_479' title='bbox 445 4147 541 4206; x_wconf 85' lang='lat' dir='ltr'>Sisara</span> <span class='ocrx_word' id='word_1_480' title='bbox 554 4164 619 4203; x_wconf 86' lang='lat' dir='ltr'>eum</span> <span class='ocrx_word' id='word_1_481' title='bbox 634 4163 686 4202; x_wconf 91' lang='lat' dir='ltr'>suo</span> <span class='ocrx_word' id='word_1_482' title='bbox 701 4141 830 4201; x_wconf 82' lang='lat' dir='ltr'>exercitu</span> <span class='ocrx_word' id='word_1_483' title='bbox 843 4141 990 4220; x_wconf 88' lang='lat' dir='ltr'>ingentem</span> <span class='ocrx_word' id='word_1_484' title='bbox 1005 4139 1115 4198; x_wconf 81' lang='lat' dir='ltr'>cladem</span> <span class='ocrx_word' id='word_1_485' title='bbox 1130 4159 1232 4217; x_wconf 90' lang='lat' dir='ltr'>passus</span> <span class='ocrx_word' id='word_1_486' title='bbox 1246 4140 1294 4199; x_wconf 87' lang='lat' dir='ltr'>sit.</span> 
     </span>
    </p>

    <p class='ocr_par' dir='ltr' id='par_1_10' title="bbox 93 4219 1304 4699">
     <span class='ocr_line' id='line_1_50' title="bbox 137 4219 1302 4303; baseline -0.009 -16"><span class='ocrx_word' id='word_1_487' title='bbox 137 4228 233 4286; x_wconf 91' lang='lat' dir='ltr'><strong>XIII.</strong></span> <span class='ocrx_word' id='word_1_488' title='bbox 254 4227 344 4286; x_wconf 74' lang='lat' dir='ltr'>Stella</span> <span class='ocrx_word' id='word_1_489' title='bbox 358 4246 422 4303; x_wconf 81' lang='lat' dir='ltr'>quae</span> <span class='ocrx_word' id='word_1_490' title='bbox 437 4225 534 4302; x_wconf 88' lang='lat' dir='ltr'>Magis</span> <span class='ocrx_word' id='word_1_491' title='bbox 552 4223 734 4282; x_wconf 87' lang='lat' dir='ltr'>nativitatem</span> <span class='ocrx_word' id='word_1_492' title='bbox 750 4221 856 4280; x_wconf 84' lang='lat' dir='ltr'>Christi</span> <span class='ocrx_word' id='word_1_493' title='bbox 870 4219 1018 4292; x_wconf 83' lang='lat' dir='ltr'>indicavit,</span> <span class='ocrx_word' id='word_1_494' title='bbox 1034 4219 1139 4278; x_wconf 89' lang='lat' dir='ltr'>Matth.</span> <span class='ocrx_word' id='word_1_495' title='bbox 1154 4219 1185 4276; x_wconf 92' lang='lat' dir='ltr'>ii.</span> <span class='ocrx_word' id='word_1_496' title='bbox 1199 4222 1227 4294; x_wconf 81' lang='lat'>2,</span> <span class='ocrx_word' id='word_1_497' title='bbox 1242 4238 1302 4277; x_wconf 92' lang='lat' dir='ltr'>non</span> 
     </span>
     <span class='ocr_line' id='line_1_51' title="bbox 94 4299 1300 4384; baseline -0.009 -17"><span class='ocrx_word' id='word_1_498' title='bbox 94 4315 192 4384; x_wconf 84' lang='lat' dir='ltr'>potest</span> <span class='ocrx_word' id='word_1_499' title='bbox 212 4307 310 4366; x_wconf 83' lang='lat' dir='ltr'>favere</span> <span class='ocrx_word' id='word_1_500' title='bbox 332 4305 539 4364; x_wconf 85' lang='lat' dir='ltr'>Genethliaeis.</span> <span class='ocrx_word' id='word_1_501' title='bbox 563 4306 589 4362; x_wconf 94' lang='grc'>1.</span> <span class='ocrx_word' id='word_1_502' title='bbox 612 4301 687 4377; x_wconf 87' lang='lat' dir='ltr'>Quia</span> <span class='ocrx_word' id='word_1_503' title='bbox 700 4299 865 4376; x_wconf 89' lang='lat' dir='ltr'>exemplum</span> <span class='ocrx_word' id='word_1_504' title='bbox 879 4307 925 4358; x_wconf 89' lang='lat' dir='ltr'>est</span> <span class='ocrx_word' id='word_1_505' title='bbox 939 4299 1093 4375; x_wconf 86' lang='lat' dir='ltr'>singulare,</span> <span class='ocrx_word' id='word_1_506' title='bbox 1109 4317 1146 4356; x_wconf 87' lang='lat' dir='ltr'>ex</span> <span class='ocrx_word' id='word_1_507' title='bbox 1160 4317 1219 4374; x_wconf 92' lang='lat' dir='ltr'>quo</span> <span class='ocrx_word' id='word_1_508' title='bbox 1237 4317 1300 4375; x_wconf 89' lang='lat' dir='ltr'>per-</span> 
     </span>
     <span class='ocr_line' id='line_1_52' title="bbox 94 4377 1302 4464; baseline -0.008 -19"><span class='ocrx_word' id='word_1_509' title='bbox 94 4407 194 4464; x_wconf 86' lang='lat' dir='ltr'>peram</span> <span class='ocrx_word' id='word_1_510' title='bbox 209 4385 357 4462; x_wconf 79' lang='lat' dir='ltr'>colligitur</span> <span class='ocrx_word' id='word_1_511' title='bbox 369 4385 472 4462; x_wconf 83' lang='lat' dir='ltr'>regula</span> <span class='ocrx_word' id='word_1_512' title='bbox 486 4382 646 4462; x_wconf 89' lang='lat' dir='ltr'>generalis:</span> <span class='ocrx_word' id='word_1_513' title='bbox 668 4400 734 4439; x_wconf 91' lang='lat' dir='ltr'>nam</span> <span class='ocrx_word' id='word_1_514' title='bbox 750 4380 775 4438; x_wconf 91' lang='lat' dir='ltr'>si</span> <span class='ocrx_word' id='word_1_515' title='bbox 794 4379 850 4438; x_wconf 87' lang='lat' dir='ltr'>hoe</span> <span class='ocrx_word' id='word_1_516' title='bbox 865 4378 979 4438; x_wconf 82' lang='lat' dir='ltr'>Christo</span> <span class='ocrx_word' id='word_1_517' title='bbox 994 4377 1116 4454; x_wconf 77' lang='lat' dir='ltr'>contigit</span> <span class='ocrx_word' id='word_1_518' title='bbox 1130 4377 1167 4436; x_wconf 93' lang='lat' dir='ltr'>ob</span> <span class='ocrx_word' id='word_1_519' title='bbox 1182 4379 1302 4458; x_wconf 68' lang='grc' dir='ltr'>ὅπψχὶι</span> 
     </span>
     <span class='ocr_line' id='line_1_53' title="bbox 94 4457 1304 4544; baseline -0.007 -19"><span class='ocrx_word' id='word_1_520' title='bbox 94 4467 160 4544; x_wconf 90' lang='lat' dir='ltr'>ejus</span> <span class='ocrx_word' id='word_1_521' title='bbox 181 4465 377 4543; x_wconf 64' lang='lat' dir='ltr'>singularem</span> <span class='ocrx_word' id='word_1_522' title='bbox 400 4464 466 4522; x_wconf 89' lang='lat' dir='ltr'>Non</span> <span class='ocrx_word' id='word_1_523' title='bbox 481 4463 611 4538; x_wconf 89' lang='lat' dir='ltr'>sequitur</span> <span class='ocrx_word' id='word_1_524' title='bbox 625 4460 705 4519; x_wconf 90' lang='lat' dir='ltr'>etad</span> <span class='ocrx_word' id='word_1_525' title='bbox 725 4457 798 4518; x_wconf 80' lang='lat' dir='ltr'>alios</span> <span class='ocrx_word' id='word_1_526' title='bbox 818 4478 903 4537; x_wconf 92' lang='lat' dir='ltr'>posse</span> <span class='ocrx_word' id='word_1_527' title='bbox 924 4457 1031 4534; x_wconf 89' lang='lat' dir='ltr'>pariter</span> <span class='ocrx_word' id='word_1_528' title='bbox 1050 4457 1135 4516; x_wconf 85' lang='lat' dir='ltr'>trabi.</span> <span class='ocrx_word' id='word_1_529' title='bbox 1177 4461 1205 4517; x_wconf 79' lang='lat'>2.</span> <span class='ocrx_word' id='word_1_530' title='bbox 1228 4458 1304 4532; x_wconf 79' lang='lat' dir='ltr'>Quia</span> 
     </span>
     <span class='ocr_line' id='line_1_54' title="bbox 94 4537 1302 4617; baseline -0.006 -14"><span class='ocrx_word' id='word_1_531' title='bbox 94 4545 180 4605; x_wconf 85' lang='lat' dir='ltr'>stella</span> <span class='ocrx_word' id='word_1_532' title='bbox 193 4545 245 4604; x_wconf 86' lang='lat' dir='ltr'>illa</span> <span class='ocrx_word' id='word_1_533' title='bbox 258 4543 315 4603; x_wconf 87' lang='lat' dir='ltr'>fnit</span> <span class='ocrx_word' id='word_1_534' title='bbox 328 4541 564 4616; x_wconf 87' lang='lat' dir='ltr'>extraordinaria,</span> <span class='ocrx_word' id='word_1_535' title='bbox 580 4541 663 4617; x_wconf 85' lang='lat' dir='ltr'>eujus</span> <span class='ocrx_word' id='word_1_536' title='bbox 678 4547 758 4598; x_wconf 91' lang='lat' dir='ltr'>ortus</span> <span class='ocrx_word' id='word_1_537' title='bbox 771 4559 830 4597; x_wconf 92' lang='lat' dir='ltr'>non</span> <span class='ocrx_word' id='word_1_538' title='bbox 844 4537 992 4612; x_wconf 90' lang='lat' dir='ltr'>naturalis,</span> <span class='ocrx_word' id='word_1_539' title='bbox 1009 4537 1060 4596; x_wconf 92' lang='lat' dir='ltr'>sed</span> <span class='ocrx_word' id='word_1_540' title='bbox 1076 4537 1302 4613; x_wconf 87' lang='lat' dir='ltr'>supernaturalis</span> 
     </span>
     <span class='ocr_line' id='line_1_55' title="bbox 93 4616 1302 4699; baseline -0.006 -15"><span class='ocrx_word' id='word_1_541' title='bbox 93 4624 157 4685; x_wconf 85' lang='lat' dir='ltr'>fuit</span> <span class='ocrx_word' id='word_1_542' title='bbox 180 4628 209 4686; x_wconf 83' lang='lat'>3.</span> <span class='ocrx_word' id='word_1_543' title='bbox 232 4623 309 4699; x_wconf 82' lang='lat' dir='ltr'>Quia</span> <span class='ocrx_word' id='word_1_544' title='bbox 322 4622 414 4682; x_wconf 79' lang='lat' dir='ltr'>stella</span> <span class='ocrx_word' id='word_1_545' title='bbox 434 4621 483 4682; x_wconf 89' lang='lat' dir='ltr'>isti</span> <span class='ocrx_word' id='word_1_546' title='bbox 504 4620 603 4680; x_wconf 85' lang='lat' dir='ltr'>addita</span> <span class='ocrx_word' id='word_1_547' title='bbox 615 4618 678 4695; x_wconf 84' lang='lat' dir='ltr'>fuit,</span> <span class='ocrx_word' id='word_1_548' title='bbox 694 4626 756 4678; x_wconf 86' lang='lat' dir='ltr'>turn</span> <span class='ocrx_word' id='word_1_549' title='bbox 776 4619 889 4679; x_wconf 89' lang='lat' dir='ltr'>interna</span> <span class='ocrx_word' id='word_1_550' title='bbox 902 4627 964 4678; x_wconf 91' lang='lat' dir='ltr'>tum</span> <span class='ocrx_word' id='word_1_551' title='bbox 979 4625 1099 4677; x_wconf 85' lang='lat' dir='ltr'>externa</span> <span class='ocrx_word' id='word_1_552' title='bbox 1111 4616 1250 4676; x_wconf 82' lang='lat' dir='ltr'>revelatio</span> <span class='ocrx_word' id='word_1_553' title='bbox 1264 4616 1302 4677; x_wconf 90' lang='lat' dir='ltr'>ad</span> 
     </span>
    </p>
   </div>
   <div class='ocr_carea' id='block_1_6' title="bbox 0 0 1585 5180">
    <p class='ocr_par' dir='ltr' id='par_1_11' title="bbox 0 0 1585 5180">
     <span class='ocr_line' id='line_1_56' title="bbox 0 0 1585 5180; baseline 0 0"><span class='ocrx_word' id='word_1_554' title='bbox 0 0 1585 5180; x_wconf 95' lang='lat' dir='ltr'> </span> 
     </span>
    </p>
   </div>
  </div>
 </body>
</html>
