3250 5176
128 355 249 404 eumer.
265 336 331 419 xa]
638 355 678 394 nn
692 354 834 396 rsccsro.
1278 339 1338 398 593

128 498 233 576 quitur
246 517 340 577 noque
356 498 452 558 Deum
465 497 496 558 id
507 498 587 576 juste
600 517 705 576 posse3
728 496 798 576 quia
811 496 890 556 aliud
905 505 949 557 est
961 498 1049 577 longe
1066 496 1159 558 sorum
1173 498 1340 574 humanum,

129 588 162 638 et
177 578 325 655 divinum;
347 587 409 639 turn
423 589 557 658 respectu
567 578 689 656 justitia
705 578 760 636 Dei
775 598 840 656 qum
862 579 996 655 severior,
1012 588 1073 638 tum
1087 588 1220 657 respectu
1239 578 1341 657 poten·

129 659 190 734 tiae,
206 680 271 737 quae
285 658 372 736 longe
386 660 486 737 major,
502 679 534 718 se
557 658 717 718 extendens
731 657 769 716 ad
791 658 870 736 ipsas
891 661 1010 735 animas,
1026 667 1112 736 atque
1127 659 1167 718 ita
1181 659 1218 718 ad
1239 679 1341 737 poenas

128 739 211 818 ipsas
226 738 398 817 spirituales.
441 741 502 800 Nec
523 738 627 798 modus
641 739 697 798 isto
718 739 858 817 puniendi
882 747 977 816 potest
991 738 1049 797 dici
1062 759 1223 818 repugnare
1238 740 1338 818 gloriae

129 819 199 894 Dei,
214 839 249 878 eo
263 820 342 898 quod
355 822 410 880 hac
423 821 534 880 ratione
548 819 579 878 in
591 819 764 878 immensum
774 819 957 878 cumulantur
966 827 1093 896 peccata,
1103 840 1168 897 qua
1176 839 1228 898 per
1237 839 1338 899 poenas

128 907 254 958 aeternas
269 921 327 960 non
340 909 462 978 possunt
475 901 543 977 elui,
558 901 617 958 imo
631 899 746 959 videtur
760 899 823 958 dari
836 919 988 978 processus
1000 899 1030 957 in
1043 899 1195 978 infinitum,
1205 909 1236 959 et
1246 900 1339 978 gloria

129 979 190 1038 Dei
203 979 270 1038 laedi
284 982 386 1058 magis,
402 1001 488 1060 quam
502 980 673 1060 promoveri.
724 979 799 1056 Quia
821 981 846 1040 si
859 980 1043 1039 cumulantur
1065 988 1192 1058 peccata,
1209 980 1266 1040 hoc
1279 1000 1339 1039 non

128 1059 164 1118 fit
179 1060 264 1138 culpa
279 1061 334 1118 Dei
348 1061 504 1139 punientis,
519 1061 570 1120 sed
584 1060 709 1140 subjecti
722 1061 858 1138 patientis
872 1059 953 1120 vitio.
996 1060 1057 1119 Nec
1070 1068 1192 1138 possunt
1203 1061 1260 1120 elui
1271 1080 1337 1138 pcc-
1374 1059 1376 1066 '

128 1149 205 1214 cata,
231 1141 300 1218 quia
324 1161 471 1219 nunquam
495 1141 609 1220 reprobi
633 1141 769 1200 desinunt
792 1161 920 1220 peccare.
972 1139 1073 1218 Atque
1092 1140 1134 1200 ita
1152 1148 1340 1218 promovetur

128 1219 227 1296 gloria
242 1220 305 1296 Dei,
321 1241 379 1279 non
393 1221 593 1281 emendatione
606 1220 671 1280 vitii
691 1222 721 1279 in
736 1221 876 1299 subjecte,
892 1219 944 1280 sed
966 1221 1181 1280 continuatione
1201 1231 1232 1281 et
1252 1220 1337 1281 dura-

128 1300 211 1360 tione
234 1320 326 1377 poenae
349 1301 379 1359 in
401 1321 455 1378 eo;
485 1301 563 1361 unde
585 1321 643 1360 non
664 1301 777 1378 mirum,
794 1303 818 1360 si
841 1301 911 1361 dum
930 1301 961 1360 in
980 1309 1119 1360 aeternum
1133 1301 1338 1362 continuantur

129 1389 258 1458 peccata,
275 1381 304 1438 ln
318 1389 458 1440 aeternum
471 1383 558 1441 etiam
573 1382 777 1441 continuantur
790 1401 893 1460 poenae.

173 1460 299 1520 XVIII.
330 1461 500 1522 Absurdum
521 1470 566 1522 est
591 1462 732 1522 solutione
754 1461 845 1521 debiti
864 1461 965 1540 augeri
985 1460 1124 1538 debitum,
1139 1468 1169 1522 et
1188 1461 1334 1540 peridem

129 1559 259 1600 crescere
274 1550 304 1601 et
324 1541 416 1600 minui
430 1550 559 1619 reatum,
593 1542 644 1600 sed
664 1540 769 1600 falsum
783 1550 828 1601 est
848 1541 910 1600 dari
923 1541 1012 1601 ullam
1033 1541 1149 1619 plenam
1162 1541 1335 1601 solutionem

129 1619 230 1698 debiti,
246 1641 336 1698 quum
349 1631 468 1700 peccata
480 1623 607 1700 peccetis
620 1623 787 1700 puniuntur,
802 1621 849 1681 rel
871 1629 981 1682 reatum
995 1621 1087 1679 minui
1100 1631 1150 1681 aut
1163 1621 1246 1699 tolli;
1269 1621 1337 1699 quia

129 1699 187 1839 llpoc
200 1701 233 1761 fit
247 1710 359 1761 tantum
372 1723 424 1780 per
437 1723 552 1782 poenam
561 1703 730 1780 simpIIcem,
742 1711 771 1762 et
785 1702 835 1762 ubi
846 1702 931 1762 datur
940 1701 1067 1782 perfecta
1077 1701 1244 1780 satisfactio,
1256 1701 1336 1780 quod

152 1781 179 1840 ic
192 1801 251 1840 non
266 1783 398 1842 occurrit.
1290 1840 1297 1860 ,

172 1861 267 1920 XIX.
299 1861 400 1922 Omnis
424 1883 510 1942 poena
534 1862 658 1941 simplex
681 1869 726 1923 est
748 1883 767 1922 a
790 1863 853 1922 Deo
873 1864 1001 1940 ffectr‘ae,
1017 1861 1068 1922 sed
1085 1861 1190 1922 sufficit
1203 1870 1236 1922 ut
1248 1881 1336 1941 poena

130 1941 225 2000 mixta
249 1942 286 2002 sit
307 1941 344 2002 ab
367 1963 401 2003 eo
416 1944 554 2003 directim.
598 1944 640 2004 Ut
656 1963 726 2002 vero
747 1944 778 2002 in
799 1952 918 2022 peccato
940 1943 996 2003 tris
1018 1942 1224 2020 distinguenda
1243 1949 1333 2019 sunt;

133 2023 456 2101 l.Actrupbysieroe,qui
466 2024 554 2084 habet
564 2023 704 2083 rationem
713 2023 883 2101 materialis3
900 2024 1003 2102 2.Ipsa
1013 2021 1333 2101 haulaqmshabetra·

130 2101 239 2161 tionem
253 2103 399 2180 fornralis3
422 2107 450 2163 3.
460 2104 606 2164 Jadicr'um
619 2105 685 2180 Dei,
702 2123 753 2163 seu
765 2104 1000 2182 poenalitas,quae
1014 2103 1184 2181 adjunctum
1197 2111 1242 2161 est
1262 2103 1333 2162 utri-

129 2201 241 2260 usque;
264 2183 320 2242 Ille
334 2184 467 2262 provenit
480 2205 499 2243 a
514 2185 577 2243 Deo
590 2192 709 2260 motore,
726 2184 788 2243 Ista
801 2183 992 2262 proficiscitur
1005 2193 1118 2244 tantum
1130 2203 1149 2241 a
1163 2182 1288 2242 Diabolo
1305 2191 1335 2242 et

129 2271 288 2340 peccatore,
306 2263 372 2324 Hoc
386 2284 455 2324 vero
469 2265 576 2343 pendet
590 2285 607 2322 a
621 2264 685 2323 Deo
695 2264 804 2341 judice.

171 2341 248 2402 XX.
272 2343 354 2404 Licet
368 2345 500 2405 Christus
514 2364 628 2404 omnem
648 2364 764 2423 posnam
777 2344 808 2402 in
828 2363 934 2422 genere
948 2343 1031 2404 nobis
1050 2343 1178 2402 debitam
1191 2341 1334 2402 susfinere

129 2420 262 2482 debuerit
275 2424 339 2484 Ioco
353 2434 471 2503 nostro;
502 2443 560 2483 non
581 2425 712 2503 sequitur
724 2443 825 2484 omnes
846 2425 957 2502 species
976 2443 1126 2502 poenarum
1141 2423 1237 2482 statim
1260 2422 1334 2482 ferro

129 2501 265 2562 debuisse
276 2526 284 2580 ς
306 2513 339 2564 ut
352 2504 446 2566 factus
459 2505 576 2584 quidem
591 2513 635 2564 est
645 2525 697 2584 pro
712 2503 795 2564 nobis
805 2505 978 2582 maledictio,
992 2505 1088 2564 Galat.
1099 2503 1140 2562 iii.
1154 2506 1199 2580 13,
1212 2501 1265 2562 sed
1274 2523 1334 2562 non

129 2592 280 2718 propterea
302 2605 402 2646 omnes
424 2587 535 2665 species
556 2585 766 2645 maledictionis
789 2593 969 2645 enumeratas
991 2585 1078 2644 Dent.
1098 2583 1201 2659 xxvii,
1217 2583 1331 2658 xxviii,

141 2683 202 2722 erre
216 2663 325 2723 debuit.
369 2666 417 2726 Sic
431 2667 548 2726 morbos
561 2673 676 2726 nostros
689 2665 842 2744 pertulisse
855 2665 962 2725 dicitur
973 2667 1012 2725 Is.
1023 2665 1076 2724 liii.
1090 2667 1119 2740 t,
1134 2671 1164 2722 et
1175 2664 1260 2722 Matt.
1270 2663 1332 2723 viii.

132 2745 177 2818 17,
192 2763 251 2801 non
265 2752 362 2802 tamen
375 2765 476 2805 omnes
489 2746 654 2806 morborum
669 2746 779 2824 species
789 2753 885 2824 potest
898 2745 956 2806 dici
966 2745 1014 2806 vel
1024 2745 1134 2819 tulisse,
1146 2744 1194 2803 vel
1205 2763 1332 2803 sanasse

130 2821 209 2880 Hinc
224 2821 354 2881 defectus
367 2826 496 2900 poenales
510 2826 540 2884 in
559 2821 710 2894 διαβλίτως
731 2835 759 2885 11
773 2825 931 2903 culpabiles
946 2824 1086 2902 distingui
1108 2824 1210 2900 solent,
1225 2823 1332 2902 quibus

128 2901 261 2961 Christus
275 2902 419 2962 obnoxius
433 2923 496 2963 esse
510 2925 568 2964 non
581 2906 684 2983 potuit,
700 2914 729 2964 et
741 2901 909 2974 ”mantua
920 2913 950 2964 et
959 2906 1102 2980 innoxios,
1115 2923 1188 2980 qnos
1199 2903 1332 2962 Christus

127 3002 272 3041 assumere
295 2983 396 3060 potuit,
413 2983 465 3043 sed
486 3003 580 3062 neque
603 2984 738 3044 innoxios
759 3005 955 3062 quoscunque,
977 2992 1010 3043 ut
1033 2983 1207 3063 personales,
1222 2983 1272 3060 qui
1293 3002 1332 3041 ex

128 3061 349 3138 particularibus
363 3064 457 3124 causis
471 3063 501 3122 in
516 3072 609 3124 certas
630 3083 768 3142 personas
788 3071 963 3141 competunt,
979 3063 1031 3123 sed
1051 3061 1197 3120 naturales
1218 3071 1331 3120 tantum

127 3152 157 3201 et
170 3163 345 3220 communes,
360 3143 391 3202 in
414 3153 507 3204 totum
521 3165 614 3222 genus
633 3151 807 3222 grassantes.
858 3144 906 3203 Ita
929 3153 1006 3203 recte
1030 3143 1136 3201 dicitur
1159 3142 1331 3201 sustinuisse

127 3242 240 3281 omnem
254 3243 369 3301 posnam
384 3224 552 3303 simplicem,
567 3224 690 3284 sednon
711 3243 829 3284 neeesse
841 3231 888 3283 est
907 3230 941 3283 ut
957 3223 1057 3283 tulerit
1069 3243 1185 3302 poenam
1198 3223 1331 3284 mixtam.

129 3302 192 3362 Imo
205 3323 260 3363 nec
272 3304 375 3381 potuit,
391 3325 444 3364 nec
458 3305 559 3364 debuit
573 3325 636 3364 eam
650 3303 743 3365 ferre:
765 3304 832 3364 Non
845 3304 948 3383 potuit,
959 3305 1029 3382 quia
1041 3303 1093 3362 illa
1105 3322 1164 3362 non
1177 3303 1256 3363 cadit
1273 3303 1330 3362 nisi

128 3381 158 3440 in
172 3383 333 3460 subjectum
346 3393 513 3464 corruptum
534 3394 565 3444 et
579 3385 734 3462 vitiosum3
766 3385 832 3444 Non
856 3384 964 3461 debuit,
980 3384 1050 3463 quia
1071 3383 1208 3462 patiendo
1229 3383 1331 3444 debuit

42 3507 45 3510 .
128 3461 228 3521 tollere
241 3473 400 3541 peccatum,
415 3486 474 3525 non
496 3465 651 3526 cumulare.
705 3465 817 3526 Sufficit
838 3485 908 3544 ergo
930 3473 964 3525 ut
976 3485 1091 3544 poenam
1112 3464 1273 3544 simplicem
1287 3464 1328 3525 fe·

128 3541 225 3616 rendo,
240 3543 361 3603 mixtam
374 3545 461 3605 etiam
475 3547 633 3606 sustulerit.

167 3622 262 3682 XXI.
285 3623 425 3699 Quamvis
438 3634 588 3705 peccatum
602 3627 640 3686 sit
653 3626 871 3765 poenaffpecrati,
886 3645 946 3686 non
959 3633 1055 3705 potest
1068 3624 1135 3686 inde
1148 3625 1249 3704 colligi
1264 3625 1328 3705 jus·

126 3701 218 3761 titiam
234 3703 291 3762 Dei
304 3705 421 3783 exigere
435 3714 468 3767 ut
481 3707 615 3783 violetur,
625 3714 654 3766 et
667 3715 701 3767 ut
713 3727 731 3766 o
752 3705 877 3766 cadatur
886 3707 967 3768 Dens
977 3707 1015 3766 ad
1029 3708 1074 3766 sni
1084 3705 1310 3766 satisfactionem
1319 3727 1327 3782 ;

130 3781 186 3841 Sed
200 3791 312 3842 tantum
324 3784 418 3845 Deum
432 3806 517 3864 posse
531 3807 583 3864 pro
597 3787 738 3864 sapientia
750 3795 781 3846 et
790 3786 906 3864 justitia
919 3807 979 3864 sua,
994 3787 1137 3865 exipsius
1147 3786 1270 3864 justitias
1284 3783 1327 3843 di·

128 3861 254 3922 rectricis
268 3884 333 3940 quas
346 3864 377 3923 in
392 3865 471 3944 Iege
492 3867 637 3926 revelatur
650 3867 815 3940 violatione,
837 3867 941 3927 elicere
962 3875 1062 3926 contra
1081 3865 1263 3945 peccantium
1283 3865 1328 3923 in·

126 3943 283 4002 tentionem
296 3951 327 4002 et
339 3946 451 4022 peccati
464 3947 555 4024 ipsius
568 3957 709 4024 naturam,
717 3947 839 4024 justitiae
850 3946 1047 4007 vindicatricis
1056 3945 1327 4006 manifestationem.

128 4022 208 4083 Idem
222 4033 424 4101 argumentum
438 4035 534 4104 potest
546 4026 609 4086 tieri
623 4035 723 4087 contra
735 4025 953 4105 permissionem
966 4029 1097 4106 mati,
1120 4028 1194 4087 Nam
1209 4027 1234 4086 si
1246 4027 1327 4085 Deus

126 4104 263 4181 permittit
276 4114 425 4182 peccatum
440 4106 478 4165 ad
491 4127 573 4166 suam
587 4107 718 4185 gloriam,
733 4127 803 4186 ergo
817 4107 911 4184 gloria
921 4107 978 4166 Dei
991 4109 1118 4187 requiret
1130 4117 1164 4168 ut
1177 4115 1328 4186 peccatum

125 4183 181 4258 fiat,
197 4192 226 4244 et
240 4185 281 4245 alc
296 4205 347 4263 per
360 4185 433 4246 illud
447 4185 678 4247 manifestaretur
698 4187 792 4264 gloria
806 4187 871 4264 Dei,
885 4207 938 4266 per
956 4189 1036 4267 quod
1055 4189 1233 4264 obscuratur,
1248 4187 1329 4267 quod

125 4271 220 4321 tamen
232 4284 382 4341 perperam
396 4265 530 4326 concludi
544 4274 666 4344 constat,
682 4267 751 4344 quia
763 4276 914 4346 peccatum
928 4289 986 4328 non
999 4289 1052 4346 per
1065 4289 1096 4330 se
1118 4269 1171 4330 sed
1184 4289 1236 4348 per
1251 4269 1325 4328 acci-

125 4340 195 4400 dens
209 4341 277 4402 facit
290 4343 328 4403 ad
342 4345 465 4422 gloriam
480 4345 544 4424 Dei,
559 4366 646 4424 quarn
660 4347 774 4426 propris
788 4355 818 4407 et
830 4368 882 4426 per
895 4369 926 4408 se
940 4349 1085 4410 obscurat.

165 4419 241 4480 Alia
256 4421 436 4496 Quastiones
459 4444 524 4502 qua
537 4426 648 4487 moveri
668 4437 790 4506 possunt
804 4427 841 4488 de
855 4429 946 4490 Poena
960 4429 1077 4490 Peccati
1093 4449 1146 4490 suo
1159 4427 1224 4489 loco
1238 4448 1326 4490 excu-

126 4501 240 4578 tientur,
255 4519 344 4578 quum
359 4502 396 4563 de
410 4503 506 4564 Morte
519 4512 631 4584 agetur.

1154 4589 1207 4648 21³
