3152 5178
107 406 214 458 oonsr.
229 387 295 472 rm]
569 414 609 460 nn
621 412 680 454 nso
695 413 763 471 nuo,
779 413 930 455 nursino.
1276 403 1332 460 165

116 560 201 628 turum
221 551 293 629 quis
305 551 492 632 pmfioipant
506 573 605 614 omnes
618 575 705 614 unam
720 556 897 634 eandemque
907 566 1040 618 naturam
1051 558 1200 636 infinitam,
1212 581 1270 620 non
1280 581 1333 639 per

117 633 295 707 divisionem,
318 633 375 693 sed
396 654 451 712 per
471 635 768 697 communicationem.
810 638 872 696 Nee
885 639 911 696 si
924 647 983 698 tres
998 639 1134 700 Personae
1153 641 1332 701 inhumanis

119 713 216 774 dieunt
228 721 287 775 tres
300 714 449 791 homines,
471 714 619 776 debebunt
631 723 691 776 tres
710 717 815 777 inferre
831 719 909 778 Deos
923 728 982 779 tres
1004 719 1139 780 Personae
1159 721 1190 779 in
1204 722 1311 782 divinis
1323 745 1330 800 ;

121 795 178 855 Vel
192 793 297 855 Unitss
312 793 461 855 Essentiae
483 795 590 856 divinae
610 796 750 857 unitatem
764 799 851 858 etiam
873 799 1008 858 Personae
1029 800 1222 876 inducerent
1242 804 1332 863 vellet

119 875 257 951 Soeinus3
280 874 350 952 qnia
363 875 454 934 trium
467 895 654 954 personarum
666 877 858 937 humanarum
872 887 931 938 tres
945 888 1013 939 sunt
1026 883 1158 940 essentiae
1170 883 1331 960 singulares

117 954 261 1014 distinctae
276 975 407 1032 numero,
423 957 566 1034 siqnidem
580 957 734 1016 essentiam
749 959 924 1036 singularem
938 960 1049 1019 finitam
1060 982 1158 1021 eorum
1173 982 1230 1020 una
1244 964 1331 1023 etism

118 1035 307 1095 subsistentis
326 1036 465 1095 exhaurit
478 1045 508 1096 et
521 1038 674 1114 terminat;
696 1036 749 1097 sed
762 1039 850 1098 trium
865 1039 1056 1100 Personarum
1071 1043 1233 1102 divinarum
1244 1045 1331 1104 unies

117 1124 162 1175 est
175 1115 305 1254 epsepsstilq
317 1113 472 1176 individua
492 1125 522 1177 et
542 1117 705 1196 singularis
721 1137 787 1196 quae
800 1127 833 1179 ut
847 1128 892 1179 est
911 1120 1024 1180 infinita
1037 1123 1168 1200 pluribus
1187 1133 1231 1183 est
1252 1145 1329 1183 eom·

117 1215 234 1256 mamea
306 1240 314 1254 .

123 1307 129 1318 ·
156 1275 199 1334 X.
221 1275 374 1342 nastrum
388 1286 418 1338 st
431 1275 530 1342 Anius
544 1276 675 1355 ejusdem
695 1278 815 1338 insanie
828 1277 1038 1340 foetus'merito
1049 1292 1232 1344 'censenturt
1252 1285 1330 1346 unde

116 1355 281 1433 Apostolus
296 1358 430 1417 Gentiles
451 1367 537 1418 voest
556 1356 644 1434 ἰδίους,
659 1359 728 1437 quie
741 1369 823 1420 erant
842 1359 962 1432 uotiua,
985 1362 1060 1439 Eph.
1075 1363 1104 1422 ii.
1122 1366 1168 1440 12,
1190 1383 1258 1423 uam
1279 1366 1330 1444 qui

115 1437 235 1497 unicum
249 1438 348 1497 Deum
361 1457 421 1496 non
434 1437 529 1515 habet,
547 1439 642 1500 Deum
656 1439 767 1498 nullum
781 1440 877 1518 habet,
893 1443 1044 1519 quievero
1059 1443 1233 1504 destituitur.

124 1559 126 1566 ,
156 1517 218 1577 XI.
242 1517 277 1578 Si
290 1517 449 1595 queritur3
470 1537 537 1578 oum
550 1519 624 1578 ratio
638 1528 668 1579 et
680 1529 787 1579 nature·
796 1541 850 1580 nos
863 1520 901 1579 ad
909 1542 999 1582 unum
1011 1522 1105 1583 Deum
1120 1524 1235 1600 duoant,
1250 1525 1328 1586 unde

115 1603 281 1674 reamque
295 1597 458 1658 Gentilium
472 1599 539 1658 oriri
553 1599 687 1676 potuerit,
703 1601 753 1678 qui
766 1621 819 1678 pro
832 1621 891 1661 uno
906 1602 970 1662 Deo
983 1599 1057 1680 δῆμον
1069 1605 1139 1672 θιὸι,
1154 1614 1187 1665 ut
1200 1605 1329 1684 loquitur

117 1680 238 1740 Naana.
255 1678 365 1759 (Serm.
381 1677 419 1738 de
433 1679 521 1740 natal.
536 1679 657 1759 Christi)
672 1681 831 1742 coluerunt

283 1799 429 1874 Quicquid
440 1799 545 1874 humus,
556 1801 686 1876 petoque,
701 1801 799 1859 celum
811 1800 940 1860 mirnhrle
952 1800 1067 1878 sigum

280 1881 321 1938 Id
335 1879 435 1938 dim
448 1881 534 1955 Deos,
549 1881 640 1956 eolles,
647 1881 738 1956 fietu,
745 1881 878 1958 flumina,
885 1883 1038 1958 flammam

115 2045 149 2098 nt
169 2037 249 2099 enuit
270 2037 307 2098 de
329 2037 390 2098 illis
415 2038 599 2100 Prudentius.
650 2038 801 2098 Hesiodus
822 2038 943 2117 triginta
962 2039 1055 2099 millia
1082 2041 1211 2103 Deorum
1237 2042 1327 2103 fuisse

114 2127 216 2198 ΗΜ,
322 2211 382 2280 'Ipse
396 2224 449 2280 pag
460 2197 541 2281 pedem
555 2205 612 2260 sien
625 2200 665 2260 im
679 2202 747 2276 χθονὶ
761 2199 938 2282 πουλυβοτείρῃ

322 2281 534 2340 Αθιίκτοι--.

117 2384 220 2458 cause
240 2397 333 2458 varin
352 2397 436 2458 reddi
456 2406 587 2476 possunt.
629 2397 779 2477 Proeeipna
800 2406 845 2460 est
866 2398 976 2461 oblivio
990 2399 1053 2464 veri
1072 2401 1136 2477 Dei,
1153 2409 1182 2462 et
1201 2402 1328 2465 hominis

116 2477 294 2555 necessitus3
316 2479 404 2538 homo
425 2479 501 2538 enim
521 2479 693 2539 neoesaitate
714 2499 767 2540 sua
787 2500 904 2558 pressus
927 2480 1123 2560 undequaque
1138 2484 1327 2545 auxiliatores

116 2559 229 2636 quaerit,
245 2557 314 2619 ideo
328 2559 436 2619 multos
450 2559 506 2618 sibi
519 2559 588 2619 iaeit
603 2560 690 2636 Deos,
706 2560 784 2637 qnod
799 2562 885 2622 Plini.
900 2581 962 2639 eep.
978 2565 1006 2636 2,
1018 2564 1172 2639 eleganter
1180 2564 1326 2642 explieat3

116 2639 246 2716 Propriis
260 2648 289 2698 et
301 2639 444 2700 numiam
457 2641 616 2700 mortalitas
628 2640 762 2717 inparue
773 2642 827 2700 ista
841 2643 954 2719 digessit
965 2642 1134 2723 iufimnimtie
1143 2664 1201 2703 sue
1211 2665 1325 2722 memor,

116 2728 148 2778 ut
155 2720 337 2795 partientibus
356 2721 472 2798 quisque
492 2723 600 2796 coleret,
623 2741 677 2797 quo
690 2722 813 2781 monim
833 2723 977 2799 indigeret.
1021 2723 1063 2784 Ut
1083 2743 1153 2801 orgo
1174 2725 1329 2804 multiplici

114 2800 323 2878 premebantur
330 2801 511 2876 necessitate,
523 2800 698 2879 multiplices
708 2802 904 2879 quesiverunt
915 2803 994 2862 Deos
1004 2803 1055 2882 qui
1065 2803 1124 2864 illis
1134 2805 1326 2886 mederentur,

115 2881 200 2958 qussi
213 2900 291 2941 nnus
306 2899 437 2941 summus
451 2881 532 2941 Dens
546 2881 642 2940 omnia
655 2901 714 2940 non
727 2890 834 2960 posset.
1228 2945 1231 2950 ,

158 2961 237 3020 XII.
263 2961 417 3037 Seennd03
439 2961 597 3021 Veneratio
618 2970 648 3022 et
668 2962 764 3022 onltus
777 2980 877 3022 eornm
898 2961 948 3040 qui
961 2962 1119 3022 humanum
1133 2983 1226 3041 genus
1239 2964 1328 3025 bene·

116 3040 190 3101 liciis
203 3041 380 3120 quibasdam
395 3041 558 3120 insignibus
572 3051 654 3102 erant
667 3042 821 3120 prosecuti,
836 3041 1051 3101 multitudinem
1063 3043 1191 3102 Deorum
1205 3045 1328 3106 invexit.

116 3121 192 3180 Nam
205 3121 252 3180 illi
273 3122 323 3201 qui
344 3121 393 3181 vel
413 3123 559 3200 praeoleris
579 3120 755 3181 facinoribus
774 3122 903 3181 illustres
923 3129 1028 3197 essent,
1050 3122 1098 3181 vel
1112 3122 1162 3199 qni
1181 3122 1329 3183 benefieiis

115 3201 292 3280 qm‘busdnm
306 3201 423 3262 eximiis
443 3201 687 3262 eommendebiles
708 3220 771 3261 sese
784 3200 994 3278 prestitissent,
1017 3201 1079 3261 aive
1093 3202 1162 3279 qnia
1179 3202 1270 3261 nobili
1284 3224 1329 3264 re-

116 3291 199 3360 perto
211 3282 392 3361 profuissent
405 3283 505 3361 generi
523 3284 659 3359 hnmano,
676 3281 739 3341 sive
752 3281 821 3359 quia
834 3301 896 3340 rem
908 3280 986 3340 bello
1002 3283 1139 3359 praeolere
1158 3283 1327 3362 gessissent,

116 3363 180 3502 pipo
193 3363 335 3504 qpontiprm
356 3363 454 3504 glqnqs
471 3363 522 3503 ὅςεί
536 3361 961 3502 mbffind⁸f1⁰niq⁰ssniiss⁰m⁵’
976 3361 1327 3504 ὲῑεῡεὲἰωῖιὶηωῆωω

158 3463 326 3503 erean.
400 3463 456 3502 ne
494 3463 572 3503 reero
639 3462 803 3502 ‚mea
894 3461 935 3501 or.
1031 3463 1046 3502 e
1114 3465 1142 3504 m
1207 3467 1329 3506 mmoum

118 3525 341 3601 oouuoehudoque
354 3523 513 3599 munau,
529 3533 561 3582 ut
573 3488 714 3604 ’torpidis
727 3526 888 3582 excedentes
907 3523 983 3582 otios
996 3523 1026 3584 iu
1039 3463 1134 3584 glum
1141 3528 1228 3602 sama
1242 3536 1269 3586 et
1280 3549 1328 3588 vo-

120 3604 223 3664 unae
237 3607 387 3664 tollerent:
399 3604 462 3662 hino
470 3605 617 3679 Hercules,
632 3605 695 3663 hine
710 3603 814 3664 Castor
827 3613 854 3663 et
865 3605 980 3679 Pollux,
992 3605 1054 3665 hinc
1062 3608 1253 3684 AEsculapiaa,
1265 3609 1329 3668 hine

120 3684 203 3742 Luer
216 3682 293 3760 &oq
315 3683 396 3762 qnod
416 3693 446 3744 et
460 3683 546 3744 Plini.
568 3684 618 3743 lib.
633 3683 663 3743 ii.
678 3704 704 3744 o.
719 3687 747 3744 7.
763 3684 906 3759 observat,
921 3685 980 3744 Hie
994 3696 1033 3745 est
1045 3687 1241 3746 vetustusimus
1256 3689 1327 3764 rese-

119 3765 201 3823 madi
209 3765 341 3842 qratiam
354 3764 421 3823 desse
434 3764 599 3824 menatae
612 3783 680 3839 mos,
694 3771 726 3822 ut
739 3768 807 3824 tales
815 3765 983 3824 Numinibus
994 3767 1193 3826 onustamur
1200 3791 1212 3840 ,·
1226 3768 1330 3844 quispe

121 3853 147 3902 et
155 3845 279 3903 muriam
292 3845 417 3903 aliorum
430 3847 560 3904 Deorum
572 3844 695 3919 uomina,
711 3853 738 3903 et
750 3864 813 3922 quae
825 3865 915 3922 surpra
927 3846 1024 3905 Mera
1037 3849 1130 3906 relata
1139 3867 1176 3905 aa·
1189 3847 1330 3906 homiuum

121 3935 188 3984 tuoto
200 3933 268 3984 suut
280 3924 408 3984 meritis.-
449 3925 521 4000 Qnae
535 3925 655 3984 Ter-tull.
672 3922 723 4004 (ed
738 3932 839 4002 gentes
854 3946 878 3984 o.
893 3927 930 3986 10
944 3934 975 3985 et
989 3924 1058 4063 llpp¹
1066 3926 1215 3985 Minucius
1228 3926 1259 3984 in
1274 3926 1328 3986 Oo-

123 4005 205 4080 tsrio,
222 4005 404 4080 Inemntins,
420 4011 450 4064 et
463 4004 613 4064 Amobins
633 4005 696 4064 fuse
711 4005 884 4082 ostendunt;
901 4006 980 4065 Deos
995 4005 1034 4064 se'
1048 4005 1105 4064 'eet
1118 4005 1169 4082 qni
1182 4005 1285 4083 majori
1299 4005 1330 4064 in

121 4085 209 4161 pretio
223 4085 409 4145 habebantur
422 4084 500 4163 epod
514 4085 663 4160 Ethnioos‚
678 4085 751 4144 nihil
765 4084 845 4144 aliud
858 4104 945 4162 quern
959 4085 1091 4144 hominos
1111 4083 1209 4144 fnisse.
1251 4085 1291 4145 Et
1305 4086 1330 4144 si

121 4165 245 4242 penitius
259 4185 321 4224 rem
336 4173 506 4241 scrutamur,
522 4165 606 4226 leoile
621 4165 862 4243 deprehendimus
877 4163 1072 4240 Philosophos
1082 4172 1112 4223 et
1123 4164 1226 4224 Poitas
1236 4165 1329 4242 plera·

121 4263 175 4320 qus
189 4265 227 4304 ex
241 4245 307 4305 istis
320 4244 359 4304 ab
374 4244 509 4306 Hebraeis
523 4245 611 4306 hrisse
631 4254 796 4320 mutuatos3
819 4243 871 4303 sed
885 4243 926 4302 ita
946 4244 1118 4321 interpolata
1134 4251 1200 4303 astu
1216 4244 1330 4305 Satanae

121 4333 150 4384 et
161 4324 269 4385 Inbnlis
282 4325 425 4401 involute,
440 4334 473 4385 nt
486 4325 524 4385 ed
538 4325 755 4404 investigandus
769 4323 880 4402 aliquot
894 4323 957 4383 anri
970 4323 1059 4384 miens
1079 4323 1183 4401 ingens
1197 4327 1331 4386 stercoris

121 4423 241 4465 suerrus
255 4405 485 4465 commovendas
498 4405 545 4465 sit.
587 4406 762 4484 Exemplum
776 4403 861 4463 nobis
875 4412 937 4463 esto
954 4403 1095 4464 Satnmus
1108 4424 1174 4464 enm
1188 4404 1256 4466 filiis
1270 4408 1330 4468 suis

121 4484 222 4560 tribus,
237 4485 392 4564 imperium
406 4485 485 4544 orbis
498 4486 573 4545 inter
587 4503 617 4544 se
638 4485 845 4564 partientibns3
867 4484 898 4542 in
912 4484 1018 4562 quibus
1032 4484 1097 4544 Viri
1119 4485 1205 4546 Docti
1218 4488 1330 4566 pridem

123 4564 314 4702 obsprrernnt
327 4565 419 4625 letare
433 4565 584 4626 Noeohum
597 4574 627 4625 et
639 4573 699 4626 tres
712 4566 777 4644 ejus
790 4565 875 4641 filios,
890 4574 923 4625 ut
934 4563 1025 4624 solide
1033 4567 1157 4645 probent
1167 4567 1330 4628 Boohartus

125 4651 156 4703 et
199 4645 303 4706 ossius.
694 4659 697 4666 '

129 4768 133 4774 .
164 4723 260 4788 XIII.
281 4723 391 4800 Tertio,
407 4724 599 4803 PolytheIsmi
612 4726 725 4786 ooeasio
745 4725 801 4788 fnit
813 4724 888 4786 inter
901 4725 989 4802 elias,
1004 4747 1062 4786 non
1075 4725 1162 4786 modo
1182 4726 1331 4786 nominum
