3160 5194
753 363 844 405 nocue
859 359 976 402 neruus.
1284 335 1409 418 [oum.
1424 358 1470 402 vr.

727 582 920 659 nunerio
942 581 997 640 vr.

674 761 713 801 nn
728 761 908 802 rnaouosuue
923 759 1051 802 osseas.

616 905 766 972 Quodnam
779 904 816 960 sit
831 901 925 962 Genua
941 900 1120 978 Theoloqioe?

265 1099 346 1148 Genus
383 1097 504 1146 mmm,
566 1062 591 1122 Ι.
616 1063 766 1155 lbeolnpiu
788 1061 985 1155 consideratur
1006 1058 1257 1154 veludpatuuutice
1278 1068 1306 1154 et
1335 1059 1473 1152 Qbiectiue

284 1163 505 1273 illudit?
524 1139 979 1285 ξῗέιιᾚῖῗιῗέῗὲρῗέἔιιέἶὲ
993 1140 1177 1278 libid?
1198 1139 1399 1278 iulii&
1413 1159 1472 1278 lt}

265 1302 344 1364 allud
366 1322 458 1382 genus
480 1303 641 1364 accuratius
664 1303 708 1360 illi
729 1311 825 1380 potest
847 1300 989 1378 assignari
1009 1319 1096 1376 quam
1116 1299 1267 1372 Docte-eim,
1281 1298 1352 1375 qnia
1374 1319 1394 1358 a
1408 1298 1473 1360 Deo

265 1381 385 1444 docetur
394 1391 424 1444 et
433 1383 465 1442 in
478 1383 610 1443 Ecclesia
623 1382 751 1442 discitur.
782 1380 841 1442 Sed
853 1380 984 1440 doctrina
996 1377 1221 1438 antonomastice
1236 1379 1311 1454 talis,
1324 1379 1402 1438 omui
1417 1379 1471 1438 hu·
1569 1435 1570 1458 ,

264 1481 350 1522 mana
370 1462 457 1540 longo
481 1463 672 1541 prestantior,
688 1470 750 1522 tum
774 1461 884 1521 ratione
905 1460 1033 1537 originis,
1048 1467 1111 1518 tum
1124 1457 1234 1518 untione
1247 1459 1386 1530 materiae,
1407 1467 1472 1518 tum
1569 1521 1570 1524 ,

265 1543 377 1603 ratione
397 1541 506 1618 formu,
521 1549 551 1600 et
571 1541 646 1601 linia.
690 1541 739 1600 Sic
758 1541 867 1618 passim
887 1539 1060 1600 describitur
1080 1537 1112 1596 in
1133 1537 1282 1615 Scriptura
1301 1557 1355 1615 per
1367 1535 1472 1615 >dexto
1569 1549 1570 1606 ᾗ

266 1621 354 1682 Jotn.
375 1621 426 1681 vll.
444 1624 501 1696 173
524 1621 629 1679 lTim.
651 1621 691 1679 iv.
708 1624 725 1680 6
741 1629 770 1680 et
790 1621 829 1679 Vi.
845 1623 873 1680 3.
888 1639 940 1697 per
959 1618 1035 1678 rimor
1054 1615 1160 1694 >edwio
1174 1617 1259 1677 Rom.
1273 1619 1315 1678 vi.
1332 1623 1378 1694 l'l,
1392 1629 1428 1678 ul:
1441 1620 1473 1677 in

266 1699 335 1761 Vct.
349 1701 428 1760 Test.
444 1714 515 1764 trun
529 1707 619 1760 totam
634 1699 736 1759 adutis
753 1699 913 1759 doctrinam
927 1708 1018 1762 notet.
1061 1697 1218 1759 Posteriori
1231 1697 1306 1758 bene
1323 1717 1376 1777 per
1388 1698 1470 1758 babi-

265 1789 328 1840 tum
342 1779 467 1858 aliquem
480 1779 586 1840 mentis
598 1779 778 1840 describitur.

266 1895 384 1948 Quum
407 1897 506 1944 mm„
567 1859 610 1919 II.
634 1859 676 1920 Ut
688 1860 792 1920 melius
805 1859 1001 1938 dignoscatur,
1017 1857 1156 1935 Quisnam
1169 1856 1275 1917 mentis
1288 1857 1406 1920 babitus
1428 1859 1472 1918 illi
1569 1904 1570 1930 ι

294 1957 333 2002 uu
370 1957 405 2003 eit
435 1956 507 2016 mu·
527 1939 720 2018 assignandus
728 1940 775 2019 eit,
782 1939 1011 2015 Observandum,
1020 1957 1133 1998 omnem
1141 1937 1272 1998 habiturn
1280 1939 1472 2014 mentisceee,
1569 1945 1570 1954 ³

294 2015 395 2062 mim·
527 2019 1038 2096 velhebibrmacimdivelhabitum
1048 2018 1188 2092 medendi,
1203 2016 1252 2076 vel
1265 2015 1397 2078 habiturn
1410 2020 1472 2096 opi·
1569 2039 1570 2063 ι

266 2103 378 2177 nundi;
399 2101 442 2162 Ut
456 2108 523 2162 sunt
544 2109 604 2161 tres
625 2121 761 2162 mseusus
782 2100 886 2161 mentis
908 2099 947 2159 ad
967 2118 1041 2178 quos
1061 2097 1237 2172 ordinantur,
1253 2106 1336 2158 actua
1350 2099 1472 2175 sciendi,

266 2181 411 2257 credendi,
426 2189 456 2241 et
470 2181 626 2260 opinandi:
648 2182 723 2241 Nam
737 2181 831 2240 omnis
845 2199 980 2240 assensus
994 2179 1100 2239 mentis
1112 2177 1161 2238 vel
1179 2178 1282 2238 nititur
1294 2177 1472 2256 testimonio,

266 2261 315 2319 vel
336 2261 464 2336 rationa;
497 2261 528 2320 Si
550 2261 652 2321 nititur
672 2260 845 2335 testimonio,
860 2260 1014 2335 estFidee,
1037 2258 1062 2318 si
1083 2257 1186 2318 nititur
1206 2257 1316 2318 ratione
1338 2266 1421 2318 certe
1443 2268 1474 2319 et

268 2338 371 2414 solida,
384 2346 431 2398 est
441 2339 575 2414 Scieutin,
589 2339 615 2398 ei
629 2347 741 2414 tantum
755 2338 905 2416 probabili,
921 2347 966 2398 eet
983 2339 1094 2416 Opiniu

267 2453 399 2500 „hmo
471 2455 507 2499 h,
569 2417 630 2476 ΙΙΙ.
651 2417 780 2476 Habitus
794 2417 912 2494 sciendi,
937 2426 1023 2496 prout
1036 2416 1189 2496 opponitur
1208 2415 1321 2476 habitui
1334 2417 1474 2478 credendi

282 2467 506 2619 emir
527 2495 1473 2655 mm,lqbffl

267 2657 343 2732 dum,
358 2655 518 2732 sumum,
540 2656 724 2734 &plenumst
747 2656 942 2732 Prudentem
956 2657 1064 2732 Artena,
1086 2657 1157 2734 qnia
1176 2663 1246 2716 tunc
1266 2655 1391 2716 sumitur
1414 2658 1474 2718 late

265 2755 319 2816 pro
332 2736 435 2815 quavis
456 2736 559 2797 notitia
580 2735 721 2797 habituali
734 2745 813 2796 certa
825 2744 855 2796 et
876 2736 1019 2812 evidente,
1035 2737 1098 2796 sive
1111 2756 1147 2796 ea
1159 2736 1198 2796 ait
1211 2735 1248 2794 de
1269 2736 1358 2796 rebus
1372 2757 1472 2798 neces·

267 2815 352 2876 seriis
364 2823 395 2875 et
407 2815 640 2893 speculabilibns,
656 2817 720 2878 sive
739 2816 777 2876 da
796 2815 883 2876 rebus
903 2815 1138 2893 contingentibus
1151 2825 1181 2876 et
1193 2815 1337 2893 practicis.
1381 2818 1472 2894 Quin-

266 2895 370 2974 tuplex
383 2903 480 2956 autem
493 2895 551 2956 ista
563 2895 712 2956 dmdnctio
724 2915 763 2955 ex
776 2895 949 2974 quintuplici
961 2895 1102 2956 varietate
1115 2896 1295 2974 objectorum
1308 2895 1388 2958 eirca
1407 2919 1473 2976 quse

266 2994 349 3036 meus
363 2983 528 3055 ocmpeun,
543 2974 643 3037 oritm.
685 2975 760 3035 Nam
773 2975 824 3034 vel
836 2983 969 3036 versatur
982 2975 1060 3035 eirca
1071 2975 1241 3051 necessarie,
1256 2995 1322 3052 quae
1334 2985 1413 3054 sunt,
1424 2979 1474 3038 val

266 3055 415 3135 Principia
434 3056 540 3134 quibus
554 3061 658 3135 sponte
677 3054 851 3116 assentimur
864 3055 927 3116 sine
940 3055 1192 3132 demonstratione,
1208 3055 1354 3115 ethorum
1369 3058 1474 3118 nofifia

265 3146 386 3198 vocabu
398 3137 597 3214 Intellipmtin,
610 3135 659 3196 vel
672 3135 879 3196 Conclusionee
898 3135 1005 3214 quibus
1025 3135 1198 3196 assentimur
1216 3155 1268 3213 per
1282 3135 1472 3197 Demonstra-
1568 3180 1569 3191 ,

265 3218 383 3294 tionem,
396 3236 463 3295 qum
475 3217 627 3278 semaam
646 3217 834 3292 constituunt,
848 3215 898 3276 rel
916 3215 1122 3276 Conclusiones
1146 3233 1212 3275 eum
1227 3215 1381 3294 Principiis
1402 3235 1472 3277 con·

262 3297 381 3373 junctu,
396 3314 462 3374 qua
474 3297 650 3373 Βορόεηείαπι
670 3297 854 3374 exprimunt3
875 3295 933 3355 Vel
946 3295 1023 3354 eirea
1042 3295 1249 3373 contingentia,
1269 3315 1335 3373 quea
1354 3297 1472 3372 iterum,

265 3373 314 3433 vel
338 3381 408 3434 eruit
430 3379 546 3455 renent,
569 3393 692 3451 quornm
714 3376 814 3436 nullus
834 3375 909 3436 aliua
938 3383 983 3436 eat
1010 3375 1076 3434 linis
1098 3385 1203 3454 preter
1226 3373 1368 3457 aluvala,
1391 3377 1473 3434 circa

266 3471 330 3531 quae
354 3461 488 3514 ementur
506 3455 675 3530 Pmdenau
689 3455 737 3514 vel
757 3457 857 3531 ποιητὰ,
879 3473 945 3533 qua
957 3455 1066 3516 habeut
1085 3475 1138 3534 pro
1157 3455 1215 3515 fine
1228 3456 1417 3533 effeofiouem,
1440 3457 1472 3516 in

265 3532 371 3609 quibus
384 3532 443 3592 Are
461 3541 626 3612 occupatur.

265 3649 506 3768 reuisere
525 3612 753 3753 ebolus
763 3613 1471 3774 susurrantiunuuttn

283 3768 372 3830 rerem
525 3783 556 3834 et
568 3774 715 3853 proprium
728 3793 821 3853 genus
831 3775 997 3852 Theologlee
1012 3775 1199 3850 constituere,
1207 3741 1276 3853 quie
1287 3775 1337 3834 isti
1351 3776 1470 3836 habitus

265 3873 366 3915 ornnes
385 3863 453 3915 sunt
474 3853 590 3916 habitus
611 3855 729 3930 sciendi,
753 3854 804 3916 sed
818 3855 979 3932 Theologia
1000 3874 1058 3914 non
1080 3864 1125 3916 eet
1144 3856 1261 3916 habitus
1277 3855 1398 3931 sciendi,
1418 3853 1471 3915 sed

265 3933 410 3996 credendi.
450 3939 479 3995 θ.
503 3936 578 3996 Sunt
590 3935 707 3996 habitus
720 3936 874 4010 naturales,
890 3943 920 3996 et
933 3937 1081 3996 bominum
1102 3935 1220 3995 solertia
1241 3935 1353 3996 inventi
1374 3943 1405 3995 et
1418 3955 1468 3994 ex·

265 4017 352 4093 culti;
375 4014 419 4076 At
431 4015 591 4094 Theologia
611 4023 656 4076 aet
676 4015 901 4092 oupematuralis
920 4024 951 4076 et
964 4013 1091 4086 aleina,
1112 4016 1196 4093 cujus
1216 4014 1390 4093 principium
1410 4034 1470 4074 non

264 4104 309 4156 eet
321 4096 449 4157 bumana
461 4097 543 4174 ratio,
559 4095 611 4156 sed
624 4095 724 4154 divina
736 4095 885 4155 revelatio.
927 4099 955 4155 3.
979 4097 1054 4157 Sunt
1067 4113 1167 4156 omues
1180 4095 1230 4156 vel
1242 4094 1407 4156 Theoretiei
1421 4093 1469 4153 vel

265 4173 390 4311 lgrracttici
404 4176 581 4257 simpliciter,
590 4175 643 4238 sed
655 4175 817 4254 Theologia
829 4175 914 4235 mirrti
927 4177 1042 4253 generis
1054 4175 1160 4254 partim
1168 4175 1348 4252 Theoretioa,
1362 4175 1468 4254 partim

306 4272 340 4310 ac
354 4273 410 4313 roa.

304 4329 344 4390 V.
366 4331 403 4388 In
417 4334 511 4410 speeie
527 4335 679 4412 Tbeolopin
692 4354 751 4394 uon
771 4343 869 4413 potest
881 4354 944 4394 esse
958 4333 1156 4412 nucupata,
1171 4333 1242 4413 quia
1261 4333 1319 4394 ista
1338 4343 1384 4393 eet
1404 4343 1468 4393 ten·

264 4418 327 4468 turn
339 4409 444 4469 notitia
455 4413 669 4491 principiorum,
678 4434 738 4475 non
751 4415 984 4492 conclusionum
1006 4413 1051 4474 At
1058 4413 1218 4492 Theologie
1231 4423 1277 4474 est
1289 4413 1394 4474 notitia
1406 4422 1469 4472 tum
1569 4489 1570 4492 Ἴ

263 4488 468 4568 principiorum
482 4499 545 4550 tum
558 4495 784 4555 conclusionum,
827 4495 939 4555 Deinde
953 4502 1085 4556 uersatur
1107 4494 1184 4554 eirca
1204 4493 1345 4587 principie
1365 4502 1472 4552 natura
1569 4493 1570 4554 l

264 4576 341 4645 nota,
356 4577 386 4628 et
399 4587 452 4630 sue
464 4570 529 4630 luce
543 4570 639 4648 clara;
660 4572 704 4634 At
717 4575 877 4651 Theologie
890 4577 966 4636 eirea
984 4571 1125 4654 principia
1138 4573 1237 4634 Verbo
1252 4574 1309 4634 Der
1328 4573 1469 4634 revelata.
1569 4589 1570 4640 ζ

264 4647 331 4708 Nou
344 4657 389 4710 eet
402 4649 532 4726 semea
543 4650 611 4729 quia
624 4670 682 4712 nen
697 4653 798 4713 nititur
808 4653 953 4713 evidentis
963 4653 1090 4726 rationis,
1102 4652 1155 4712 sed
1168 4661 1281 4712 tanturn
1291 4651 1471 4726 testimonio,
