<?xml version="1.0" encoding="UTF-8"?>
<!DOCTYPE html PUBLIC "-//W3C//DTD XHTML 1.0 Transitional//EN"
    "http://www.w3.org/TR/xhtml1/DTD/xhtml1-transitional.dtd">
<html xmlns="http://www.w3.org/1999/xhtml" xml:lang="en" lang="en">
 <head>
  <title>
</title>
<meta http-equiv="Content-Type" content="text/html;charset=utf-8" />
  <meta name='ocr-system' content='tesseract 3.04.00' />
  <meta name='ocr-capabilities' content='ocr_page ocr_carea ocr_par ocr_line ocrx_word'/>
</head>
<body>
  <div class='ocr_page' id='page_1' title='image "./francisciturret01pictgoog_0621.png"; bbox 0 0 3250 5176; ppageno 0'>
   <div class='ocr_carea' id='block_1_1' title="bbox 247 299 1456 382">
    <p class='ocr_par' dir='ltr' id='par_1_1' title="bbox 247 299 1456 382">
     <span class='ocr_line' id='line_1_1' title="bbox 247 299 1456 382; baseline -0.002 -18"><span class='ocrx_word' id='word_1_1' title='bbox 247 307 317 364; x_wconf 55' lang='grc'><strong>566»</strong></span> <span class='ocrx_word' id='word_1_2' title='bbox 749 325 840 367; x_wconf 76' lang='lat' dir='ltr'><strong>rocus</strong></span> <span class='ocrx_word' id='word_1_3' title='bbox 855 325 959 382; x_wconf 77' lang='lat' dir='ltr'><strong>rosus.</strong></span> <span class='ocrx_word' id='word_1_4' title='bbox 1271 299 1396 382; x_wconf 72' lang='lat' dir='ltr'><strong>[essse.</strong></span> <span class='ocrx_word' id='word_1_5' title='bbox 1412 323 1456 362; x_wconf 79' lang='lat' dir='ltr'><strong>rx.</strong></span> 
     </span>
    </p>
   </div>
   <div class='ocr_carea' id='block_1_2' title="bbox 247 461 1459 784">
    <p class='ocr_par' dir='ltr' id='par_1_2' title="bbox 247 461 1459 784">
     <span class='ocr_line' id='line_1_2' title="bbox 247 461 1459 544; baseline -0.002 -18"><span class='ocrx_word' id='word_1_6' title='bbox 247 465 354 542; x_wconf 86' lang='lat' dir='ltr'><strong>pariter</strong></span> <span class='ocrx_word' id='word_1_7' title='bbox 368 474 397 524; x_wconf 87' lang='lat' dir='ltr'><strong>et</strong></span> <span class='ocrx_word' id='word_1_8' title='bbox 412 473 532 526; x_wconf 88' lang='lat' dir='ltr'><strong>mortem</strong></span> <span class='ocrx_word' id='word_1_9' title='bbox 548 465 610 544; x_wconf 90' lang='lat' dir='ltr'><strong>ojus</strong></span> <span class='ocrx_word' id='word_1_10' title='bbox 624 465 708 526; x_wconf 80' lang='lat' dir='ltr'><strong>noble</strong></span> <span class='ocrx_word' id='word_1_11' title='bbox 727 465 863 544; x_wconf 83' lang='lat' dir='ltr'><strong>imputari</strong></span> <span class='ocrx_word' id='word_1_12' title='bbox 884 465 1008 540; x_wconf 87' lang='lat' dir='ltr'><strong>debere;</strong></span> <span class='ocrx_word' id='word_1_13' title='bbox 1031 461 1106 538; x_wconf 86' lang='lat' dir='ltr'><strong>Quia</strong></span> <span class='ocrx_word' id='word_1_14' title='bbox 1126 467 1216 522; x_wconf 86' lang='lat' dir='ltr'><strong>morte</strong></span> <span class='ocrx_word' id='word_1_15' title='bbox 1238 481 1298 538; x_wconf 88' lang='lat' dir='ltr'><strong>sua,</strong></span> <span class='ocrx_word' id='word_1_16' title='bbox 1314 481 1381 540; x_wconf 88' lang='lat' dir='ltr'><strong>quse</strong></span> <span class='ocrx_word' id='word_1_17' title='bbox 1402 463 1459 524; x_wconf 81' lang='lat' dir='ltr'><strong>fuit</strong></span> 
     </span>
     <span class='ocr_line' id='line_1_3' title="bbox 248 541 1459 623; baseline -0.002 -20"><span class='ocrx_word' id='word_1_18' title='bbox 248 563 335 620; x_wconf 86' lang='lat' dir='ltr'><strong>poena</strong></span> <span class='ocrx_word' id='word_1_19' title='bbox 348 546 413 623; x_wconf 91' lang='lat' dir='ltr'><strong>ejus</strong></span> <span class='ocrx_word' id='word_1_20' title='bbox 426 545 595 622; x_wconf 86' lang='lat' dir='ltr'><strong>personalis,</strong></span> <span class='ocrx_word' id='word_1_21' title='bbox 612 545 683 604; x_wconf 89' lang='lat' dir='ltr'>nihil</span> <span class='ocrx_word' id='word_1_22' title='bbox 697 546 781 604; x_wconf 87' lang='lat' dir='ltr'><strong>nobis</strong></span> <span class='ocrx_word' id='word_1_23' title='bbox 795 555 939 623; x_wconf 77' lang='lat' dir='ltr'><strong>procurat,</strong></span> <span class='ocrx_word' id='word_1_24' title='bbox 955 553 988 604; x_wconf 91' lang='lat' dir='ltr'><strong>ut</strong></span> <span class='ocrx_word' id='word_1_25' title='bbox 1001 542 1197 604; x_wconf 73' lang='lat' dir='ltr'><strong>inobedientia</strong></span> <span class='ocrx_word' id='word_1_26' title='bbox 1215 561 1287 617; x_wconf 90' lang='lat' dir='ltr'><strong>sua;</strong></span> <span class='ocrx_word' id='word_1_27' title='bbox 1309 541 1376 601; x_wconf 91' lang='lat' dir='ltr'><strong>ideo</strong></span> <span class='ocrx_word' id='word_1_28' title='bbox 1397 562 1459 602; x_wconf 89' lang='lat' dir='ltr'><strong>non</strong></span> 
     </span>
     <span class='ocr_line' id='line_1_4' title="bbox 247 621 1459 702; baseline 0 -20"><span class='ocrx_word' id='word_1_29' title='bbox 247 625 341 700; x_wconf 88' lang='lat' dir='ltr'><strong>potuit</strong></span> <span class='ocrx_word' id='word_1_30' title='bbox 366 625 450 684; x_wconf 88' lang='lat' dir='ltr'><strong>nobis</strong></span> <span class='ocrx_word' id='word_1_31' title='bbox 470 625 674 686; x_wconf 87' lang='lat' dir='ltr'><strong>communicari</strong></span> <span class='ocrx_word' id='word_1_32' title='bbox 696 625 842 686; x_wconf 74' lang='lat' dir='ltr'><strong>moraliter</strong></span> <span class='ocrx_word' id='word_1_33' title='bbox 866 634 896 684; x_wconf 90' lang='lat' dir='ltr'><strong>et</strong></span> <span class='ocrx_word' id='word_1_34' title='bbox 916 645 967 702; x_wconf 89' lang='lat' dir='ltr'><strong>per</strong></span> <span class='ocrx_word' id='word_1_35' title='bbox 987 622 1205 702; x_wconf 82' lang='lat' dir='ltr'><strong>imputationem</strong></span> <span class='ocrx_word' id='word_1_36' title='bbox 1227 622 1301 682; x_wconf 73' lang='lat' dir='ltr'><strong>deut</strong></span> <span class='ocrx_word' id='word_1_37' title='bbox 1321 621 1388 696; x_wconf 81' lang='lat' dir='ltr'><strong>ista,</strong></span> <span class='ocrx_word' id='word_1_38' title='bbox 1404 623 1459 684; x_wconf 88' lang='lat' dir='ltr'><strong>sed</strong></span> 
     </span>
     <span class='ocr_line' id='line_1_5' title="bbox 249 704 866 784; baseline 0.003 -22"><span class='ocrx_word' id='word_1_39' title='bbox 249 713 362 764; x_wconf 88' lang='lat' dir='ltr'><strong>tantum</strong></span> <span class='ocrx_word' id='word_1_40' title='bbox 378 704 449 763; x_wconf 89' lang='lat' dir='ltr'><strong>reali</strong></span> <span class='ocrx_word' id='word_1_41' title='bbox 463 714 491 766; x_wconf 89' lang='lat' dir='ltr'><strong>et</strong></span> <span class='ocrx_word' id='word_1_42' title='bbox 504 705 625 784; x_wconf 87' lang='lat' dir='ltr'><strong>physica</strong></span> <span class='ocrx_word' id='word_1_43' title='bbox 638 705 866 764; x_wconf 79' lang='lat' dir='ltr'><strong>transmissione.</strong></span> 
     </span>
    </p>
   </div>
   <div class='ocr_carea' id='block_1_3' title="bbox 134 781 1458 862">
    <p class='ocr_par' dir='ltr' id='par_1_3' title="bbox 134 781 1458 862">
     <span class='ocr_line' id='line_1_6' title="bbox 134 781 1458 862; baseline -0.001 -21"><span class='ocrx_word' id='word_1_44' title='bbox 134 821 140 831; x_wconf 83' lang='lat'>-</span> <span class='ocrx_word' id='word_1_45' title='bbox 249 843 252 848; x_wconf 75' lang='grc'>,</span> <span class='ocrx_word' id='word_1_46' title='bbox 289 784 454 842; x_wconf 83' lang='grc' dir='ltr'><strong>ΧΧΧΙΙΙ.</strong></span> <span class='ocrx_word' id='word_1_47' title='bbox 478 785 559 842; x_wconf 90' lang='lat' dir='ltr'><strong>Licet</strong></span> <span class='ocrx_word' id='word_1_48' title='bbox 568 793 719 862; x_wconf 88' lang='lat' dir='ltr'><strong>peecatum</strong></span> <span class='ocrx_word' id='word_1_49' title='bbox 732 785 858 862; x_wconf 89' lang='lat' dir='ltr'><strong>primum</strong></span> <span class='ocrx_word' id='word_1_50' title='bbox 872 804 931 842; x_wconf 91' lang='lat' dir='ltr'><strong>non</strong></span> <span class='ocrx_word' id='word_1_51' title='bbox 946 784 983 842; x_wconf 91' lang='lat' dir='ltr'><strong>sit</strong></span> <span class='ocrx_word' id='word_1_52' title='bbox 997 781 1191 842; x_wconf 82' lang='lat' dir='ltr'><strong>voluntarium</strong></span> <span class='ocrx_word' id='word_1_53' title='bbox 1210 790 1343 859; x_wconf 80' lang='lat' dir='ltr'><strong>respectu</strong></span> <span class='ocrx_word' id='word_1_54' title='bbox 1363 781 1458 842; x_wconf 79' lang='lat' dir='ltr'><strong>nostri</strong></span> 
     </span>
    </p>
   </div>
   <div class='ocr_carea' id='block_1_4' title="bbox 242 861 1459 3012">
    <p class='ocr_par' dir='ltr' id='par_1_4' title="bbox 248 861 1459 1100">
     <span class='ocr_line' id='line_1_7' title="bbox 248 861 1458 942; baseline 0.002 -24"><span class='ocrx_word' id='word_1_55' title='bbox 248 865 370 938; x_wconf 74' lang='lat' dir='ltr'><strong>realiter,</strong></span> <span class='ocrx_word' id='word_1_56' title='bbox 387 864 455 940; x_wconf 90' lang='lat' dir='ltr'><strong>quia</strong></span> <span class='ocrx_word' id='word_1_57' title='bbox 467 864 584 941; x_wconf 89' lang='lat' dir='ltr'><strong>propria</strong></span> <span class='ocrx_word' id='word_1_58' title='bbox 597 865 748 924; x_wconf 83' lang='lat' dir='ltr'><strong>voluntate</strong></span> <span class='ocrx_word' id='word_1_59' title='bbox 762 884 821 924; x_wconf 88' lang='lat' dir='ltr'><strong>nou</strong></span> <span class='ocrx_word' id='word_1_60' title='bbox 830 865 1023 942; x_wconf 78' lang='lat' dir='ltr'><strong>peccavimus,</strong></span> <span class='ocrx_word' id='word_1_61' title='bbox 1038 869 1135 939; x_wconf 87' lang='lat' dir='ltr'><strong>potest</strong></span> <span class='ocrx_word' id='word_1_62' title='bbox 1149 869 1244 920; x_wconf 89' lang='lat' dir='ltr'><strong>tamen</strong></span> <span class='ocrx_word' id='word_1_63' title='bbox 1259 861 1458 920; x_wconf 87' lang='lat' dir='ltr'><strong>voluntarium</strong></span> 
     </span>
     <span class='ocr_line' id='line_1_8' title="bbox 250 939 1459 1020; baseline 0 -20"><span class='ocrx_word' id='word_1_64' title='bbox 250 943 307 1000; x_wconf 87' lang='lat' dir='ltr'><strong>dici</strong></span> <span class='ocrx_word' id='word_1_65' title='bbox 331 943 485 1017; x_wconf 79' lang='lat' dir='ltr'><strong>moraliter,</strong></span> <span class='ocrx_word' id='word_1_66' title='bbox 508 953 651 1020; x_wconf 91' lang='lat' dir='ltr'><strong>quatenus</strong></span> <span class='ocrx_word' id='word_1_67' title='bbox 673 945 811 1002; x_wconf 89' lang='lat' dir='ltr'><strong>voluntas</strong></span> <span class='ocrx_word' id='word_1_68' title='bbox 832 943 941 1002; x_wconf 84' lang='lat' dir='ltr'><strong>Adami</strong></span> <span class='ocrx_word' id='word_1_69' title='bbox 965 950 1097 1002; x_wconf 81' lang='lat' dir='ltr'><strong>censetur</strong></span> <span class='ocrx_word' id='word_1_70' title='bbox 1120 939 1333 1018; x_wconf 89' lang='lat' dir='ltr'><strong>quodammodo</strong></span> <span class='ocrx_word' id='word_1_71' title='bbox 1357 951 1459 1000; x_wconf 89' lang='lat' dir='ltr'><strong>nostra</strong></span> 
     </span>
     <span class='ocr_line' id='line_1_9' title="bbox 248 1023 893 1100; baseline 0.003 -20"><span class='ocrx_word' id='word_1_72' title='bbox 248 1031 364 1098; x_wconf 90' lang='lat' dir='ltr'><strong>propter</strong></span> <span class='ocrx_word' id='word_1_73' title='bbox 378 1023 470 1082; x_wconf 83' lang='lat' dir='ltr'><strong>nostri</strong></span> <span class='ocrx_word' id='word_1_74' title='bbox 483 1043 549 1082; x_wconf 91' lang='lat' dir='ltr'><strong>cum</strong></span> <span class='ocrx_word' id='word_1_75' title='bbox 564 1023 626 1100; x_wconf 91' lang='lat' dir='ltr'><strong>ipso</strong></span> <span class='ocrx_word' id='word_1_76' title='bbox 641 1025 893 1084; x_wconf 80' lang='lat' dir='ltr'><strong>communionem&#39;</strong></span> 
     </span>
    </p>

    <p class='ocr_par' dir='ltr' id='par_1_5' title="bbox 248 1099 1459 1578">
     <span class='ocr_line' id='line_1_10' title="bbox 288 1099 1458 1180; baseline 0.002 -20"><span class='ocrx_word' id='word_1_77' title='bbox 288 1101 448 1160; x_wconf 87' lang='lat' dir='ltr'>XXXIV.</span> <span class='ocrx_word' id='word_1_78' title='bbox 472 1103 513 1162; x_wconf 88' lang='lat' dir='ltr'><strong>Ut</strong></span> <span class='ocrx_word' id='word_1_79' title='bbox 528 1099 656 1179; x_wconf 65' lang='lat' dir='ltr'><strong>lauriane</strong></span> <span class='ocrx_word' id='word_1_80' title='bbox 671 1104 787 1180; x_wconf 83' lang='lat' dir='ltr'><strong>Christi,</strong></span> <span class='ocrx_word' id='word_1_81' title='bbox 804 1104 883 1180; x_wconf 91' lang='lat' dir='ltr'><strong>quod</strong></span> <span class='ocrx_word' id='word_1_82' title='bbox 897 1103 1014 1162; x_wconf 89' lang='lat' dir='ltr'><strong>unicum</strong></span> <span class='ocrx_word' id='word_1_83' title='bbox 1022 1109 1074 1178; x_wconf 86' lang='lat' dir='ltr'><strong>est,</strong></span> <span class='ocrx_word' id='word_1_84' title='bbox 1085 1109 1181 1179; x_wconf 89' lang='lat' dir='ltr'><strong>potest</strong></span> <span class='ocrx_word' id='word_1_85' title='bbox 1191 1108 1288 1160; x_wconf 89' lang='lat' dir='ltr'><strong>tamen</strong></span> <span class='ocrx_word' id='word_1_86' title='bbox 1298 1099 1458 1162; x_wconf 80' lang='lat' dir='ltr'><strong>innumeris</strong></span> 
     </span>
     <span class='ocr_line' id='line_1_11' title="bbox 248 1182 1458 1260; baseline 0.001 -22"><span class='ocrx_word' id='word_1_87' title='bbox 248 1182 452 1240; x_wconf 72' lang='lat' dir='ltr'><strong>communicari</strong></span> <span class='ocrx_word' id='word_1_88' title='bbox 465 1202 517 1260; x_wconf 90' lang='lat' dir='ltr'><strong>per</strong></span> <span class='ocrx_word' id='word_1_89' title='bbox 530 1183 766 1260; x_wconf 73' lang='lat' dir='ltr'><strong>imputationem,</strong></span> <span class='ocrx_word' id='word_1_90' title='bbox 790 1185 829 1242; x_wconf 90' lang='lat' dir='ltr'><strong>Et</strong></span> <span class='ocrx_word' id='word_1_91' title='bbox 842 1192 875 1242; x_wconf 90' lang='lat' dir='ltr'><strong>ut</strong></span> <span class='ocrx_word' id='word_1_92' title='bbox 895 1191 992 1242; x_wconf 87' lang='lat' dir='ltr'><strong>reatus</strong></span> <span class='ocrx_word' id='word_1_93' title='bbox 1011 1189 1193 1258; x_wconf 89' lang='lat' dir='ltr'><strong>peccatorum</strong></span> <span class='ocrx_word' id='word_1_94' title='bbox 1215 1188 1458 1258; x_wconf 62' lang='lat' dir='ltr'><strong>parentumque</strong></span> 
     </span>
     <span class='ocr_line' id='line_1_12' title="bbox 248 1259 1458 1339; baseline 0.001 -22"><span class='ocrx_word' id='word_1_95' title='bbox 248 1261 425 1338; x_wconf 72' lang='lat' dir='ltr'><strong>imputantur</strong></span> <span class='ocrx_word' id='word_1_96' title='bbox 439 1263 570 1338; x_wconf 89' lang='lat' dir='ltr'><strong>posteris,</strong></span> <span class='ocrx_word' id='word_1_97' title='bbox 587 1283 662 1323; x_wconf 91' lang='lat' dir='ltr'><strong>unus</strong></span> <span class='ocrx_word' id='word_1_98' title='bbox 677 1271 721 1322; x_wconf 88' lang='lat' dir='ltr'><strong>est</strong></span> <span class='ocrx_word' id='word_1_99' title='bbox 735 1271 764 1322; x_wconf 89' lang='lat' dir='ltr'><strong>et</strong></span> <span class='ocrx_word' id='word_1_100' title='bbox 783 1263 912 1339; x_wconf 75' lang='lat' dir='ltr'><strong>aequalis,</strong></span> <span class='ocrx_word' id='word_1_101' title='bbox 927 1261 977 1338; x_wconf 91' lang='lat' dir='ltr'><strong>qui</strong></span> <span class='ocrx_word' id='word_1_102' title='bbox 999 1261 1102 1320; x_wconf 86' lang='lat' dir='ltr'><strong>transit</strong></span> <span class='ocrx_word' id='word_1_103' title='bbox 1122 1262 1153 1318; x_wconf 90' lang='lat' dir='ltr'><strong>in</strong></span> <span class='ocrx_word' id='word_1_104' title='bbox 1174 1279 1292 1320; x_wconf 88' lang='lat' dir='ltr'><strong>ornnes:</strong></span> <span class='ocrx_word' id='word_1_105' title='bbox 1315 1259 1363 1318; x_wconf 90' lang='lat' dir='ltr'><strong>Ita</strong></span> <span class='ocrx_word' id='word_1_106' title='bbox 1383 1259 1458 1318; x_wconf 92' lang='lat' dir='ltr'><strong>nihil</strong></span> 
     </span>
     <span class='ocr_line' id='line_1_13' title="bbox 249 1339 1459 1418; baseline 0 -20"><span class='ocrx_word' id='word_1_107' title='bbox 249 1340 346 1400; x_wconf 90' lang='lat' dir='ltr'><strong>obstat</strong></span> <span class='ocrx_word' id='word_1_108' title='bbox 368 1349 479 1402; x_wconf 91' lang='lat' dir='ltr'><strong>reatum</strong></span> <span class='ocrx_word' id='word_1_109' title='bbox 504 1343 616 1418; x_wconf 88' lang='lat' dir='ltr'><strong>peceati</strong></span> <span class='ocrx_word' id='word_1_110' title='bbox 640 1342 748 1400; x_wconf 89' lang='lat' dir='ltr'><strong>Adami</strong></span> <span class='ocrx_word' id='word_1_111' title='bbox 770 1343 887 1401; x_wconf 90' lang='lat' dir='ltr'><strong>unicum</strong></span> <span class='ocrx_word' id='word_1_112' title='bbox 912 1361 974 1400; x_wconf 89' lang='lat' dir='ltr'><strong>esse</strong></span> <span class='ocrx_word' id='word_1_113' title='bbox 999 1349 1028 1400; x_wconf 94' lang='lat' dir='ltr'><strong>et</strong></span> <span class='ocrx_word' id='word_1_114' title='bbox 1052 1341 1193 1417; x_wconf 73' lang='lat' dir='ltr'><strong>aequalem</strong></span> <span class='ocrx_word' id='word_1_115' title='bbox 1213 1339 1265 1418; x_wconf 92' lang='lat' dir='ltr'><strong>qui</strong></span> <span class='ocrx_word' id='word_1_116' title='bbox 1285 1341 1459 1399; x_wconf 73' lang='lat' dir='ltr'><strong>hanseatIn</strong></span> 
     </span>
     <span class='ocr_line' id='line_1_14' title="bbox 250 1419 1459 1498; baseline 0.001 -21"><span class='ocrx_word' id='word_1_117' title='bbox 250 1440 351 1478; x_wconf 89' lang='lat' dir='ltr'><strong>omnes</strong></span> <span class='ocrx_word' id='word_1_118' title='bbox 366 1440 419 1498; x_wconf 88' lang='lat' dir='ltr'><strong>per</strong></span> <span class='ocrx_word' id='word_1_119' title='bbox 433 1421 661 1497; x_wconf 87' lang='lat' dir='ltr'><strong>imputationem,</strong></span> <span class='ocrx_word' id='word_1_120' title='bbox 677 1422 745 1498; x_wconf 84' lang='lat' dir='ltr'><strong>quia</strong></span> <span class='ocrx_word' id='word_1_121' title='bbox 758 1441 817 1480; x_wconf 91' lang='lat' dir='ltr'><strong>non</strong></span> <span class='ocrx_word' id='word_1_122' title='bbox 831 1421 934 1482; x_wconf 82' lang='lat' dir='ltr'><strong>transit</strong></span> <span class='ocrx_word' id='word_1_123' title='bbox 948 1421 986 1479; x_wconf 90' lang='lat' dir='ltr'><strong>ad</strong></span> <span class='ocrx_word' id='word_1_124' title='bbox 1000 1440 1049 1480; x_wconf 91' lang='lat' dir='ltr'><strong>eos</strong></span> <span class='ocrx_word' id='word_1_125' title='bbox 1063 1441 1115 1497; x_wconf 90' lang='lat' dir='ltr'><strong>per</strong></span> <span class='ocrx_word' id='word_1_126' title='bbox 1135 1419 1316 1496; x_wconf 80' lang='lat' dir='ltr'><strong>divisionem,</strong></span> <span class='ocrx_word' id='word_1_127' title='bbox 1332 1419 1385 1478; x_wconf 89' lang='lat' dir='ltr'><strong>sed</strong></span> <span class='ocrx_word' id='word_1_128' title='bbox 1406 1439 1459 1498; x_wconf 89' lang='lat' dir='ltr'><strong>per</strong></span> 
     </span>
     <span class='ocr_line' id='line_1_15' title="bbox 250 1499 1142 1578; baseline -0.001 -20"><span class='ocrx_word' id='word_1_129' title='bbox 250 1500 489 1574; x_wconf 87' lang='lat' dir='ltr'><strong>communionem,</strong></span> <span class='ocrx_word' id='word_1_130' title='bbox 506 1509 648 1577; x_wconf 87' lang='lat' dir='ltr'><strong>qnatenus</strong></span> <span class='ocrx_word' id='word_1_131' title='bbox 664 1521 764 1560; x_wconf 89' lang='lat' dir='ltr'><strong>omnes</strong></span> <span class='ocrx_word' id='word_1_132' title='bbox 775 1501 879 1578; x_wconf 87' lang='lat' dir='ltr'><strong>dignos</strong></span> <span class='ocrx_word' id='word_1_133' title='bbox 892 1521 979 1578; x_wconf 87' lang='lat' dir='ltr'><strong>poena</strong></span> <span class='ocrx_word' id='word_1_134' title='bbox 992 1521 1026 1560; x_wconf 89' lang='lat' dir='ltr'><strong>aa</strong></span> <span class='ocrx_word' id='word_1_135' title='bbox 1039 1499 1142 1558; x_wconf 89' lang='lat' dir='ltr'><strong>reddit.</strong></span> 
     </span>
    </p>

    <p class='ocr_par' dir='ltr' id='par_1_6' title="bbox 247 1578 1458 2135">
     <span class='ocr_line' id='line_1_16' title="bbox 289 1578 1458 1657; baseline 0.002 -21"><span class='ocrx_word' id='word_1_136' title='bbox 289 1579 432 1640; x_wconf 89' lang='lat' dir='ltr'>XXXV.</span> <span class='ocrx_word' id='word_1_137' title='bbox 449 1579 531 1639; x_wconf 87' lang='lat' dir='ltr'><strong>Licet</strong></span> <span class='ocrx_word' id='word_1_138' title='bbox 548 1581 627 1640; x_wconf 89' lang='lat' dir='ltr'><strong>Deus</strong></span> <span class='ocrx_word' id='word_1_139' title='bbox 651 1581 688 1639; x_wconf 89' lang='lat' dir='ltr'><strong>sit</strong></span> <span class='ocrx_word' id='word_1_140' title='bbox 703 1581 806 1641; x_wconf 86' lang='lat' dir='ltr'><strong>author</strong></span> <span class='ocrx_word' id='word_1_141' title='bbox 819 1580 936 1640; x_wconf 81' lang='lat' dir='ltr'><strong>foederis</strong></span> <span class='ocrx_word' id='word_1_142' title='bbox 955 1581 1034 1640; x_wconf 89' lang='lat' dir='ltr'><strong>illius</strong></span> <span class='ocrx_word' id='word_1_143' title='bbox 1048 1580 1126 1657; x_wconf 91' lang='lat' dir='ltr'><strong>quod</strong></span> <span class='ocrx_word' id='word_1_144' title='bbox 1140 1600 1205 1640; x_wconf 89' lang='lat' dir='ltr'><strong>eum</strong></span> <span class='ocrx_word' id='word_1_145' title='bbox 1220 1578 1335 1638; x_wconf 84' lang='lat' dir='ltr'><strong>Adamo</strong></span> <span class='ocrx_word' id='word_1_146' title='bbox 1350 1578 1458 1638; x_wconf 87' lang='lat' dir='ltr'><strong>initum</strong></span> 
     </span>
     <span class='ocr_line' id='line_1_17' title="bbox 248 1659 1458 1738; baseline 0.002 -22"><span class='ocrx_word' id='word_1_147' title='bbox 248 1667 301 1732; x_wconf 87' lang='lat' dir='ltr'><strong>est,</strong></span> <span class='ocrx_word' id='word_1_148' title='bbox 316 1659 354 1716; x_wconf 88' lang='lat' dir='ltr'><strong>ad</strong></span> <span class='ocrx_word' id='word_1_149' title='bbox 368 1659 446 1734; x_wconf 90' lang='lat' dir='ltr'><strong>quod</strong></span> <span class='ocrx_word' id='word_1_150' title='bbox 460 1661 590 1736; x_wconf 87' lang='lat' dir='ltr'><strong>sequitur</strong></span> <span class='ocrx_word' id='word_1_151' title='bbox 603 1661 713 1737; x_wconf 89' lang='lat' dir='ltr'><strong>peceati</strong></span> <span class='ocrx_word' id='word_1_152' title='bbox 728 1660 864 1719; x_wconf 87' lang='lat' dir='ltr'><strong>Adamiei</strong></span> <span class='ocrx_word' id='word_1_153' title='bbox 878 1660 1040 1720; x_wconf 90' lang='lat' dir='ltr'><strong>communio</strong></span> <span class='ocrx_word' id='word_1_154' title='bbox 1054 1669 1083 1718; x_wconf 91' lang='lat' dir='ltr'><strong>et</strong></span> <span class='ocrx_word' id='word_1_155' title='bbox 1097 1659 1265 1736; x_wconf 84' lang='lat' dir='ltr'><strong>imputatio;</strong></span> <span class='ocrx_word' id='word_1_156' title='bbox 1282 1659 1349 1717; x_wconf 90' lang='lat' dir='ltr'><strong>Non</strong></span> <span class='ocrx_word' id='word_1_157' title='bbox 1369 1679 1458 1738; x_wconf 90' lang='lat' dir='ltr'><strong>prop-</strong></span> 
     </span>
     <span class='ocr_line' id='line_1_18' title="bbox 247 1739 1457 1817; baseline 0.003 -21"><span class='ocrx_word' id='word_1_158' title='bbox 247 1746 325 1796; x_wconf 90' lang='lat' dir='ltr'><strong>teroa</strong></span> <span class='ocrx_word' id='word_1_159' title='bbox 345 1747 441 1814; x_wconf 87' lang='lat' dir='ltr'><strong>potest</strong></span> <span class='ocrx_word' id='word_1_160' title='bbox 461 1747 511 1798; x_wconf 89' lang='lat' dir='ltr'><strong>aut</strong></span> <span class='ocrx_word' id='word_1_161' title='bbox 532 1739 619 1798; x_wconf 89' lang='lat' dir='ltr'><strong>debet</strong></span> <span class='ocrx_word' id='word_1_162' title='bbox 633 1741 743 1798; x_wconf 86' lang='lat' dir='ltr'><strong>censeri</strong></span> <span class='ocrx_word' id='word_1_163' title='bbox 758 1741 860 1798; x_wconf 89' lang='lat' dir='ltr'><strong>author</strong></span> <span class='ocrx_word' id='word_1_164' title='bbox 874 1741 993 1817; x_wconf 82' lang='lat' dir='ltr'><strong>peccati</strong></span> <span class='ocrx_word' id='word_1_165' title='bbox 1036 1739 1110 1812; x_wconf 86' lang='lat' dir='ltr'><strong>Quia</strong></span> <span class='ocrx_word' id='word_1_166' title='bbox 1123 1747 1272 1816; x_wconf 85' lang='lat' dir='ltr'><strong>peceatum</strong></span> <span class='ocrx_word' id='word_1_167' title='bbox 1286 1759 1345 1798; x_wconf 91' lang='lat' dir='ltr'><strong>non</strong></span> <span class='ocrx_word' id='word_1_168' title='bbox 1360 1747 1457 1800; x_wconf 84' lang='lat' dir='ltr'><strong>ortum</strong></span> 
     </span>
     <span class='ocr_line' id='line_1_19' title="bbox 248 1818 1457 1896; baseline 0.003 -21"><span class='ocrx_word' id='word_1_169' title='bbox 248 1827 291 1876; x_wconf 89' lang='lat' dir='ltr'><strong>cst</strong></span> <span class='ocrx_word' id='word_1_170' title='bbox 305 1837 356 1895; x_wconf 89' lang='lat' dir='ltr'><strong>per</strong></span> <span class='ocrx_word' id='word_1_171' title='bbox 371 1837 401 1876; x_wconf 90' lang='lat' dir='ltr'><strong>se</strong></span> <span class='ocrx_word' id='word_1_172' title='bbox 416 1839 454 1876; x_wconf 84' lang='lat' dir='ltr'><strong>ex</strong></span> <span class='ocrx_word' id='word_1_173' title='bbox 468 1818 519 1877; x_wconf 92' lang='lat' dir='ltr'><strong>illo</strong></span> <span class='ocrx_word' id='word_1_174' title='bbox 533 1819 648 1893; x_wconf 75' lang='lat' dir='ltr'><strong>fordere,</strong></span> <span class='ocrx_word' id='word_1_175' title='bbox 662 1819 713 1878; x_wconf 90' lang='lat' dir='ltr'><strong>sed</strong></span> <span class='ocrx_word' id='word_1_176' title='bbox 727 1827 839 1878; x_wconf 90' lang='lat' dir='ltr'><strong>tantum</strong></span> <span class='ocrx_word' id='word_1_177' title='bbox 853 1841 905 1896; x_wconf 89' lang='lat' dir='ltr'><strong>per</strong></span> <span class='ocrx_word' id='word_1_178' title='bbox 915 1820 1048 1879; x_wconf 87' lang='lat' dir='ltr'><strong>accidens</strong></span> <span class='ocrx_word' id='word_1_179' title='bbox 1061 1827 1178 1896; x_wconf 85' lang='lat' dir='ltr'><strong>propter</strong></span> <span class='ocrx_word' id='word_1_180' title='bbox 1191 1819 1316 1878; x_wconf 91' lang='lat' dir='ltr'><strong>hominis</strong></span> <span class='ocrx_word' id='word_1_181' title='bbox 1336 1821 1457 1894; x_wconf 62' lang='lat' dir='ltr'><strong>inquiri:</strong></span> 
     </span>
     <span class='ocr_line' id='line_1_20' title="bbox 251 1897 1457 1976; baseline 0.003 -22"><span class='ocrx_word' id='word_1_182' title='bbox 251 1897 311 1956; x_wconf 82' lang='lat' dir='ltr'><strong>Nee</strong></span> <span class='ocrx_word' id='word_1_183' title='bbox 326 1899 420 1973; x_wconf 86' lang='lat' dir='ltr'><strong>megia</strong></span> <span class='ocrx_word' id='word_1_184' title='bbox 433 1907 529 1974; x_wconf 88' lang='lat' dir='ltr'><strong>potest</strong></span> <span class='ocrx_word' id='word_1_185' title='bbox 543 1899 654 1958; x_wconf 88' lang='lat' dir='ltr'><strong>censeri</strong></span> <span class='ocrx_word' id='word_1_186' title='bbox 668 1901 731 1976; x_wconf 87' lang='lat' dir='ltr'><strong>ejus</strong></span> <span class='ocrx_word' id='word_1_187' title='bbox 751 1901 863 1976; x_wconf 87' lang='lat' dir='ltr'><strong>peccati</strong></span> <span class='ocrx_word' id='word_1_188' title='bbox 884 1900 996 1975; x_wconf 87' lang='lat' dir='ltr'><strong>author,</strong></span> <span class='ocrx_word' id='word_1_189' title='bbox 1012 1918 1097 1975; x_wconf 88' lang='lat' dir='ltr'><strong>quam</strong></span> <span class='ocrx_word' id='word_1_190' title='bbox 1120 1909 1253 1958; x_wconf 88' lang='lat' dir='ltr'><strong>censetur</strong></span> <span class='ocrx_word' id='word_1_191' title='bbox 1273 1899 1336 1976; x_wconf 89' lang='lat' dir='ltr'><strong>ejus</strong></span> <span class='ocrx_word' id='word_1_192' title='bbox 1358 1920 1457 1976; x_wconf 88' lang='lat' dir='ltr'><strong>causa,</strong></span> 
     </span>
     <span class='ocr_line' id='line_1_21' title="bbox 248 1977 1457 2056; baseline 0.004 -22"><span class='ocrx_word' id='word_1_193' title='bbox 248 1997 282 2034; x_wconf 88' lang='lat' dir='ltr'><strong>eo</strong></span> <span class='ocrx_word' id='word_1_194' title='bbox 293 1977 372 2054; x_wconf 94' lang='lat' dir='ltr'><strong>quod</strong></span> <span class='ocrx_word' id='word_1_195' title='bbox 385 1986 535 2054; x_wconf 86' lang='lat' dir='ltr'><strong>peecatum</strong></span> <span class='ocrx_word' id='word_1_196' title='bbox 550 1978 608 2052; x_wconf 88' lang='lat' dir='ltr'><strong>fiat,</strong></span> <span class='ocrx_word' id='word_1_197' title='bbox 625 1979 672 2037; x_wconf 89' lang='lat' dir='ltr'><strong>vel</strong></span> <span class='ocrx_word' id='word_1_198' title='bbox 687 1979 724 2036; x_wconf 87' lang='lat' dir='ltr'><strong>ad</strong></span> <span class='ocrx_word' id='word_1_199' title='bbox 738 1999 791 2037; x_wconf 89' lang='lat' dir='ltr'><strong>nos</strong></span> <span class='ocrx_word' id='word_1_200' title='bbox 805 1988 989 2056; x_wconf 87' lang='lat' dir='ltr'><strong>propagetur,</strong></span> <span class='ocrx_word' id='word_1_201' title='bbox 1002 1979 1071 2056; x_wconf 91' lang='lat' dir='ltr'><strong>quia</strong></span> <span class='ocrx_word' id='word_1_202' title='bbox 1084 1979 1177 2037; x_wconf 87' lang='lat' dir='ltr'><strong>voluit</strong></span> <span class='ocrx_word' id='word_1_203' title='bbox 1191 1977 1264 2037; x_wconf 90' lang='lat' dir='ltr'><strong>illud</strong></span> <span class='ocrx_word' id='word_1_204' title='bbox 1278 1979 1457 2056; x_wconf 87' lang='lat' dir='ltr'><strong>permittere,</strong></span> 
     </span>
     <span class='ocr_line' id='line_1_22' title="bbox 250 2056 575 2135; baseline 0.009 -22"><span class='ocrx_word' id='word_1_205' title='bbox 250 2065 278 2114; x_wconf 93' lang='lat' dir='ltr'><strong>et</strong></span> <span class='ocrx_word' id='word_1_206' title='bbox 293 2056 331 2134; x_wconf 86' lang='lat' dir='ltr'><strong>ad</strong></span> <span class='ocrx_word' id='word_1_207' title='bbox 345 2077 398 2116; x_wconf 90' lang='lat' dir='ltr'><strong>nos</strong></span> <span class='ocrx_word' id='word_1_208' title='bbox 412 2057 575 2135; x_wconf 86' lang='lat' dir='ltr'><strong>propagari.</strong></span> 
     </span>
    </p>

    <p class='ocr_par' dir='ltr' id='par_1_7' title="bbox 242 2135 1458 2830">
     <span class='ocr_line' id='line_1_23' title="bbox 290 2135 1457 2216; baseline 0.002 -22"><span class='ocrx_word' id='word_1_209' title='bbox 290 2135 450 2195; x_wconf 85' lang='lat' dir='ltr'>XXXVI.</span> <span class='ocrx_word' id='word_1_210' title='bbox 474 2137 539 2196; x_wconf 90' lang='lat' dir='ltr'><strong>Non</strong></span> <span class='ocrx_word' id='word_1_211' title='bbox 559 2138 659 2198; x_wconf 84' lang='lat' dir='ltr'><strong>eadem</strong></span> <span class='ocrx_word' id='word_1_212' title='bbox 681 2147 725 2196; x_wconf 88' lang='lat' dir='ltr'><strong>est</strong></span> <span class='ocrx_word' id='word_1_213' title='bbox 746 2139 819 2198; x_wconf 89' lang='lat' dir='ltr'><strong>ratio</strong></span> <span class='ocrx_word' id='word_1_214' title='bbox 841 2147 1023 2216; x_wconf 87' lang='lat' dir='ltr'><strong>peecatorum</strong></span> <span class='ocrx_word' id='word_1_215' title='bbox 1047 2137 1176 2214; x_wconf 85' lang='lat' dir='ltr'><strong>aliorum,</strong></span> <span class='ocrx_word' id='word_1_216' title='bbox 1192 2158 1257 2216; x_wconf 78' lang='lat' dir='ltr'><strong>quse</strong></span> <span class='ocrx_word' id='word_1_217' title='bbox 1278 2137 1316 2195; x_wconf 86' lang='lat' dir='ltr'><strong>ab</strong></span> <span class='ocrx_word' id='word_1_218' title='bbox 1338 2136 1457 2196; x_wconf 82' lang='lat' dir='ltr'><strong>Adamo</strong></span> 
     </span>
     <span class='ocr_line' id='line_1_24' title="bbox 248 2215 1457 2296; baseline 0.002 -22"><span class='ocrx_word' id='word_1_219' title='bbox 248 2216 402 2274; x_wconf 88' lang='lat' dir='ltr'><strong>commissa</strong></span> <span class='ocrx_word' id='word_1_220' title='bbox 426 2226 502 2292; x_wconf 90' lang='lat' dir='ltr'><strong>sunt,</strong></span> <span class='ocrx_word' id='word_1_221' title='bbox 518 2226 547 2276; x_wconf 90' lang='lat' dir='ltr'><strong>et</strong></span> <span class='ocrx_word' id='word_1_222' title='bbox 569 2217 653 2295; x_wconf 89' lang='lat' dir='ltr'><strong>primi</strong></span> <span class='ocrx_word' id='word_1_223' title='bbox 676 2217 754 2294; x_wconf 91' lang='lat' dir='ltr'><strong>quod</strong></span> <span class='ocrx_word' id='word_1_224' title='bbox 778 2219 862 2276; x_wconf 89' lang='lat' dir='ltr'><strong>nobis</strong></span> <span class='ocrx_word' id='word_1_225' title='bbox 886 2219 1061 2296; x_wconf 83' lang='lat' dir='ltr'><strong>Imputatur;</strong></span> <span class='ocrx_word' id='word_1_226' title='bbox 1087 2217 1161 2292; x_wconf 87' lang='lat' dir='ltr'><strong>Quia</strong></span> <span class='ocrx_word' id='word_1_227' title='bbox 1181 2225 1285 2276; x_wconf 70' lang='lat' dir='ltr'><strong>caemra</strong></span> <span class='ocrx_word' id='word_1_228' title='bbox 1304 2215 1385 2278; x_wconf 82' lang='lat' dir='ltr'><strong>fuere</strong></span> <span class='ocrx_word' id='word_1_229' title='bbox 1400 2215 1457 2296; x_wconf 89' lang='lat' dir='ltr'><strong>ipsi</strong></span> 
     </span>
     <span class='ocr_line' id='line_1_25' title="bbox 242 2295 1457 2374; baseline 0.002 -20"><span class='ocrx_word' id='word_1_230' title='bbox 242 2295 409 2370; x_wconf 80' lang='lat' dir='ltr'><strong>personalia</strong></span> <span class='ocrx_word' id='word_1_231' title='bbox 435 2296 612 2372; x_wconf 90' lang='lat' dir='ltr'><strong>simpliciter,</strong></span> <span class='ocrx_word' id='word_1_232' title='bbox 627 2305 686 2356; x_wconf 89' lang='lat' dir='ltr'><strong>tam</strong></span> <span class='ocrx_word' id='word_1_233' title='bbox 712 2298 873 2370; x_wconf 76' lang='lat' dir='ltr'><strong>inschoative,</strong></span> <span class='ocrx_word' id='word_1_234' title='bbox 901 2319 986 2374; x_wconf 90' lang='lat' dir='ltr'><strong>quam</strong></span> <span class='ocrx_word' id='word_1_235' title='bbox 1012 2297 1193 2370; x_wconf 77' lang='lat' dir='ltr'><strong>ternnnatiue,</strong></span> <span class='ocrx_word' id='word_1_236' title='bbox 1221 2304 1287 2374; x_wconf 82' lang='lat' dir='ltr'><strong>post</strong></span> <span class='ocrx_word' id='word_1_237' title='bbox 1313 2297 1457 2356; x_wconf 85' lang='lat' dir='ltr'><strong>violatum</strong></span> 
     </span>
     <span class='ocr_line' id='line_1_26' title="bbox 248 2373 1456 2514; baseline 0.003 -84"><span class='ocrx_word' id='word_1_238' title='bbox 248 2375 349 2448; x_wconf 81' lang='lat' dir='ltr'><strong>foedae,</strong></span> <span class='ocrx_word' id='word_1_239' title='bbox 366 2373 444 2450; x_wconf 88' lang='lat' dir='ltr'><strong>quod</strong></span> <span class='ocrx_word' id='word_1_240' title='bbox 460 2375 540 2434; x_wconf 87' lang='lat' dir='ltr'><strong>Deus</strong></span> <span class='ocrx_word' id='word_1_241' title='bbox 561 2397 625 2434; x_wconf 88' lang='lat' dir='ltr'><strong>eum</strong></span> <span class='ocrx_word' id='word_1_242' title='bbox 648 2376 698 2434; x_wconf 93' lang='lat' dir='ltr'><strong>illo</strong></span> <span class='ocrx_word' id='word_1_243' title='bbox 718 2377 875 2454; x_wconf 84' lang='lat' dir='ltr'><strong>pepigerat,</strong></span> <span class='ocrx_word' id='word_1_244' title='bbox 898 2385 927 2438; x_wconf 89' lang='lat' dir='ltr'><strong>et</strong></span> <span class='ocrx_word' id='word_1_245' title='bbox 947 2377 1106 2454; x_wconf 88' lang='lat' dir='ltr'><strong>depositam</strong></span> <span class='ocrx_word' id='word_1_246' title='bbox 1118 2396 1278 2514; x_wconf 63' lang='lat' dir='ltr'><strong>personam</strong></span> <span class='ocrx_word' id='word_1_247' title='bbox 1298 2375 1456 2452; x_wconf 83' lang='lat' dir='ltr'><strong>publicam,</strong></span> 
     </span>
     <span class='ocr_line' id='line_1_27' title="bbox 247 2454 1458 2534; baseline 0.002 -22"><span class='ocrx_word' id='word_1_248' title='bbox 247 2472 333 2529; x_wconf 89' lang='lat' dir='ltr'><strong>quarn</strong></span> <span class='ocrx_word' id='word_1_249' title='bbox 349 2454 518 2514; x_wconf 82' lang='lat' dir='ltr'><strong>sustinebat.</strong></span> <span class='ocrx_word' id='word_1_250' title='bbox 563 2455 637 2514; x_wconf 88' lang='lat' dir='ltr'><strong>Nam</strong></span> <span class='ocrx_word' id='word_1_251' title='bbox 652 2455 721 2514; x_wconf 88' lang='lat' dir='ltr'><strong>lieet</strong></span> <span class='ocrx_word' id='word_1_252' title='bbox 735 2464 801 2532; x_wconf 88' lang='lat' dir='ltr'><strong>post</strong></span> <span class='ocrx_word' id='word_1_253' title='bbox 813 2456 938 2533; x_wconf 89' lang='lat' dir='ltr'><strong>primum</strong></span> <span class='ocrx_word' id='word_1_254' title='bbox 952 2465 1103 2534; x_wconf 88' lang='lat' dir='ltr'><strong>peccatum</strong></span> <span class='ocrx_word' id='word_1_255' title='bbox 1148 2455 1250 2516; x_wconf 84' lang='lat' dir='ltr'><strong>damus</strong></span> <span class='ocrx_word' id='word_1_256' title='bbox 1264 2476 1323 2514; x_wconf 93' lang='lat' dir='ltr'><strong>non</strong></span> <span class='ocrx_word' id='word_1_257' title='bbox 1336 2455 1458 2516; x_wconf 84' lang='lat' dir='ltr'><strong>desierit</strong></span> 
     </span>
     <span class='ocr_line' id='line_1_28' title="bbox 247 2533 1455 2614; baseline 0.004 -25"><span class='ocrx_word' id='word_1_258' title='bbox 247 2551 310 2590; x_wconf 90' lang='lat' dir='ltr'><strong>esse</strong></span> <span class='ocrx_word' id='word_1_259' title='bbox 327 2533 422 2608; x_wconf 79' lang='lat' dir='ltr'><strong>Caput</strong></span> <span class='ocrx_word' id='word_1_260' title='bbox 440 2534 550 2592; x_wconf 88' lang='lat' dir='ltr'><strong>ratione</strong></span> <span class='ocrx_word' id='word_1_261' title='bbox 572 2535 697 2610; x_wconf 72' lang='lat' dir='ltr'><strong>originis,</strong></span> <span class='ocrx_word' id='word_1_262' title='bbox 713 2535 799 2594; x_wconf 88' lang='lat' dir='ltr'><strong>desiit</strong></span> <span class='ocrx_word' id='word_1_263' title='bbox 820 2544 916 2594; x_wconf 85' lang='lat' dir='ltr'><strong>tamen</strong></span> <span class='ocrx_word' id='word_1_264' title='bbox 938 2555 1001 2594; x_wconf 89' lang='lat' dir='ltr'><strong>csse</strong></span> <span class='ocrx_word' id='word_1_265' title='bbox 1017 2535 1112 2612; x_wconf 77' lang='lat' dir='ltr'><strong>Caput</strong></span> <span class='ocrx_word' id='word_1_266' title='bbox 1131 2535 1389 2614; x_wconf 69' lang='lat' dir='ltr'><strong>repraesentativum</strong></span> <span class='ocrx_word' id='word_1_267' title='bbox 1410 2555 1455 2594; x_wconf 91' lang='lat' dir='ltr'><strong>re·</strong></span> 
     </span>
     <span class='ocr_line' id='line_1_29' title="bbox 246 2611 1456 2694; baseline 0.005 -26"><span class='ocrx_word' id='word_1_268' title='bbox 246 2611 353 2670; x_wconf 86' lang='lat' dir='ltr'><strong>latione</strong></span> <span class='ocrx_word' id='word_1_269' title='bbox 361 2612 489 2686; x_wconf 72' lang='lat' dir='ltr'><strong>sedern.</strong></span> <span class='ocrx_word' id='word_1_270' title='bbox 534 2612 592 2670; x_wconf 88' lang='lat' dir='ltr'><strong>Sed</strong></span> <span class='ocrx_word' id='word_1_271' title='bbox 605 2613 730 2689; x_wconf 90' lang='lat' dir='ltr'><strong>primum</strong></span> <span class='ocrx_word' id='word_1_272' title='bbox 744 2613 812 2673; x_wconf 92' lang='lat' dir='ltr'><strong>licet</strong></span> <span class='ocrx_word' id='word_1_273' title='bbox 823 2616 861 2674; x_wconf 89' lang='lat' dir='ltr'><strong>sit</strong></span> <span class='ocrx_word' id='word_1_274' title='bbox 875 2616 1025 2691; x_wconf 86' lang='lat' dir='ltr'><strong>personale</strong></span> <span class='ocrx_word' id='word_1_275' title='bbox 1034 2615 1208 2690; x_wconf 81' lang='lat' dir='ltr'><strong>irnchoative,</strong></span> <span class='ocrx_word' id='word_1_276' title='bbox 1218 2616 1286 2694; x_wconf 87' lang='lat' dir='ltr'><strong>quia</strong></span> <span class='ocrx_word' id='word_1_277' title='bbox 1299 2635 1317 2674; x_wconf 89' lang='lat' dir='ltr'><strong>a</strong></span> <span class='ocrx_word' id='word_1_278' title='bbox 1330 2635 1456 2693; x_wconf 87' lang='lat' dir='ltr'><strong>persona</strong></span> 
     </span>
     <span class='ocr_line' id='line_1_30' title="bbox 247 2689 1455 2826; baseline 0.003 -78"><span class='ocrx_word' id='word_1_279' title='bbox 247 2689 388 2826; x_wconf 66' lang='lat' dir='ltr'><strong>singulpri</strong></span> <span class='ocrx_word' id='word_1_280' title='bbox 403 2697 497 2752; x_wconf 89' lang='lat' dir='ltr'><strong>ortum</strong></span> <span class='ocrx_word' id='word_1_281' title='bbox 517 2701 569 2768; x_wconf 87' lang='lat' dir='ltr'><strong>est,</strong></span> <span class='ocrx_word' id='word_1_282' title='bbox 587 2711 645 2750; x_wconf 91' lang='lat' dir='ltr'><strong>non</strong></span> <span class='ocrx_word' id='word_1_283' title='bbox 667 2700 762 2752; x_wconf 89' lang='lat' dir='ltr'><strong>tamen</strong></span> <span class='ocrx_word' id='word_1_284' title='bbox 783 2693 840 2752; x_wconf 86' lang='lat' dir='ltr'><strong>tale</strong></span> <span class='ocrx_word' id='word_1_285' title='bbox 862 2693 903 2752; x_wconf 87' lang='lat' dir='ltr'><strong>fui</strong></span> <span class='ocrx_word' id='word_1_286' title='bbox 939 2697 1119 2772; x_wconf 82' lang='lat' dir='ltr'><strong>terminatioe,</strong></span> <span class='ocrx_word' id='word_1_287' title='bbox 1135 2695 1204 2774; x_wconf 90' lang='lat' dir='ltr'><strong>quia</strong></span> <span class='ocrx_word' id='word_1_288' title='bbox 1224 2693 1357 2774; x_wconf 90' lang='lat' dir='ltr'><strong>pluribus</strong></span> <span class='ocrx_word' id='word_1_289' title='bbox 1377 2713 1455 2754; x_wconf 88' lang='lat' dir='ltr'><strong>eorn-</strong></span> 
     </span>
     <span class='ocr_line' id='line_1_31' title="bbox 247 2769 411 2830; baseline 0 -2"><span class='ocrx_word' id='word_1_290' title='bbox 247 2789 333 2830; x_wconf 87' lang='lat' dir='ltr'><strong>mune</strong></span> <span class='ocrx_word' id='word_1_291' title='bbox 360 2769 411 2829; x_wconf 91' lang='lat' dir='ltr'><strong>uit.</strong></span> 
     </span>
    </p>

    <p class='ocr_par' dir='ltr' id='par_1_8' title="bbox 246 2849 1454 3012">
     <span class='ocr_line' id='line_1_32' title="bbox 288 2849 1454 2932; baseline 0.005 -24"><span class='ocrx_word' id='word_1_292' title='bbox 288 2849 466 2910; x_wconf 85' lang='lat' dir='ltr'>XXXVII.</span> <span class='ocrx_word' id='word_1_293' title='bbox 489 2851 623 2912; x_wconf 81' lang='lat' dir='ltr'><strong>Canentis</strong></span> <span class='ocrx_word' id='word_1_294' title='bbox 631 2852 753 2930; x_wconf 86' lang='lat' dir='ltr'><strong>justitiae</strong></span> <span class='ocrx_word' id='word_1_295' title='bbox 768 2853 918 2931; x_wconf 83' lang='lat' dir='ltr'><strong>originalia</strong></span> <span class='ocrx_word' id='word_1_296' title='bbox 929 2855 1052 2932; x_wconf 83' lang='lat' dir='ltr'><strong>spectari</strong></span> <span class='ocrx_word' id='word_1_297' title='bbox 1061 2863 1164 2932; x_wconf 85' lang='lat' dir='ltr'><strong>potest,</strong></span> <span class='ocrx_word' id='word_1_298' title='bbox 1176 2855 1225 2918; x_wconf 88' lang='lat' dir='ltr'><strong>vel</strong></span> <span class='ocrx_word' id='word_1_299' title='bbox 1230 2855 1343 2932; x_wconf 72' lang='lat' dir='ltr'><strong>passim</strong></span> <span class='ocrx_word' id='word_1_300' title='bbox 1352 2862 1454 2931; x_wconf 87' lang='lat' dir='ltr'><strong>quate-</strong></span> 
     </span>
     <span class='ocr_line' id='line_1_33' title="bbox 246 2931 1451 3012; baseline 0.004 -24"><span class='ocrx_word' id='word_1_301' title='bbox 246 2951 302 2989; x_wconf 88' lang='lat' dir='ltr'><strong>nus</strong></span> <span class='ocrx_word' id='word_1_302' title='bbox 315 2932 458 3006; x_wconf 68' lang='lat' dir='ltr'><strong>eatp‘ectiee</strong></span> <span class='ocrx_word' id='word_1_303' title='bbox 473 2941 516 2990; x_wconf 88' lang='lat' dir='ltr'><strong>est</strong></span> <span class='ocrx_word' id='word_1_304' title='bbox 531 2932 561 2989; x_wconf 89' lang='lat' dir='ltr'><strong>in</strong></span> <span class='ocrx_word' id='word_1_305' title='bbox 575 2931 700 3007; x_wconf 90' lang='lat' dir='ltr'><strong>homine,</strong></span> <span class='ocrx_word' id='word_1_306' title='bbox 715 2933 764 2992; x_wconf 87' lang='lat' dir='ltr'><strong>vel</strong></span> <span class='ocrx_word' id='word_1_307' title='bbox 778 2935 865 2994; x_wconf 75' lang='lat' dir='ltr'><strong>actiae</strong></span> <span class='ocrx_word' id='word_1_308' title='bbox 884 2947 1027 3012; x_wconf 87' lang='lat' dir='ltr'><strong>quatenus</strong></span> <span class='ocrx_word' id='word_1_309' title='bbox 1033 2936 1210 3010; x_wconf 82' lang='lat' dir='ltr'><strong>judicialiter</strong></span> <span class='ocrx_word' id='word_1_310' title='bbox 1228 2955 1246 2992; x_wconf 87' lang='lat' dir='ltr'><strong>a</strong></span> <span class='ocrx_word' id='word_1_311' title='bbox 1261 2936 1324 2994; x_wconf 92' lang='lat' dir='ltr'><strong>Deo</strong></span> <span class='ocrx_word' id='word_1_312' title='bbox 1345 2933 1451 2993; x_wconf 89' lang='lat' dir='ltr'><strong>immit-</strong></span> 
     </span>
    </p>
   </div>
   <div class='ocr_carea' id='block_1_5' title="bbox 148 3009 1451 3092">
    <p class='ocr_par' dir='ltr' id='par_1_9' title="bbox 148 3009 1451 3092">
     <span class='ocr_line' id='line_1_34' title="bbox 148 3009 1451 3092; baseline 0.002 -24"><span class='ocrx_word' id='word_1_313' title='bbox 148 3033 156 3044; x_wconf 83' lang='lat'><em>·</em></span> <span class='ocrx_word' id='word_1_314' title='bbox 247 3011 336 3085; x_wconf 89' lang='lat' dir='ltr'><strong>titur;</strong></span> <span class='ocrx_word' id='word_1_315' title='bbox 359 3009 417 3069; x_wconf 89' lang='lat' dir='ltr'><strong>Vel</strong></span> <span class='ocrx_word' id='word_1_316' title='bbox 431 3021 563 3089; x_wconf 89' lang='lat' dir='ltr'><strong>respectu</strong></span> <span class='ocrx_word' id='word_1_317' title='bbox 578 3014 648 3071; x_wconf 74' lang='lat' dir='ltr'><strong>niati</strong></span> <span class='ocrx_word' id='word_1_318' title='bbox 671 3014 768 3090; x_wconf 70' lang='lat' dir='ltr'><strong>turpis,</strong></span> <span class='ocrx_word' id='word_1_319' title='bbox 791 3014 870 3090; x_wconf 91' lang='lat' dir='ltr'><strong>qnod</strong></span> <span class='ocrx_word' id='word_1_320' title='bbox 890 3015 1019 3088; x_wconf 90' lang='lat' dir='ltr'><strong>includit,</strong></span> <span class='ocrx_word' id='word_1_321' title='bbox 1036 3014 1094 3072; x_wconf 91' lang='lat' dir='ltr'><strong>Vel</strong></span> <span class='ocrx_word' id='word_1_322' title='bbox 1113 3024 1246 3092; x_wconf 88' lang='lat' dir='ltr'><strong>respectu</strong></span> <span class='ocrx_word' id='word_1_323' title='bbox 1267 3015 1338 3074; x_wconf 77' lang='lat' dir='ltr'><strong>mali</strong></span> <span class='ocrx_word' id='word_1_324' title='bbox 1356 3015 1451 3088; x_wconf 83' lang='lat' dir='ltr'><strong>trr&#39;stis,</strong></span> 
     </span>
    </p>
   </div>
   <div class='ocr_carea' id='block_1_6' title="bbox 242 3090 1453 4602">
    <p class='ocr_par' dir='ltr' id='par_1_10' title="bbox 246 3090 1453 3332">
     <span class='ocr_line' id='line_1_35' title="bbox 246 3090 1453 3174; baseline 0.001 -25"><span class='ocrx_word' id='word_1_325' title='bbox 246 3090 324 3166; x_wconf 89' lang='lat' dir='ltr'><strong>quod</strong></span> <span class='ocrx_word' id='word_1_326' title='bbox 339 3098 405 3168; x_wconf 89' lang='lat' dir='ltr'><strong>post</strong></span> <span class='ocrx_word' id='word_1_327' title='bbox 419 3110 450 3150; x_wconf 90' lang='lat' dir='ltr'><strong>se</strong></span> <span class='ocrx_word' id='word_1_328' title='bbox 460 3091 557 3168; x_wconf 90' lang='lat' dir='ltr'><strong>trahit,</strong></span> <span class='ocrx_word' id='word_1_329' title='bbox 570 3093 705 3152; x_wconf 88' lang='lat' dir='ltr'><strong>nimirum</strong></span> <span class='ocrx_word' id='word_1_330' title='bbox 715 3093 825 3152; x_wconf 90' lang='lat' dir='ltr'><strong>ratione</strong></span> <span class='ocrx_word' id='word_1_331' title='bbox 837 3093 1051 3156; x_wconf 85' lang='lat' dir='ltr'><strong>deformationis</strong></span> <span class='ocrx_word' id='word_1_332' title='bbox 1062 3102 1209 3170; x_wconf 75' lang='lat' dir='ltr'><strong>creatura,</strong></span> <span class='ocrx_word' id='word_1_333' title='bbox 1222 3104 1252 3154; x_wconf 89' lang='lat' dir='ltr'><strong>et</strong></span> <span class='ocrx_word' id='word_1_334' title='bbox 1262 3094 1453 3174; x_wconf 84' lang='lat' dir='ltr'><strong>separationis</strong></span> 
     </span>
     <span class='ocr_line' id='line_1_36' title="bbox 247 3169 1453 3252; baseline 0.005 -26"><span class='ocrx_word' id='word_1_335' title='bbox 247 3189 265 3226; x_wconf 87' lang='lat' dir='ltr'><strong>a</strong></span> <span class='ocrx_word' id='word_1_336' title='bbox 280 3169 352 3228; x_wconf 90' lang='lat' dir='ltr'><strong>Deo.</strong></span> <span class='ocrx_word' id='word_1_337' title='bbox 397 3169 489 3228; x_wconf 87' lang='lat' dir='ltr'><strong>Priori</strong></span> <span class='ocrx_word' id='word_1_338' title='bbox 504 3191 591 3232; x_wconf 89' lang='lat' dir='ltr'><strong>sensu</strong></span> <span class='ocrx_word' id='word_1_339' title='bbox 604 3181 753 3250; x_wconf 87' lang='lat' dir='ltr'><strong>peceatum</strong></span> <span class='ocrx_word' id='word_1_340' title='bbox 768 3181 845 3234; x_wconf 89' lang='lat' dir='ltr'><strong>recte</strong></span> <span class='ocrx_word' id='word_1_341' title='bbox 859 3173 972 3250; x_wconf 86' lang='lat' dir='ltr'><strong>dieitur,</strong></span> <span class='ocrx_word' id='word_1_342' title='bbox 986 3173 1056 3250; x_wconf 84' lang='lat' dir='ltr'><strong>quia</strong></span> <span class='ocrx_word' id='word_1_343' title='bbox 1069 3183 1113 3234; x_wconf 88' lang='lat' dir='ltr'><strong>est</strong></span> <span class='ocrx_word' id='word_1_344' title='bbox 1126 3174 1250 3252; x_wconf 82' lang='lat' dir='ltr'><strong>privatio</strong></span> <span class='ocrx_word' id='word_1_345' title='bbox 1272 3171 1453 3234; x_wconf 84' lang='lat' dir='ltr'><strong>rectitudinis</strong></span> 
     </span>
     <span class='ocr_line' id='line_1_37' title="bbox 246 3247 1410 3332; baseline 0.004 -26"><span class='ocrx_word' id='word_1_346' title='bbox 246 3247 351 3308; x_wconf 87' lang='lat' dir='ltr'><strong>debitae</strong></span> <span class='ocrx_word' id='word_1_347' title='bbox 366 3249 469 3332; x_wconf 86' lang='lat' dir='ltr'><strong>inesse,</strong></span> <span class='ocrx_word' id='word_1_348' title='bbox 484 3269 549 3326; x_wconf 88' lang='lat' dir='ltr'><strong>quae</strong></span> <span class='ocrx_word' id='word_1_349' title='bbox 564 3261 706 3328; x_wconf 85' lang='lat' dir='ltr'><strong>repugnat</strong></span> <span class='ocrx_word' id='word_1_350' title='bbox 721 3253 802 3330; x_wconf 86' lang='lat' dir='ltr'><strong>Legi,</strong></span> <span class='ocrx_word' id='word_1_351' title='bbox 819 3253 871 3312; x_wconf 84' lang='lat' dir='ltr'><strong>sed</strong></span> <span class='ocrx_word' id='word_1_352' title='bbox 883 3253 1035 3330; x_wconf 87' lang='lat' dir='ltr'><strong>posteriori</strong></span> <span class='ocrx_word' id='word_1_353' title='bbox 1046 3273 1138 3331; x_wconf 80' lang='lat' dir='ltr'><strong>poenae</strong></span> <span class='ocrx_word' id='word_1_354' title='bbox 1152 3253 1292 3314; x_wconf 89' lang='lat' dir='ltr'><strong>rationem</strong></span> <span class='ocrx_word' id='word_1_355' title='bbox 1305 3252 1410 3312; x_wconf 90' lang='lat' dir='ltr'><strong>induit.</strong></span> 
     </span>
    </p>

    <p class='ocr_par' dir='ltr' id='par_1_11' title="bbox 244 3327 1452 3570">
     <span class='ocr_line' id='line_1_38' title="bbox 286 3327 1449 3409; baseline 0.008 -25"><span class='ocrx_word' id='word_1_356' title='bbox 286 3327 481 3386; x_wconf 86' lang='lat' dir='ltr'>XXXVIII.</span> <span class='ocrx_word' id='word_1_357' title='bbox 498 3329 570 3388; x_wconf 86' lang='lat' dir='ltr'><strong>Cum</strong></span> <span class='ocrx_word' id='word_1_358' title='bbox 585 3331 735 3408; x_wconf 90' lang='lat' dir='ltr'><strong>imputatio</strong></span> <span class='ocrx_word' id='word_1_359' title='bbox 749 3332 788 3390; x_wconf 91' lang='lat' dir='ltr'><strong>ad</strong></span> <span class='ocrx_word' id='word_1_360' title='bbox 800 3353 915 3409; x_wconf 88' lang='lat' dir='ltr'><strong>poenam</strong></span> <span class='ocrx_word' id='word_1_361' title='bbox 930 3333 967 3392; x_wconf 90' lang='lat' dir='ltr'><strong>sit</strong></span> <span class='ocrx_word' id='word_1_362' title='bbox 980 3341 1091 3392; x_wconf 86' lang='lat' dir='ltr'><strong>tantum</strong></span> <span class='ocrx_word' id='word_1_363' title='bbox 1105 3343 1186 3392; x_wconf 81' lang='lat' dir='ltr'><strong>aetus</strong></span> <span class='ocrx_word' id='word_1_364' title='bbox 1198 3333 1322 3408; x_wconf 70' lang='lat' dir='ltr'><strong>morula,</strong></span> <span class='ocrx_word' id='word_1_365' title='bbox 1345 3333 1449 3393; x_wconf 86' lang='lat' dir='ltr'><strong>mirum</strong></span> 
     </span>
     <span class='ocr_line' id='line_1_39' title="bbox 245 3403 1452 3492; baseline 0.008 -32"><span class='ocrx_word' id='word_1_366' title='bbox 245 3403 338 3462; x_wconf 85' lang='lat' dir='ltr'><strong>videri</strong></span> <span class='ocrx_word' id='word_1_367' title='bbox 352 3424 413 3462; x_wconf 90' lang='lat' dir='ltr'><strong>non</strong></span> <span class='ocrx_word' id='word_1_368' title='bbox 427 3405 523 3480; x_wconf 89' lang='lat' dir='ltr'><strong>debet,</strong></span> <span class='ocrx_word' id='word_1_369' title='bbox 540 3409 573 3482; x_wconf 91' lang='lat' dir='ltr'><strong>si,</strong></span> <span class='ocrx_word' id='word_1_370' title='bbox 589 3418 622 3467; x_wconf 89' lang='lat' dir='ltr'><strong>ut</strong></span> <span class='ocrx_word' id='word_1_371' title='bbox 635 3409 744 3485; x_wconf 85' lang='lat' dir='ltr'><strong>primus</strong></span> <span class='ocrx_word' id='word_1_372' title='bbox 759 3420 840 3469; x_wconf 88' lang='lat' dir='ltr'><strong>actus</strong></span> <span class='ocrx_word' id='word_1_373' title='bbox 854 3411 993 3488; x_wconf 60' lang='lat' dir='ltr'><strong>menandi</strong></span> <span class='ocrx_word' id='word_1_374' title='bbox 1007 3413 1091 3472; x_wconf 77' lang='lat' dir='ltr'><strong>noble</strong></span> <span class='ocrx_word' id='word_1_375' title='bbox 1106 3413 1272 3490; x_wconf 80' lang='lat' dir='ltr'><strong>imputatur,</strong></span> <span class='ocrx_word' id='word_1_376' title='bbox 1287 3413 1327 3472; x_wconf 87' lang='lat' dir='ltr'><strong>ita</strong></span> <span class='ocrx_word' id='word_1_377' title='bbox 1340 3413 1452 3492; x_wconf 78' lang='lat' dir='ltr'><strong>prImus</strong></span> 
     </span>
     <span class='ocr_line' id='line_1_40' title="bbox 244 3485 1243 3570; baseline 0.012 -28"><span class='ocrx_word' id='word_1_378' title='bbox 244 3493 322 3542; x_wconf 78' lang='lat' dir='ltr'><strong>actia</strong></span> <span class='ocrx_word' id='word_1_379' title='bbox 334 3485 495 3558; x_wconf 68' lang='lat' dir='ltr'><strong>generandi</strong></span> <span class='ocrx_word' id='word_1_380' title='bbox 507 3486 557 3570; x_wconf 81' lang='lat' dir='ltr'><strong>qui</strong></span> <span class='ocrx_word' id='word_1_381' title='bbox 572 3495 616 3544; x_wconf 91' lang='lat' dir='ltr'><strong>cst</strong></span> <span class='ocrx_word' id='word_1_382' title='bbox 630 3507 707 3548; x_wconf 88' lang='lat' dir='ltr'><strong>mere</strong></span> <span class='ocrx_word' id='word_1_383' title='bbox 722 3491 870 3564; x_wconf 71' lang='lat' dir='ltr'><strong>nuaram,</strong></span> <span class='ocrx_word' id='word_1_384' title='bbox 885 3492 992 3568; x_wconf 83' lang='lat' dir='ltr'><strong>pariter</strong></span> <span class='ocrx_word' id='word_1_385' title='bbox 1006 3512 1063 3550; x_wconf 91' lang='lat' dir='ltr'><strong>non</strong></span> <span class='ocrx_word' id='word_1_386' title='bbox 1078 3493 1243 3570; x_wconf 86' lang='lat' dir='ltr'><strong>imputetur.</strong></span> 
     </span>
    </p>

    <p class='ocr_par' dir='ltr' id='par_1_12' title="bbox 243 3561 1452 4204">
     <span class='ocr_line' id='line_1_41' title="bbox 285 3561 1447 3650; baseline 0.003 -28"><span class='ocrx_word' id='word_1_387' title='bbox 285 3561 453 3622; x_wconf 89' lang='lat' dir='ltr'>XXXIX.</span> <span class='ocrx_word' id='word_1_388' title='bbox 476 3563 558 3624; x_wconf 89' lang='lat' dir='ltr'><strong>Licet</strong></span> <span class='ocrx_word' id='word_1_389' title='bbox 572 3575 654 3626; x_wconf 89' lang='lat' dir='ltr'><strong>actus</strong></span> <span class='ocrx_word' id='word_1_390' title='bbox 668 3565 870 3627; x_wconf 86' lang='lat' dir='ltr'><strong>inobedientiae</strong></span> <span class='ocrx_word' id='word_1_391' title='bbox 885 3569 993 3630; x_wconf 87' lang='lat' dir='ltr'><strong>Adami</strong></span> <span class='ocrx_word' id='word_1_392' title='bbox 1006 3572 1090 3630; x_wconf 90' lang='lat' dir='ltr'><strong>nobis</strong></span> <span class='ocrx_word' id='word_1_393' title='bbox 1111 3573 1237 3648; x_wconf 89' lang='lat' dir='ltr'><strong>potuerit</strong></span> <span class='ocrx_word' id='word_1_394' title='bbox 1256 3568 1388 3650; x_wconf 88' lang='lat' dir='ltr'><strong>imputari</strong></span> <span class='ocrx_word' id='word_1_395' title='bbox 1408 3567 1447 3626; x_wconf 91' lang='lat' dir='ltr'><strong>ad</strong></span> 
     </span>
     <span class='ocr_line' id='line_1_42' title="bbox 244 3639 1446 3726; baseline 0.005 -26"><span class='ocrx_word' id='word_1_396' title='bbox 244 3639 532 3718; x_wconf 65' lang='lat' dir='ltr'><strong>condemnationem</strong></span> <span class='ocrx_word' id='word_1_397' title='bbox 560 3664 617 3702; x_wconf 90' lang='lat' dir='ltr'><strong>non</strong></span> <span class='ocrx_word' id='word_1_398' title='bbox 642 3646 739 3704; x_wconf 79' lang='lat' dir='ltr'><strong>statim</strong></span> <span class='ocrx_word' id='word_1_399' title='bbox 764 3647 894 3724; x_wconf 90' lang='lat' dir='ltr'><strong>sequitur</strong></span> <span class='ocrx_word' id='word_1_400' title='bbox 916 3657 1012 3708; x_wconf 89' lang='lat' dir='ltr'><strong>aetum</strong></span> <span class='ocrx_word' id='word_1_401' title='bbox 1037 3651 1101 3726; x_wconf 84' lang='lat' dir='ltr'><strong>ejus</strong></span> <span class='ocrx_word' id='word_1_402' title='bbox 1122 3651 1289 3712; x_wconf 74' lang='lat' dir='ltr'><strong>obedientia</strong></span> <span class='ocrx_word' id='word_1_403' title='bbox 1311 3645 1446 3706; x_wconf 88' lang='lat' dir='ltr'><strong>debuisse</strong></span> 
     </span>
     <span class='ocr_line' id='line_1_43' title="bbox 244 3721 1445 3804; baseline 0.004 -25"><span class='ocrx_word' id='word_1_404' title='bbox 244 3722 327 3782; x_wconf 89' lang='lat' dir='ltr'><strong>nobis</strong></span> <span class='ocrx_word' id='word_1_405' title='bbox 341 3721 480 3800; x_wconf 86' lang='lat' dir='ltr'><strong>imputari</strong></span> <span class='ocrx_word' id='word_1_406' title='bbox 494 3721 531 3782; x_wconf 88' lang='lat' dir='ltr'><strong>ad</strong></span> <span class='ocrx_word' id='word_1_407' title='bbox 547 3724 793 3802; x_wconf 81' lang='lat' dir='ltr'><strong>justificationem,</strong></span> <span class='ocrx_word' id='word_1_408' title='bbox 809 3727 877 3804; x_wconf 89' lang='lat' dir='ltr'><strong>quia</strong></span> <span class='ocrx_word' id='word_1_409' title='bbox 897 3737 994 3788; x_wconf 90' lang='lat' dir='ltr'><strong>reatus</strong></span> <span class='ocrx_word' id='word_1_410' title='bbox 1016 3731 1107 3790; x_wconf 81' lang='lat' dir='ltr'><strong>oritur</strong></span> <span class='ocrx_word' id='word_1_411' title='bbox 1125 3751 1164 3790; x_wconf 86' lang='lat' dir='ltr'><strong>ex</strong></span> <span class='ocrx_word' id='word_1_412' title='bbox 1184 3749 1239 3788; x_wconf 91' lang='lat' dir='ltr'><strong>uno</strong></span> <span class='ocrx_word' id='word_1_413' title='bbox 1260 3737 1326 3788; x_wconf 88' lang='lat' dir='ltr'><strong>actu</strong></span> <span class='ocrx_word' id='word_1_414' title='bbox 1346 3725 1445 3784; x_wconf 90' lang='lat' dir='ltr'><strong>inobe-</strong></span> 
     </span>
     <span class='ocr_line' id='line_1_44' title="bbox 244 3801 1448 3886; baseline 0.006 -26"><span class='ocrx_word' id='word_1_415' title='bbox 244 3801 368 3877; x_wconf 77' lang='lat' dir='ltr'><strong>dientiae,</strong></span> <span class='ocrx_word' id='word_1_416' title='bbox 386 3802 439 3862; x_wconf 90' lang='lat' dir='ltr'><strong>sod</strong></span> <span class='ocrx_word' id='word_1_417' title='bbox 455 3803 570 3880; x_wconf 89' lang='lat' dir='ltr'><strong>justitia</strong></span> <span class='ocrx_word' id='word_1_418' title='bbox 591 3825 620 3866; x_wconf 87' lang='lat' dir='ltr'><strong>re</strong></span> <span class='ocrx_word' id='word_1_419' title='bbox 643 3805 711 3864; x_wconf 90' lang='lat' dir='ltr'><strong>uirit</strong></span> <span class='ocrx_word' id='word_1_420' title='bbox 731 3807 971 3882; x_wconf 83' lang='lat' dir='ltr'><strong>complementum</strong></span> <span class='ocrx_word' id='word_1_421' title='bbox 992 3818 1021 3868; x_wconf 92' lang='lat' dir='ltr'><strong>et</strong></span> <span class='ocrx_word' id='word_1_422' title='bbox 1042 3809 1283 3886; x_wconf 83' lang='lat' dir='ltr'><strong>perseverentiam</strong></span> <span class='ocrx_word' id='word_1_423' title='bbox 1303 3808 1448 3886; x_wconf 84' lang='lat' dir='ltr'><strong>integram</strong></span> 
     </span>
     <span class='ocr_line' id='line_1_45' title="bbox 245 3825 1449 3980; baseline 0.006 -43"><span class='ocrx_word' id='word_1_424' title='bbox 245 3881 426 3940; x_wconf 84' lang='lat' dir='ltr'><strong>obedientiae.</strong></span> <span class='ocrx_word' id='word_1_425' title='bbox 469 3883 582 3942; x_wconf 89' lang='lat' dir='ltr'><strong>Deinde</strong></span> <span class='ocrx_word' id='word_1_426' title='bbox 598 3825 705 3944; x_wconf 75' lang='lat' dir='ltr'><strong>Alani</strong></span> <span class='ocrx_word' id='word_1_427' title='bbox 716 3885 832 3962; x_wconf 87' lang='lat' dir='ltr'><strong>justitia</strong></span> <span class='ocrx_word' id='word_1_428' title='bbox 845 3896 945 3980; x_wconf 89' lang='lat' dir='ltr'><strong>utpote</strong></span> <span class='ocrx_word' id='word_1_429' title='bbox 965 3885 1056 3964; x_wconf 84' lang='lat' dir='ltr'><strong>finita,</strong></span> <span class='ocrx_word' id='word_1_430' title='bbox 1071 3899 1100 3948; x_wconf 91' lang='lat' dir='ltr'><strong>ct</strong></span> <span class='ocrx_word' id='word_1_431' title='bbox 1121 3889 1241 3966; x_wconf 86' lang='lat' dir='ltr'><strong>abipso</strong></span> <span class='ocrx_word' id='word_1_432' title='bbox 1262 3887 1368 3964; x_wconf 88' lang='lat' dir='ltr'><strong>debita,</strong></span> <span class='ocrx_word' id='word_1_433' title='bbox 1390 3906 1449 3944; x_wconf 91' lang='lat' dir='ltr'><strong>non</strong></span> 
     </span>
     <span class='ocr_line' id='line_1_46' title="bbox 243 3959 1448 4044; baseline 0.007 -27"><span class='ocrx_word' id='word_1_434' title='bbox 243 3960 339 4035; x_wconf 88' lang='lat' dir='ltr'><strong>potuit</strong></span> <span class='ocrx_word' id='word_1_435' title='bbox 353 3959 418 4020; x_wconf 91' lang='lat' dir='ltr'><strong>aliis</strong></span> <span class='ocrx_word' id='word_1_436' title='bbox 432 3962 638 4022; x_wconf 90' lang='lat' dir='ltr'><strong>communicari</strong></span> <span class='ocrx_word' id='word_1_437' title='bbox 652 3963 689 4022; x_wconf 86' lang='lat' dir='ltr'><strong>od</strong></span> <span class='ocrx_word' id='word_1_438' title='bbox 704 3985 802 4024; x_wconf 76' lang='lat' dir='ltr'><strong>cortun</strong></span> <span class='ocrx_word' id='word_1_439' title='bbox 813 3967 1069 4044; x_wconf 62' lang='lat' dir='ltr'><strong>justificationem</strong></span> <span class='ocrx_word' id='word_1_440' title='bbox 1092 3969 1218 4028; x_wconf 86' lang='lat' dir='ltr'><strong>maxime</strong></span> <span class='ocrx_word' id='word_1_441' title='bbox 1233 3987 1298 4028; x_wconf 91' lang='lat' dir='ltr'><strong>cum</strong></span> <span class='ocrx_word' id='word_1_442' title='bbox 1319 3987 1379 4026; x_wconf 86' lang='lat' dir='ltr'><strong>non</strong></span> <span class='ocrx_word' id='word_1_443' title='bbox 1399 3965 1448 4026; x_wconf 89' lang='lat' dir='ltr'><strong>de-</strong></span> 
     </span>
     <span class='ocr_line' id='line_1_47' title="bbox 245 4038 1452 4124; baseline 0.007 -28"><span class='ocrx_word' id='word_1_444' title='bbox 245 4038 338 4097; x_wconf 86' lang='lat' dir='ltr'><strong>buerit</strong></span> <span class='ocrx_word' id='word_1_445' title='bbox 352 4039 409 4097; x_wconf 87' lang='lat' dir='ltr'><strong>alia</strong></span> <span class='ocrx_word' id='word_1_446' title='bbox 423 4061 486 4100; x_wconf 90' lang='lat' dir='ltr'><strong>esse</strong></span> <span class='ocrx_word' id='word_1_447' title='bbox 506 4041 632 4100; x_wconf 86' lang='lat' dir='ltr'><strong>conditio</strong></span> <span class='ocrx_word' id='word_1_448' title='bbox 653 4051 841 4120; x_wconf 88' lang='lat' dir='ltr'><strong>posterorum,</strong></span> <span class='ocrx_word' id='word_1_449' title='bbox 857 4067 943 4123; x_wconf 89' lang='lat' dir='ltr'><strong>quam</strong></span> <span class='ocrx_word' id='word_1_450' title='bbox 964 4047 1082 4124; x_wconf 82' lang='lat' dir='ltr'><strong>Adami,</strong></span> <span class='ocrx_word' id='word_1_451' title='bbox 1097 4049 1148 4124; x_wconf 91' lang='lat' dir='ltr'><strong>qui</strong></span> <span class='ocrx_word' id='word_1_452' title='bbox 1169 4045 1318 4108; x_wconf 86' lang='lat' dir='ltr'><strong>mutabilis</strong></span> <span class='ocrx_word' id='word_1_453' title='bbox 1338 4066 1452 4124; x_wconf 89' lang='lat' dir='ltr'><strong>semper</strong></span> 
     </span>
     <span class='ocr_line' id='line_1_48' title="bbox 244 4117 1369 4204; baseline 0.011 -30"><span class='ocrx_word' id='word_1_454' title='bbox 244 4117 306 4192; x_wconf 82' lang='lat' dir='ltr'><strong>suit,</strong></span> <span class='ocrx_word' id='word_1_455' title='bbox 322 4127 351 4178; x_wconf 91' lang='lat' dir='ltr'><strong>ct</strong></span> <span class='ocrx_word' id='word_1_456' title='bbox 366 4119 449 4196; x_wconf 86' lang='lat' dir='ltr'><strong>eujus</strong></span> <span class='ocrx_word' id='word_1_457' title='bbox 462 4121 685 4198; x_wconf 86' lang='lat' dir='ltr'><strong>perseverantiae</strong></span> <span class='ocrx_word' id='word_1_458' title='bbox 700 4131 812 4184; x_wconf 87' lang='lat' dir='ltr'><strong>tanturn</strong></span> <span class='ocrx_word' id='word_1_459' title='bbox 826 4125 968 4202; x_wconf 85' lang='lat' dir='ltr'><strong>promissa</strong></span> <span class='ocrx_word' id='word_1_460' title='bbox 983 4125 1035 4186; x_wconf 90' lang='lat' dir='ltr'><strong>Iuit</strong></span> <span class='ocrx_word' id='word_1_461' title='bbox 1046 4127 1216 4204; x_wconf 85' lang='lat' dir='ltr'><strong>justificatio</strong></span> <span class='ocrx_word' id='word_1_462' title='bbox 1231 4137 1260 4190; x_wconf 90' lang='lat' dir='ltr'><strong>et</strong></span> <span class='ocrx_word' id='word_1_463' title='bbox 1271 4127 1341 4186; x_wconf 80' lang='lat' dir='ltr'><strong>vita</strong></span> <span class='ocrx_word' id='word_1_464' title='bbox 1359 4121 1369 4128; x_wconf 74' lang='grc'><em>”</em></span> 
     </span>
    </p>

    <p class='ocr_par' dir='ltr' id='par_1_13' title="bbox 242 4197 1453 4602">
     <span class='ocr_line' id='line_1_49' title="bbox 284 4197 1452 4283; baseline 0.007 -27"><span class='ocrx_word' id='word_1_465' title='bbox 284 4197 353 4258; x_wconf 87' lang='lat' dir='ltr'><strong>XL.</strong></span> <span class='ocrx_word' id='word_1_466' title='bbox 377 4199 517 4258; x_wconf 75' lang='lat' dir='ltr'><strong>(taetomm</strong></span> <span class='ocrx_word' id='word_1_467' title='bbox 540 4201 613 4260; x_wconf 89' lang='lat' dir='ltr'><strong>hanc</strong></span> <span class='ocrx_word' id='word_1_468' title='bbox 635 4201 670 4260; x_wconf 89' lang='lat' dir='ltr'><strong>dc</strong></span> <span class='ocrx_word' id='word_1_469' title='bbox 692 4201 880 4278; x_wconf 88' lang='lat' dir='ltr'><strong>imputatione</strong></span> <span class='ocrx_word' id='word_1_470' title='bbox 900 4207 1012 4281; x_wconf 91' lang='lat' dir='ltr'><strong>peccati</strong></span> <span class='ocrx_word' id='word_1_471' title='bbox 1027 4205 1102 4266; x_wconf 79' lang='lat' dir='ltr'><strong>Adae</strong></span> <span class='ocrx_word' id='word_1_472' title='bbox 1123 4205 1284 4266; x_wconf 89' lang='lat' dir='ltr'><strong>doctrinam</strong></span> <span class='ocrx_word' id='word_1_473' title='bbox 1305 4213 1452 4283; x_wconf 87' lang='lat' dir='ltr'><strong>receptam</strong></span> 
     </span>
     <span class='ocr_line' id='line_1_50' title="bbox 244 4277 1453 4348; baseline 0.007 -14"><span class='ocrx_word' id='word_1_474' title='bbox 244 4296 307 4336; x_wconf 88' lang='lat' dir='ltr'><strong>csso</strong></span> <span class='ocrx_word' id='word_1_475' title='bbox 322 4277 351 4334; x_wconf 92' lang='lat' dir='ltr'><strong>in</strong></span> <span class='ocrx_word' id='word_1_476' title='bbox 364 4277 502 4336; x_wconf 85' lang='lat' dir='ltr'><strong>Ecclesiis</strong></span> <span class='ocrx_word' id='word_1_477' title='bbox 517 4279 623 4338; x_wconf 88' lang='lat' dir='ltr'><strong>uostris</strong></span> <span class='ocrx_word' id='word_1_478' title='bbox 638 4279 699 4338; x_wconf 83' lang='lat' dir='ltr'><strong>susc</strong></span> <span class='ocrx_word' id='word_1_479' title='bbox 711 4281 943 4346; x_wconf 84' lang='lat' dir='ltr'><strong>demonstrarunt</strong></span> <span class='ocrx_word' id='word_1_480' title='bbox 954 4285 1138 4346; x_wconf 86' lang='lat' dir='ltr'><strong>Celeberrirni</strong></span> <span class='ocrx_word' id='word_1_481' title='bbox 1150 4287 1216 4346; x_wconf 82' lang='lat' dir='ltr'><strong>Viri</strong></span> <span class='ocrx_word' id='word_1_482' title='bbox 1230 4285 1306 4348; x_wconf 84' lang='lat' dir='ltr'><strong>etde</strong></span> <span class='ocrx_word' id='word_1_483' title='bbox 1319 4283 1453 4346; x_wconf 84' lang='lat' dir='ltr'><strong>Ecclesia</strong></span> 
     </span>
     <span class='ocr_line' id='line_1_51' title="bbox 242 4355 1452 4444; baseline 0.011 -34"><span class='ocrx_word' id='word_1_484' title='bbox 242 4355 349 4432; x_wconf 87' lang='lat' dir='ltr'><strong>optimc</strong></span> <span class='ocrx_word' id='word_1_485' title='bbox 364 4356 458 4416; x_wconf 86' lang='lat' dir='ltr'><strong>meriti</strong></span> <span class='ocrx_word' id='word_1_486' title='bbox 468 4359 600 4418; x_wconf 75' lang='lat' dir='ltr'><strong>Andreas</strong></span> <span class='ocrx_word' id='word_1_487' title='bbox 612 4361 733 4436; x_wconf 79' lang='lat' dir='ltr'><strong>ltinetns,</strong></span> <span class='ocrx_word' id='word_1_488' title='bbox 750 4363 1027 4440; x_wconf 82' lang='lat' dir='ltr'><strong>singularitractatn</strong></span> <span class='ocrx_word' id='word_1_489' title='bbox 1042 4387 1127 4444; x_wconf 87' lang='lat' dir='ltr'><strong>super</strong></span> <span class='ocrx_word' id='word_1_490' title='bbox 1141 4387 1176 4426; x_wconf 84' lang='lat' dir='ltr'><strong>ca</strong></span> <span class='ocrx_word' id='word_1_491' title='bbox 1189 4365 1277 4439; x_wconf 86' lang='lat' dir='ltr'><strong>edito,</strong></span> <span class='ocrx_word' id='word_1_492' title='bbox 1288 4366 1338 4424; x_wconf 94' lang='lat' dir='ltr'><strong>ubi</strong></span> <span class='ocrx_word' id='word_1_493' title='bbox 1347 4365 1452 4442; x_wconf 85' lang='lat' dir='ltr'><strong>prohat</strong></span> 
     </span>
     <span class='ocr_line' id='line_1_52' title="bbox 244 4433 1453 4517; baseline 0.012 -29"><span class='ocrx_word' id='word_1_494' title='bbox 244 4433 440 4494; x_wconf 87' lang='lat' dir='ltr'><strong>Protestantes</strong></span> <span class='ocrx_word' id='word_1_495' title='bbox 456 4456 554 4496; x_wconf 80' lang='lat' dir='ltr'><strong>onrnos</strong></span> <span class='ocrx_word' id='word_1_496' title='bbox 569 4438 598 4496; x_wconf 90' lang='lat' dir='ltr'><strong>in</strong></span> <span class='ocrx_word' id='word_1_497' title='bbox 613 4441 687 4498; x_wconf 90' lang='lat' dir='ltr'><strong>haue</strong></span> <span class='ocrx_word' id='word_1_498' title='bbox 702 4440 861 4502; x_wconf 87' lang='lat' dir='ltr'><strong>doctrinam</strong></span> <span class='ocrx_word' id='word_1_499' title='bbox 884 4445 1053 4517; x_wconf 73' lang='lat' dir='ltr'><strong>contemtile,</strong></span> <span class='ocrx_word' id='word_1_500' title='bbox 1070 4457 1098 4506; x_wconf 92' lang='lat' dir='ltr'><strong>ot</strong></span> <span class='ocrx_word' id='word_1_501' title='bbox 1120 4447 1258 4504; x_wconf 77' lang='lat' dir='ltr'><strong>Aratonins</strong></span> <span class='ocrx_word' id='word_1_502' title='bbox 1276 4445 1453 4506; x_wconf 70' lang='lat' dir='ltr'><strong>Garbsolins</strong></span> 
     </span>
     <span class='ocr_line' id='line_1_53' title="bbox 245 4511 1448 4602; baseline 0.015 -37"><span class='ocrx_word' id='word_1_503' title='bbox 245 4511 392 4568; x_wconf 80' lang='lat' dir='ltr'><strong>l&#39;rofessor</strong></span> <span class='ocrx_word' id='word_1_504' title='bbox 410 4515 648 4594; x_wconf 82' lang='lat' dir='ltr'><strong>I&#39;odiolaurcnsis,</strong></span> <span class='ocrx_word' id='word_1_505' title='bbox 666 4519 772 4580; x_wconf 79' lang='lat' dir='ltr'><strong>exiurio</strong></span> <span class='ocrx_word' id='word_1_506' title='bbox 787 4521 869 4596; x_wconf 85' lang='lat' dir='ltr'><strong>libro,</strong></span> <span class='ocrx_word' id='word_1_507' title='bbox 885 4543 969 4600; x_wconf 84' lang='lat' dir='ltr'><strong>quern</strong></span> <span class='ocrx_word' id='word_1_508' title='bbox 985 4525 1022 4584; x_wconf 88' lang='lat' dir='ltr'><strong>ad</strong></span> <span class='ocrx_word' id='word_1_509' title='bbox 1043 4524 1239 4598; x_wconf 75' lang='lat' dir='ltr'><strong>detonsionem</strong></span> <span class='ocrx_word' id='word_1_510' title='bbox 1261 4525 1378 4586; x_wconf 81' lang='lat' dir='ltr'><strong>lleorcti</strong></span> <span class='ocrx_word' id='word_1_511' title='bbox 1393 4525 1448 4602; x_wconf 71' lang='lat' dir='ltr'><strong>Sy-</strong></span> 
     </span>
    </p>
   </div>
   <div class='ocr_carea' id='block_1_7' title="bbox 244 4587 1449 4683">
    <p class='ocr_par' dir='ltr' id='par_1_14' title="bbox 244 4587 1449 4683">
     <span class='ocr_line' id='line_1_54' title="bbox 244 4587 1449 4683; baseline 0.016 -41"><span class='ocrx_word' id='word_1_512' title='bbox 244 4587 339 4644; x_wconf 88' lang='lat' dir='ltr'><strong>nodiei</strong></span> <span class='ocrx_word' id='word_1_513' title='bbox 360 4589 530 4656; x_wconf 83' lang='lat' dir='ltr'><strong>adornavit:</strong></span> <span class='ocrx_word' id='word_1_514' title='bbox 566 4597 589 4654; x_wconf 77' lang='lat' dir='ltr'><strong>[J</strong></span> <span class='ocrx_word' id='word_1_515' title='bbox 594 4608 604 4656; x_wconf 91' lang='lat' dir='ltr'><strong>t</strong></span> <span class='ocrx_word' id='word_1_516' title='bbox 626 4599 670 4658; x_wconf 89' lang='lat' dir='ltr'><strong>hic</strong></span> <span class='ocrx_word' id='word_1_517' title='bbox 693 4620 751 4660; x_wconf 87' lang='lat' dir='ltr'><strong>non</strong></span> <span class='ocrx_word' id='word_1_518' title='bbox 772 4621 844 4676; x_wconf 85' lang='lat' dir='ltr'><strong>opus</strong></span> <span class='ocrx_word' id='word_1_519' title='bbox 865 4603 903 4662; x_wconf 83' lang='lat' dir='ltr'><strong>sit</strong></span> <span class='ocrx_word' id='word_1_520' title='bbox 925 4603 953 4662; x_wconf 92' lang='lat' dir='ltr'><strong>in</strong></span> <span class='ocrx_word' id='word_1_521' title='bbox 975 4625 1037 4665; x_wconf 82' lang='lat' dir='ltr'><strong>enm</strong></span> <span class='ocrx_word' id='word_1_522' title='bbox 1060 4626 1117 4665; x_wconf 83' lang='lat' dir='ltr'><strong>reru</strong></span> <span class='ocrx_word' id='word_1_523' title='bbox 1141 4625 1260 4683; x_wconf 85' lang='lat' dir='ltr'><strong>operoso</strong></span> <span class='ocrx_word' id='word_1_524' title='bbox 1284 4603 1449 4666; x_wconf 85' lang='lat' dir='ltr'><strong>testimonia</strong></span> 
     </span>
    </p>
   </div>
   <div class='ocr_carea' id='block_1_8' title="bbox 0 0 1630 5176">
    <p class='ocr_par' dir='ltr' id='par_1_15' title="bbox 0 0 1630 5176">
     <span class='ocr_line' id='line_1_55' title="bbox 0 0 1630 5176; baseline 0 0"><span class='ocrx_word' id='word_1_525' title='bbox 0 0 1630 5176; x_wconf 95' lang='lat' dir='ltr'><strong> </strong></span> 
     </span>
    </p>
   </div>
  </div>
 </body>
</html>
