3250 5176
161 369 275 420 suasu.
291 347 337 431 u]
665 371 704 414 ns
718 371 859 416 saccaro.
1326 351 1383 410 etl

165 511 278 588 rationi,
294 513 342 572 vel
357 511 463 588 sensui,
479 512 527 574 vel
541 511 736 591 experientia,
749 513 797 572 vel
810 512 876 572 aliis
889 511 962 574 loeis
970 512 1118 590 parallelis
1127 519 1300 592 repugnant.
1325 511 1383 572 Sed

165 591 213 650 hie
227 594 370 654 contrariis
384 593 489 653 omnia.

471 671 563 730 VIII.
581 671 725 746 Secundo,
736 669 814 730 idem
825 669 969 732 evincitur
980 691 1017 730 ex
1025 673 1101 732 Gen.
1108 691 1137 730 v.
1147 675 1175 732 8.
1185 671 1236 731 ubi
1248 670 1382 732 Adamas

185 723 206 768 ²·
216 723 255 769 Ex
265 723 326 769 ⁶⁰¹¹·
337 740 360 771 v.
371 725 394 771 ³·
450 750 557 812 dieitur
570 751 706 827 genuisse
723 751 844 812 Sethum
858 753 900 811 ad
912 751 1063 828 impleam
1072 772 1163 827 mam,
1178 751 1217 814 ld·
1229 760 1382 830 00m¹Pt¹¹⁸

168 832 333 902 corruptum
345 849 351 888 :
366 831 511 908 eorrumpi
525 839 621 890 autem
637 831 667 888 in
676 831 863 907 generatione
875 830 933 890 elia
942 830 1055 890 ratione
1063 850 1122 890 nou
1132 831 1234 909 potuit,
1245 851 1332 908 quem
1343 851 1381 890 ex

168 913 315 966 eontracta
324 908 389 968 labe
400 911 543 988 originali.
560 911 620 972 Ubi
630 909 758 970 notanda
763 910 917 970 antithesis
928 910 1003 970 iuter
1011 910 1168 987 imaginem
1175 910 1238 985 Dei,
1246 909 1284 968 ad
1294 929 1381 987 quam

168 985 307 1049 formatus
315 987 409 1049 fuerat
417 990 557 1066 Adarnus,
568 989 605 1048 de
615 1009 674 1066 qua
683 1010 713 1048 v.
727 993 753 1066 1,
763 998 793 1050 et
803 990 961 1067 imaginem
970 989 1089 1065 Ademi,
1098 989 1233 1067 adquam
1244 991 1383 1050 formatus

171 1067 286 1128 Sethus.
304 1067 345 1126 Ut
354 1089 423 1145 ergo
429 1070 479 1130 illa
489 1070 635 1128 moraliter
640 1069 822 1147 designabat,
830 1079 892 1130 tum
902 1069 1073 1148 sapientiam
1082 1071 1195 1146 mentis,
1204 1078 1265 1128 tum
1278 1069 1382 1130 saneti-

169 1155 259 1206 tatem
269 1147 445 1210 voluntatis:
468 1151 516 1208 Ita
528 1169 566 1208 ex
580 1149 712 1228 opposito
727 1150 823 1226 imago
840 1150 950 1210 Adami
962 1148 1050 1209 debet
1060 1157 1159 1210 notare
1171 1149 1383 1226 corruptionem

168 1227 356 1286 inhaerentem
366 1236 395 1288 et
405 1228 614 1290 hereditariam
628 1237 688 1288 tam
702 1230 817 1305 mentis,
833 1249 920 1306 quam
931 1229 1098 1304 voluntatis,
1112 1237 1145 1290 ut
1153 1228 1315 1306 Apostolus
1328 1229 1383 1286 hoe

171 1307 307 1384 exprimit
323 1311 337 1364 1
355 1307 463 1368 Corint.
478 1329 528 1368 xv.
544 1311 591 1385 49,
607 1309 657 1368 ubi
672 1309 792 1388 opponit
806 1309 962 1386 imaginem
977 1307 1086 1368 Adami
1099 1307 1185 1387 primi
1202 1318 1232 1368 et
1246 1307 1382 1383 seermdi5

170 1387 250 1445 illam
275 1386 391 1464 quidem
405 1396 547 1446 terrenam
562 1397 591 1446 et
605 1387 831 1466 eorreptibilem,
846 1390 932 1448 istam
947 1409 1016 1448 vero
1031 1389 1177 1448 coelestem
1192 1397 1222 1448 et
1235 1389 1383 1466 incorrup-

170 1467 291 1526 tibilem.
334 1467 454 1526 Frustra
468 1487 537 1528 vero
552 1468 607 1528 hoo
621 1467 752 1544 refertur,
770 1469 827 1526 Vel
841 1467 879 1526 ad
893 1469 1050 1546 imaginem
1062 1469 1212 1545 physicam
1228 1477 1257 1526 et
1272 1467 1383 1544 specifi-

171 1565 234 1606 eam
249 1543 365 1620 Adami,
381 1547 438 1606 Vel
453 1547 491 1606 ad
506 1547 724 1608 similitudinem
740 1548 880 1624 informa,
890 1549 992 1625 figura,
1005 1556 1034 1606 et
1047 1547 1231 1606 lineamentis
1240 1546 1383 1606 externis:

172 1626 247 1701 Quia
258 1645 318 1684 non
332 1627 389 1686 alia
410 1627 521 1686 ratione
536 1626 622 1687 debet
644 1628 770 1704 intelligi
784 1628 891 1704 imago,
916 1627 954 1686 ed
978 1647 1065 1704 quam
1086 1626 1184 1686 Adam
1198 1626 1335 1688 formavit
1348 1626 1383 1686 li-

170 1706 256 1766 beros
270 1725 347 1781 suos,
362 1726 449 1784 quam
463 1726 520 1783 quo
536 1727 624 1768 sensu
639 1708 770 1782 sumitur,
786 1727 875 1784 quum
889 1708 975 1768 homo
991 1707 1096 1766 dieitur
1116 1706 1209 1768 taetus
1230 1706 1267 1764 ad
1282 1705 1384 1782 imagi·

172 1805 238 1844 nem
255 1783 318 1860 Dei,
334 1805 392 1844 nou
409 1787 537 1863 physice,
554 1788 606 1846 aed
620 1788 776 1848 moraliter.
820 1787 896 1862 Quid
910 1807 980 1846 vero
995 1807 1068 1864 opus
1082 1786 1137 1847 fuit
1150 1783 1306 1866 λαμπάς
1325 1793 1384 1844 tam

173 1865 335 1942 emphatica
347 1866 454 1943 phrasi,
470 1875 499 1926 et
513 1868 661 1944 geminata
674 1887 746 1927 vooe
761 1867 792 1926 id
816 1886 1048 1942 commemorare,
1064 1866 1143 1942 quod
1163 1887 1215 1944 per
1229 1887 1260 1926 se
1275 1875 1384 1926 eertum

173 1953 243 2019 erat,
267 1953 297 2004 et
319 1945 429 2004 homini
453 1965 518 2006 eum
540 1947 635 2006 brutis
659 1951 833 2006 commune?
857 1947 915 2006 Sed
936 1947 1009 2006 ratio
1032 1945 1087 2006 fuit
1109 1946 1262 2023 peculiaris
1283 1965 1334 2006 eur
1347 1945 1384 2004 de

174 2024 263 2084 Setho
277 2023 332 2082 hoe
345 2025 514 2102 praedicaret
527 2027 625 2104 potius
639 2047 726 2103 quam
741 2026 777 2086 de
800 2027 896 2086 Abale
918 2027 967 2103 qui
982 2025 1037 2084 tuit
1061 2023 1167 2100 ἔπινες,
1190 2026 1268 2086 etde
1284 2024 1382 2099 Caino,

172 2103 219 2164 eui
232 2112 350 2182 propter
362 2105 454 2166 vitam
468 2105 644 2181 flagitiosam
658 2106 753 2184 potuit
774 2106 886 2166 censeri
900 2106 954 2164 hoo
975 2105 1122 2183 proprium
1136 2105 1245 2166 fuisse:
1266 2105 1335 2163 nim.
1352 2113 1385 2164 ut

107 2229 108 2232 η
172 2183 338 2259 designaret
353 2185 477 2261 Spiritus
495 2187 619 2248 Sanetus
632 2186 855 2263 prerogativam
873 2185 998 2244 Seminis
1012 2185 1112 2259 saneti,
1128 2185 1213 2262 eujus
1227 2185 1320 2261 Caput
1334 2184 1383 2244 de-

172 2262 320 2339 buittesse,
336 2283 394 2324 non
408 2263 566 2341 obstitisse,
582 2267 738 2342 quominus
752 2275 905 2344 corruptus
918 2275 1022 2326 natura
1035 2274 1120 2340 esset,
1136 2273 1235 2342 utpote
1250 2285 1287 2324 ex
1302 2263 1383 2324 Ada-

174 2362 221 2400 mo
235 2353 371 2422 corrupto
385 2343 423 2402 ad
437 2345 500 2422 ejus
514 2345 734 2406 similitudinem
749 2346 873 2422 genitus.

320 2475 330 2485 .
350 2476 355 2486 .
476 2425 535 2484 IX.
558 2425 665 2500 Tertio,
682 2427 730 2483 Ex
744 2426 816 2484 Jobi
830 2425 891 2484 xiv.
907 2429 936 2484 4.
960 2425 1031 2494 eae
1045 2427 1111 2486 edat
1123 2427 1257 2486 mamm
1276 2444 1312 2484 ex
1333 2425 1383 2484 im-

187 2473 413 2534 3'E¹J⁰b'·¹¹v'⁴'
435 2507 561 2564 meum!
582 2525 616 2564 ne
630 2526 702 2564 untes
716 2506 836 2582 quirem
880 2505 941 2566 Ubi
953 2505 990 2564 ab
1005 2505 1170 2565 hominibus
1191 2505 1325 2564 omnibus
1347 2524 1384 2563 ne

174 2600 231 2640 uno
252 2580 368 2658 quidem
391 2593 513 2662 excepto
528 2593 693 2646 removetur
706 2586 824 2662 puritas,
841 2593 870 2646 et
883 2585 943 2644 illis
956 2585 1093 2644 tribuitur
1107 2584 1310 2660 immundities,
1326 2604 1384 2644 non

174 2669 294 2720 externa
305 2663 433 2738 eorporis
447 2664 624 2741 simpliciter,
639 2685 705 2742 quae
719 2673 816 2741 potest
829 2664 912 2726 faeile
927 2665 999 2740 tolli,
1016 2665 1067 2724 sed
1082 2665 1194 2726 interna
1207 2664 1304 2740 animi,
1320 2685 1385 2742 quae

174 2748 219 2800 est
233 2740 418 2818 inevitabilis,
434 2752 463 2805 et
476 2763 541 2820 quse
554 2745 674 2822 pnrgari
687 2745 788 2824 nequit
801 2765 854 2822 per
866 2753 1007 2819 naturam,
1023 2765 1088 2822 quae
1111 2744 1269 2804 obnoxium
1290 2745 1386 2804 reddit

170 2819 283 2897 judieio
295 2820 360 2896 Dei,
370 2841 399 2879 v.
409 2825 436 2897 3,
449 2843 507 2881 non
517 2825 639 2884 aemulis
653 2832 765 2884 tantum
776 2833 805 2884 et
816 2825 967 2900 mandens,
981 2824 1032 2884 sed
1041 2843 1211 2900 permanens
1225 2833 1254 2883 et
1264 2825 1384 2884 haredi-

174 2899 256 2976 tatia,
273 2897 403 2959 derivata
417 2921 435 2960 a
447 2912 565 2979 parente
579 2903 610 2962 in
625 2905 763 2980 sobolem,
779 2923 844 2980 quae
858 2904 917 2962 alia
930 2923 993 2964 esse
1008 2903 1108 2981 nequit
1132 2923 1150 2960 a
1163 2913 1282 2980 psoeato
1297 2903 1383 2979 origi·

174 2979 241 3054 usli,
264 2980 403 3057 quioquid
424 2982 699 3060 subintelligendum
714 2984 752 3042 eit
775 2982 892 3042 nomine
912 3003 972 3057 aas,
995 2982 1057 3042 eive
1081 3001 1180 3056 semeis,
1206 2983 1268 3042 sive
1293 2984 1383 3042 borno.

176 3057 277 3136 Neque
292 3059 340 3120 hio
354 3061 450 3139 excipi
464 3062 624 3138 debetVel
638 3062 850 3124 immunditiem
863 3062 944 3122 illam
957 3081 1016 3121 uon
1030 3080 1093 3122 esse
1107 3061 1308 3136 universalem,
1316 3061 1385 3138 quia

175 3137 272 3198 Jobus
285 3139 363 3216 alibi,
380 3161 442 3218 oap.
458 3143 551 3218 xxxi,
567 3143 654 3202 talem
679 3163 710 3202 se
730 3162 789 3202 non
811 3141 900 3202 fuisse
915 3141 986 3200 satis
1007 3140 1143 3200 ostendit.
1166 3141 1202 3200 R.
1218 3141 1292 3215 Quia
1316 3141 1385 3200 lieet
1427 3209 1430 3216 ,

176 3219 242 3277 talis
256 3239 314 3279 non
328 3218 415 3280 fuerit
431 3241 482 3298 per
496 3223 618 3298 gratiam
633 3243 671 3282 ex
685 3243 743 3300 qua
756 3221 903 3298 regenitus
925 3230 979 3295 est,
993 3219 1060 3280 talis
1084 3228 1180 3280 tamen
1193 3228 1256 3280 erat
1269 3240 1321 3298 per
1333 3241 1384 3280 na·

175 3305 277 3373 hiram,
288 3319 392 3376 exque
402 3301 518 3378 genitus
529 3301 596 3378 suit;
608 3303 665 3362 Vel
674 3301 884 3362 immunditiem
893 3319 957 3360 esse
968 3307 1170 3378 comparatam,
1178 3301 1272 3376 qualis
1283 3300 1383 3359 tribui-

177 3386 222 3436 tur
233 3378 366 3456 Angelis,
382 3399 441 3439 non
455 3381 627 3442 absolutam.
650 3381 686 3442 R.
703 3381 777 3458 Quia
792 3401 885 3440 sermo
897 3387 940 3440 est
949 3381 985 3440 de
1000 3379 1052 3440 tali
1061 3377 1235 3456 impuritate,
1247 3399 1312 3456 quse
1328 3380 1384 3438 Dei

177 3476 235 3516 non
248 3467 342 3534 potest
360 3461 434 3519 ferre
444 3459 597 3538 judicium,
612 3471 647 3522 ut
660 3469 774 3522 oonstat
794 3480 832 3519 ex
846 3460 944 3520 verbis
964 3459 1130 3520 immediate
1143 3458 1382 3537 praeeedentibus.

178 3537 240 3596 Ista
253 3547 349 3598 autam
363 3540 513 3617 impuritas
527 3548 572 3600 est
586 3541 754 3618 simpliciter
774 3540 982 3618 peeoaminosa,
997 3559 1055 3600 non
1070 3547 1234 3617 comparata
1247 3547 1385 3600 ereatura

176 3616 239 3676 sive
259 3620 392 3678 essentia
413 3621 499 3679 aurius
520 3630 654 3697 respectu
677 3621 795 3680 alterius
817 3619 1004 3698 imperfectio.
1047 3620 1132 3678 Hane
1155 3621 1231 3680 enim
1255 3639 1314 3678 non
1334 3619 1384 3678 ad·

176 3696 256 3756 dueit
271 3697 351 3758 Deus
365 3699 395 3756 in
406 3699 558 3776 judieium,
574 3701 630 3760 nisi
643 3701 815 3760 condemnet
828 3721 901 3777 opus
916 3719 1008 3760 suum.

206 3821 221 3864 4
238 3819 260 3865 E
289 3821 308 3866 P
480 3777 522 3838 X.
545 3779 662 3855 Quarto,
680 3780 727 3838 Ex
743 3779 820 3838 Paul.
835 3781 865 3838 li
882 3782 910 3852 5,
927 3781 944 3812 ‘⁴
957 3779 1033 3836 ane
1046 3777 1076 3834 in
1090 3775 1242 3853 iniquitate
1261 3795 1381 3852 eonoep-

223 3850 229 3863 ’
263 3835 277 3864 ⁸
310 3835 328 3865 ⁸'
338 3823 364 3866 lt.
374 3823 395 3869 5.
439 3866 486 3917 tus
501 3877 573 3933 eum,
589 3867 618 3920 et
632 3859 662 3920 iu
676 3867 794 3935 peeemo
808 3857 889 3932 fovit,
902 3857 951 3916 vel
972 3855 1110 3929 ealefacit,
1126 3874 1172 3912 me
1182 3862 1275 3914 mater
1287 3856 1381 3914 mea.''

181 3931 240 3990 Ubi
256 3932 352 3992 David
367 3936 547 4000 aseendendo
562 3959 581 3998 a
593 3937 822 3998 oonaideratione
844 3936 956 4013 peeoati
976 3933 1097 3994 aetualis
1111 3953 1129 3992 a
1143 3953 1174 3995 ee
1194 3933 1322 4009 admissi,
1345 3934 1383 3994 ed

178 4011 301 4088 primam
315 4013 384 4074 mali
397 4015 501 4092 labem,
516 4017 622 4078 fatetur
635 4037 732 4078 eoram
747 4017 811 4076 Deo
825 4035 856 4076 se
871 4015 938 4074 inde
952 4014 989 4073 ab
1008 4021 1091 4074 utero
1104 4021 1270 4091 corruptum
1283 4014 1382 4090 uisse,

178 4100 207 4151 et
221 4100 340 4168 peceato
354 4094 522 4171 obnoxium,
536 4097 613 4158 unde
627 4097 768 4158 invietum
788 4116 841 4173 pro
857 4095 980 4154 Peeeato
1000 4093 1135 4170 originali
1148 4093 1213 4154 fluit
1230 4113 1383 4171 argumen-

178 4179 258 4246 tum;
282 4172 356 4232 Nam
370 4177 422 4251 qui
435 4177 465 4236 in
480 4177 632 4254 iniquitate
647 4183 804 4254 eoneeptus
817 4175 872 4237 fuit
886 4182 916 4233 et
929 4174 961 4234 in
975 4181 1094 4252 peeeato
1109 4173 1194 4250 fotus,
1210 4193 1268 4233 uon
1288 4183 1384 4251 potest

178 4270 240 4310 osse
256 4251 317 4311 sine
332 4253 467 4332 originali
481 4266 609 4333 peceato.
652 4257 713 4315 Neo
728 4255 765 4314 ad
779 4255 839 4314 vim
852 4254 937 4314 istius
950 4253 1008 4312 looi
1026 4252 1199 4315 eludendam
1212 4253 1292 4314 valet
1305 4253 1384 4330 quod

179 4330 333 4400 Volkelius
346 4334 395 4394 hio
408 4355 439 4394 re
480 4337 523 4396 uit
544 4354 610 4396 oum
625 4335 729 4410 aoeiis3
753 4335 813 4394 Vol
833 4333 975 4394 Davidem
997 4352 1055 4390 non
1070 4353 1156 4410 agore
1181 4334 1216 4390 de
1231 4333 1383 4408 quibusvis

177 4410 350 4488 homiuibus,
367 4415 419 4476 sed
454 4436 470 4474 e
486 4436 517 4474 se
531 4423 652 4490 tantum,
668 4435 721 4474 neo
736 4413 911 4492 simpliciter,
922 4413 973 4472 sod
987 4412 1206 4472 habitatatione
1218 4412 1317 4486 lapsus
1328 4409 1382 4470 sui.

178 4488 215 4548 R.
231 4491 305 4550 Nam
320 4495 454 4568 quamvis
468 4496 603 4570 loquatur
618 4495 653 4552 do
669 4515 708 4569 so,
724 4494 826 4572 quidni
836 4493 927 4569 possit
938 4492 1023 4552 otiam
1035 4491 1073 4550 ad
1083 4493 1155 4550 alios
1166 4491 1215 4566 qui
1227 4499 1294 4548 suut
1306 4490 1381 4568 ejus-

177 4567 243 4629 dem
258 4571 432 4632 conditionis
455 4573 628 4646 extaediat
649 4575 700 4652 qui
715 4575 774 4650 piari
797 4573 882 4632 modo
904 4571 1104 4648 concipiuntur
1120 4579 1149 4630 ot
1163 4577 1328 4646 naseuntur,
1351 4579 1383 4630 ut

177 4650 310 4722 genitum
326 4652 415 4727 ipsius
440 4661 501 4712 erut
516 4653 558 4710 illi
583 4673 647 4712 eum
672 4655 783 4716 caeteris
809 4652 976 4725 eommunis,
992 4652 1033 4712 sio
1055 4659 1083 4710 ot
1098 4651 1196 4712 nativa
1215 4651 1383 4728 corruptio?
