3174 5174
94 375 214 426 44444.
227 355 284 436 ru]
374 341 377 346 ’
598 372 637 414 44
651 371 854 415 ruovrnsurrs
868 375 929 416 nur.
1243 365 1301 421 449

93 515 280 576 ordinatione
294 513 403 574 divine.
445 511 502 573 Illa
525 532 583 574 non
606 522 729 594 possunt
751 515 909 576 consistere
928 533 994 576 cnm
1008 515 1222 596 contingentis:
1244 521 1304 582 Sed

92 595 168 654 nihil
183 595 282 655 obstet
302 594 456 672 quominus
478 613 521 670 ea,
544 615 608 672 quse
631 593 726 672 quoad
747 595 865 655 modum
886 596 1083 675 productionis
1103 599 1303 677 contingenter

92 676 170 735 fiunt
184 683 317 754 respectu
331 695 482 733 causarum
506 674 704 750 secundarum,
729 675 931 736 necessitatem
944 685 1041 736 temen
1062 677 1188 737 habeant
1202 699 1300 741 conse·

93 756 234 832 quentia,
259 775 310 815 seu
337 754 557 814 infallibilitatis'
578 753 755 814 firturitionis
776 764 897 815 eventus
917 777 955 815 ex
975 756 1075 815 ordine
1097 757 1301 822 Providentiae.

96 835 178 896 Vide
195 854 281 914 supra
294 835 329 894 L.
345 834 400 892 IV.
414 834 448 908 Q.
463 837 491 891 4.
516 836 534 870 “
543 833 593 892 Α4
607 834 754 894 decretum
768 834 868 894 efferet
880 837 967 897 rebus
980 836 1211 896 necessitatem.''

280 981 285 992 Ι
392 913 452 978 XI.
463 913 569 990 Tertio,
577 915 681 974 Lt'bera
691 923 720 975 41
731 917 906 992 Veientano,
917 936 981 993 quae
992 925 1060 976 sunt
1070 916 1106 989 ἐφ’
1116 919 1179 995 ἁμῖν,
1189 917 1303 980 4111441

114 979 138 1026 ³
153 979 338 1085 ῩἫᾞΜ*
358 994 384 1052 ix
407 995 572 1075 repurgium,
594 1013 612 1052 4
632 993 821 1055 Providentia
846 996 910 1073 regi
937 1004 1050 1056 4444141
1076 1017 1114 1056 ox
1143 998 1302 1075 Scriptura.

361 1075 381 1107 “
396 1073 533 1133 Hominis
547 1081 615 1133 sunt
628 1074 833 1152 dispositiones
853 1075 956 1154 cordis,
977 1075 1029 1136 sed
1049 1097 1067 1135 4
1088 1077 1215 1136 Domino
1234 1097 1301 1156 pro·

94 1150 244 1210 nunciatio
257 1149 396 1229 lingnae,''
423 1153 510 1218 Prov.
525 1153 586 1212 xvi.
603 1156 639 1228 1;
655 1155 726 1214 419.
750 1156 768 1188 “
783 1155 839 1214 Cor
854 1155 979 1214 hominis
993 1157 1103 1233 cogitat
1116 1158 1194 1216 viem
1209 1177 1299 1234 suam,

95 1240 125 1288 ct
139 1230 286 1290 Dominus
300 1231 400 1309 dirigit
414 1252 530 1309 gressus
545 1231 607 1309 ejus
616 1233 645 1309 ;’'
668 1241 698 1293 et
711 1253 773 1310 cep.
788 1254 840 1293 xx.
855 1238 903 1294 24.
926 1237 944 1270 “
955 1235 985 1294 A
997 1235 1123 1298 Domino
1137 1236 1302 1314 diriguntur

95 1328 214 1385 gressus
227 1310 322 1386 viri;”
345 1320 375 1370 et
388 1332 413 1371 c.
427 1311 490 1370 xxi.
507 1315 533 1370 1.
556 1314 574 1345 ‘⁴
589 1312 645 1371 Gor
659 1313 750 1389 Regis
773 1313 804 1371 in
828 1333 915 1374 manu
930 1315 1056 1391 Domini,
1072 1325 1105 1375 ut
1117 1317 1198 1376 rivus
1212 1337 1300 1393 equa·

95 1408 170 1464 rum,
185 1408 358 1467 quocunque
380 1391 504 1450 voluerit
523 1390 643 1452 inclinet
663 1391 737 1450 illud
747 1393 774 1468 ;'’
798 1393 907 1452 Jerem.
927 1415 957 1450 x.
980 1397 1028 1453 23.
1052 1397 1070 1428 “
1086 1395 1152 1454 Scio
1175 1395 1300 1456 Domine

95 1469 175 1544 quod
188 1488 246 1527 non
260 1477 306 1528 est
319 1470 444 1530 hominis
458 1471 507 1529 via
519 1471 591 1548 ejus,
606 1491 660 1530 neo
673 1471 729 1529 viri
748 1479 782 1531 ut
795 1471 902 1547 diriget
915 1491 1032 1548 gressus
1047 1475 1143 1532 suos.’'
1187 1475 1235 1534 Sic
1250 1476 1299 1536 Ps.

94 1547 200 1607 xxxiii.
217 1551 263 1625 14,
282 1551 328 1608 15.
360 1551 418 1607 “Ε
441 1550 505 1609 1444
518 1549 705 1610 habitationis
728 1569 787 1609 suae
809 1551 947 1628 prospicit
965 1551 996 1608 in
1017 1552 1193 1612 habitatores
1206 1562 1298 1630 terre,

95 1626 234 1687 formator
255 1629 363 1706 pariter
384 1629 479 1688 cordis
502 1629 630 1707 ipsorum
654 1629 858 1688 animadvertit
882 1629 920 1688 ed
943 1631 1040 1689 omniu
1061 1651 1149 1709 opere
1169 1634 1299 1694 eorum.’'

94 1705 181 1780 Quod
192 1707 355 1768 luculenter
373 1709 557 1768 confirmatur
570 1709 712 1786 exemplis
732 1709 865 1786 Ladonis,
890 1709 996 1770 Genus.
1011 1711 1095 1773 xxxi.
1109 1714 1157 1771 29.
1199 1713 1298 1790 Erasi,

98 1787 173 1846 Gen.
188 1788 292 1847 xxxiii.
314 1791 343 1846 4.
364 1789 574 1864 AEqutiomm,
590 1788 685 1847 Exod.
709 1789 822 1848 41136.
853 1790 1086 1866 Β114441Ν444.
1109 1791 1191 1867 xxii,
1215 1793 1299 1852 xxiii.

94 1867 202 1941 Scuta,
218 1871 234 1925 l
251 1869 328 1927 Sem.
343 1867 425 1926 xxiv.
442 1872 488 1944 15,
506 1870 552 1942 18,
568 1876 597 1927 et
610 1868 693 1926 xxvi.
710 1870 755 1944 17,
772 1875 801 1926 41
814 1868 945 1930 eliorum,
987 1869 1073 1929 Ratio
1094 1871 1181 1929 etiam
1201 1871 1299 1931 multi·

95 1947 170 2023 plex
181 1947 236 2004 boc
249 1947 358 2008 suadet.
401 1947 475 2022 Quia
489 1957 521 2008 ut
533 1949 620 2006 borno
633 1947 740 2025 pendet
753 1966 771 2005 4
786 1948 849 2006 Deo
863 1944 958 2024 quoad
972 1947 1135 2024 essentiam,
1150 1957 1179 2010 et
1192 1950 1298 2028 vitam3

97 2026 141 2084 ita
163 2025 246 2085 debet
269 2027 306 2087 eb
327 2047 362 2086 eo
385 2027 511 2105 pendere
533 2027 628 2105 quoad
642 2027 779 2102 actiones,
794 2035 824 2086 et
836 2035 932 2086 motus
946 2027 1056 2103 unimae,
1073 2048 1137 2105 quae
1150 2028 1301 2105 potissime

96 2114 228 2183 estpars
250 2107 393 2167 hominis:
420 2107 495 2166 Nem
516 2107 625 2184 fingere
647 2107 793 2166 hominem
814 2103 1054 2183 independentem
1078 2107 1108 2166 in
1132 2107 1257 2167 volendo
1271 2117 1301 2168 et

98 2185 219 2262 egendo,
245 2195 291 2246 est
310 2187 403 2245 fecere
425 2187 664 2266 independentem
686 2185 716 2244 in
738 2187 869 2262 essendo,
895 2186 963 2263 quia
984 2185 1191 2265 qualiscunque
1205 2195 1250 2246 est
1270 2187 1300 2246 in
1369 2233 1384 2256 .

99 2266 219 2342 agendo,
229 2266 298 2325 14114
309 2275 353 2326 441
363 2267 394 2324 14
404 2267 534 2326 essendo.
560 2265 674 2325 Deinde
689 2266 713 2324 si
724 2267 851 2326 44114444
861 2266 960 2324 liberae
971 2286 989 2325 a
1000 2267 1063 2324 Deo
1073 2286 1132 2324 non
1142 2265 1301 2344 penderent

100 2355 128 2404 et
150 2354 328 2423 regerentur,
350 2345 451 2406 fierent
476 2346 613 2422 Deo,vel
634 2346 793 2422 ignorante,
814 2354 843 2404 et
864 2345 1027 2421 inscio,ch
1051 2345 1226 2424 negligente,
1249 2355 1300 2408 aut

98 2425 208 2502 invito;
239 2425 320 2503 quod
341 2425 403 2485 sine
426 2425 573 2504 impietate
597 2425 655 2484 dici
679 2434 709 2485 et
729 2425 851 2503 cogitari
877 2425 986 2504 nequit.
1028 2425 1179 2501 Quomodo
1202 2434 1299 2486 eutem

98 2505 152 2564 Dei
176 2505 365 2564 Providentia
374 2513 524 2564 concurret
538 2525 603 2565 cum
617 2505 766 2568 voluntate
779 2505 913 2583 bominis,
934 2525 988 2568 nec
1002 2513 1114 2568 evertat
1126 2514 1222 2568 temen
1236 2507 1299 2587 ejus

94 2583 265 2662 libertatem,
280 2585 311 2646 in
325 2586 512 2664 sequentibus
525 2584 679 2648 videbituu.

560 2826 755 2904 QUAESTIO
777 2827 832 2888 IV.

489 3004 529 3045 DE
542 3004 753 3046 PROVIDENTIAE
768 3001 901 3046 scmus.

95 3145 143 3204 An
164 3145 348 3206 &maenaa
369 3144 423 3203 sita
446 3145 483 3204 eit
505 3153 613 3204 1441444
636 3145 666 3203 in
688 3143 894 3203 444444ιί444
917 3149 944 3201 et
963 3139 1159 3202 manuascae
1192 3159 1297 3220 raum,

134 3225 181 3284 Aa
194 3247 261 3285 cero
275 3226 360 3284 subm
380 3225 409 3282 ia
419 3225 620 3302 protestatione
632 3244 739 3300 earum,
750 3243 807 3300 per
819 3241 905 3299 44444
918 3224 997 3280 Deae
1011 3221 1155 3299 14444941,
1167 3229 1194 3281 et
1206 3223 1297 3296 effica-

133 3305 364 3365 citer-concurrat
373 3325 434 3362 444
448 3305 523 3381 spere,
549 3324 684 3363 concursu
707 3323 763 3363 noa
784 3301 914 3380 generali
925 3310 951 3360 et
964 3301 1145 3378 indifferenter,
1166 3305 1217 3362 sed
1223 3322 1297 3379 par-

134 3385 255 3462 tr'culari,
270 3385 404 3462 specifico,
420 3393 446 3442 et
455 3384 638 3444 immediato!
658 3384 733 3461 Neg.
748 3383 817 3460 Pri,
833 3381 893 3442 Aff.
909 3381 1030 3459 Foster,
1045 3382 1297 3459 conmuniter,

135 3464 317 3540 Socinisnos,
332 3471 363 3524 et
376 3464 621 3524 Remonstrentes.
1035 3515 1037 3518 .

135 3623 161 3682 Ι.
184 3623 260 3683 Dure
283 3630 352 3683 sunt
373 3621 547 3698 Quaestionis
559 3629 665 3700 partes.
707 3623 804 3682 Prime
817 3619 854 3682 dc
870 3621 1085 3684 Omuereatione
1098 3639 1202 3683 rerum.
1246 3622 1297 3684 Se-

95 3703 191 3762 cunde
212 3703 250 3762 de
263 3723 363 3764 earum
379 3703 608 3776 Grumum
629 3701 734 3779 quibus
756 3703 869 3762 duobus
883 3703 995 3762 cetibus
1008 3701 1083 3761 solet
1096 3701 1220 3761 describi
1241 3701 1298 3762 Dei

93 3781 292 3842 Providentia.
322 3783 502 3842 Oomoeauo
523 3789 575 3857 est,
590 3775 648 3860 qu's
663 3783 743 3841 Deus
757 3781 1059 3841 44441444444444414
1073 3787 1150 3838 41414
1163 3799 1215 3838 suo
1230 3799 1297 3838 con-

93 3869 201 3936 servet,
216 3861 295 3939 quod
307 3861 342 3920 fit
352 3861 568 3921 conservatione
583 3861 743 3920 4444411414
752 3860 911 3937 speciebus,
926 3858 1077 3917 4414144114
1089 3857 1120 3914 14
1130 3857 1298 3934 individuis,

94 3949 124 3999 et
137 3941 248 4000 41414141
267 3941 305 3999 sd
324 3941 514 4018 operationes.
559 3939 731 4000 Grderrmtio
751 3947 803 4014 441,
826 3955 885 4014 que
898 3939 979 3996 Deus
991 3935 1127 3996 univorsa
1140 3943 1171 3996 et
1183 3937 1299 4014 singule

94 4017 248 4097 gubernat,
263 4027 292 4080 et
306 4020 505 4080 adfineesee
519 4015 696 4098 praestitutos
709 4017 809 4094 dirigit
822 4025 852 4076 et
865 4015 990 4074 deducit.
1200 4064 1203 4070 .

398 4099 440 4158 II.
463 4099 564 4175 Quoad
578 4097 719 4175 primem3
741 4096 808 4154 Non
821 4094 966 4172 quaritur,
979 4093 1030 4152 An
1040 4091 1228 4154 Providentia
1241 4093 1299 4156 Dei

123 4163 306 4267 ⁸“lff0n2m'
356 4187 512 4255 occupetur
522 4179 597 4237 circa
608 4175 862 4236 conservationem
872 4194 986 4248 rerum;
1002 4172 1154 4232 Hocenim
1163 4173 1298 4251 utrinque

249 4253 256 4266 '
356 4267 402 4317 est
422 4259 453 4315 in
475 4258 615 4332 confesso,
641 4255 762 4314 docente
788 4254 943 4332 Scriptura,
966 4250 1086 4311 Nehem.
1101 4253 1142 4313 ix.
1158 4256 1175 4312 6
1188 4274 1195 4328 ;
1218 4253 1296 4314 Psel.

95 4334 200 4394 xxxvi.
216 4339 244 4411 6,
270 4343 301 4395 41
314 4335 370 4395 civ.
385 4341 434 4412 27,
449 4339 487 4397 29
500 4360 508 4413 ;
530 4337 608 4395 Heb.
622 4336 642 4395 i.
658 4338 696 4412 3;
719 4333 873 4395 41414411.
889 4334 937 4409 28,
958 4339 988 4391 41
1008 4331 1118 4392 ratione
1139 4331 1298 4409 prebente:

94 4415 168 4490 Quia
177 4422 212 4474 ut
225 4434 272 4474 res
285 4435 345 4474 non
358 4424 514 4494 potuerunt
533 4416 596 4477 fieri
611 4416 672 4474 sine
687 4414 768 4492 Deo,
790 4414 837 4473 Ita
857 4433 910 4472 nce
934 4412 996 4472 sino
1009 4431 1044 4470 eo
1057 4412 1241 4489 possuntvel
1260 4411 1299 4472 ad

91 4502 272 4554 momentum
286 4495 442 4556 subsistere
454 4519 461 4574 ;
476 4495 783 4574 aliusindependentes
797 4493 898 4569 forent,
913 4491 992 4570 quod
1006 4491 1061 4550 soli
1075 4490 1138 4550 Deo
1152 4491 1297 4570 competit.

95 4573 152 4634 Sed
166 4573 315 4652 queritur,
338 4575 389 4635 An
410 4583 472 4637 tota
492 4574 566 4636 ratio
589 4573 782 4636 Providentiae
804 4571 1297 4650 4444141411411140444411411444,

91 4654 163 4714 4114
176 4673 214 4716 eo
228 4653 308 4732 quod
322 4654 403 4717 Deus
416 4655 476 4716 vim
497 4653 604 4734 agendi
623 4654 718 4716 causis
731 4653 865 4716 secundis
878 4651 980 4714 tribuit
999 4657 1029 4714 et
1041 4657 1204 4792 persanat,
1218 4650 1296 4714 illes·

1079 4749 1098 4790 r
