3158 5180
335 323 394 382 372
817 339 1068 390 marcomeres.
1308 319 1497 402 [cossurus

337 479 461 542 creando
480 479 605 557 homine,
620 479 670 539 vel
692 480 885 558 permittendo
905 481 970 558 ejus
990 480 1084 558 lapsu,
1106 481 1147 540 ita
1165 487 1199 540 ut
1212 479 1322 541 Creatio
1335 490 1362 542 et
1375 481 1499 543 Permissio

337 562 436 639 lapsus
455 560 735 632 habeantrationem
749 560 837 618 medii
850 561 888 619 ad
908 560 1129 638 patefactionem
1149 561 1346 621 misericordia
1363 571 1390 621 et
1405 564 1499 640 justitie

338 661 397 701 aaa
411 649 548 718 tanquam
562 639 657 699 finem.
700 640 748 700 Ita
761 640 884 718 primum
900 641 1056 699 Decretum
1071 640 1228 700 secundum
1248 641 1323 719 ipsos
1336 651 1378 700 est
1388 642 1420 700 de
1431 645 1499 700 mani·

336 721 488 780 testatione
509 720 610 798 gloriae
625 720 682 778 Dei
702 721 733 777 in
746 720 885 780 exercitio
905 719 1108 779 misericordia
1122 729 1152 779 et
1167 721 1289 798 justitia
1307 742 1356 799 per
1368 721 1501 780 salutemet

338 799 551 859 damnationem
570 800 738 875 hominum
765 800 930 859 Secundum
950 799 987 858 de
1008 801 1177 876 Creaticne;
1202 800 1329 859 Tertium
1348 801 1381 860 de
1403 801 1500 859 Permis-

337 881 417 1020 Ξίοηε
430 881 548 958 lapsus;
571 880 712 955 Quartum
725 879 762 938 de
776 880 917 940 Miasione
932 879 1040 939 Christi
1055 900 1108 958 pro
1122 880 1214 940 salute
1229 899 1326 940 eorum
1338 900 1405 958 quos
1417 881 1502 938 salome

358 967 515 1019 ecreverat.

316 1053 321 1062 '
378 1041 417 1098 V.
432 1040 542 1099 Verum
555 1039 625 1099 licet
638 1039 712 1098 nihil
725 1039 832 1099 habeat
844 1038 899 1098 iste
914 1039 1000 1115 Ordo,
1016 1039 1095 1116 quod
1113 1038 1299 1099 fundamento
1313 1039 1407 1098 salutis
1418 1047 1443 1097 et
1453 1058 1503 1096 ana-

336 1119 424 1198 logia
437 1118 506 1178 fidei
519 1119 650 1178 absolute
664 1127 814 1198 repugnet,
830 1127 859 1179 et
873 1119 953 1178 Viris
971 1119 1086 1197 magnis
1099 1127 1129 1178 et
1142 1119 1178 1178 de
1194 1119 1324 1180 Ecclesia
1342 1118 1504 1178 benemeritis

337 1199 493 1277 placuerit3
516 1201 597 1258 varia
610 1207 707 1258 tamen
721 1200 839 1258 obstant
852 1198 1005 1275 quominus
1024 1199 1113 1277 recipi
1132 1199 1233 1277 possit,
1253 1208 1287 1258 ut
1306 1199 1366 1258 lusa
1383 1199 1503 1276 probatum
1539 1253 1540 1270 χ

338 1288 383 1339 est
397 1299 492 1357 supra,
505 1279 614 1354 Qusest
630 1278 700 1354 IX.,
710 1279 816 1356 quibus
829 1287 859 1337 et
871 1279 935 1337 hsec
948 1279 1090 1354 addimus,
1106 1278 1252 1340 duriorem
1266 1288 1295 1338 et
1307 1279 1396 1337 minus
1408 1297 1502 1336 commo
1539 1278 1540 1300 ¹

339 1359 408 1418 dum
422 1358 516 1418 videri
535 1360 613 1418 hunc
628 1358 766 1433 ordinem,
784 1361 810 1416 1.
831 1359 900 1434 quia
913 1377 951 1417 ex
971 1357 1026 1417 hac
1045 1359 1202 1436 hypothesi
1221 1359 1329 1437 prImus
1341 1367 1416 1417 actus
1427 1357 1502 1416 volun·

339 1440 407 1498 tatis
422 1440 479 1499 Dei
498 1458 569 1516 erga
588 1439 743 1498 nonnullas
763 1457 801 1496 ex
822 1439 967 1497 Creetnris
988 1438 1124 1497 statuitur
1144 1459 1208 1498 esse
1223 1447 1303 1497 actus
1317 1438 1380 1512 odii,
1394 1445 1504 1514 qnatenus

334 1519 480 1598 justitiam
499 1539 581 1578 suam
601 1518 632 1576 in
652 1537 750 1578 earum
765 1517 948 1578 damnatione
962 1517 1158 1577 demonstrare
1173 1518 1275 1594 voluit,
1290 1517 1434 1594 etquidem
1446 1515 1503 1574 anfe-

338 1619 425 1677 qusm
439 1598 627 1658 considerata
641 1598 743 1657 sintin
756 1605 884 1675 peccato,
900 1617 934 1656 ac
946 1617 998 1676 per
1011 1617 1192 1676 consequens
1206 1607 1356 1676 antequam
1366 1605 1448 1656 essent
1457 1595 1504 1652 odio

339 1679 445 1757 digna,
468 1679 526 1738 imo
541 1677 611 1737 dum
624 1677 880 1740 considerabantur
899 1685 933 1736 ut
952 1678 1128 1754 innocentes,
1144 1688 1233 1756 atque
1246 1677 1317 1736 adeo
1331 1678 1457 1755 objectum
1467 1695 1502 1751 po·

338 1760 398 1819 tius
422 1759 536 1834 amoris,
562 1759 641 1836 quod
664 1779 723 1818 non
747 1758 818 1818 satis
842 1757 958 1817 videtur
980 1759 1134 1817 convenire
1158 1757 1298 1817 ineffabili
1321 1759 1381 1835 ejus
1401 1753 1502 1813 bonitati.

340 1843 369 1898 2.
377 1839 490 1900 Durum
504 1840 591 1898 etiarn
606 1847 658 1914 ast,
669 1837 748 1916 quod
757 1840 845 1916 juxta
858 1839 935 1896 hunc
950 1837 1078 1896 ordinem
1091 1838 1173 1898 Deus
1184 1845 1316 1897 censetur
1326 1836 1421 1896 amoris
1430 1833 1502 1892 effoeta

339 1919 428 1998 longe
441 1920 569 1978 maxima
582 1919 640 1978 illis
661 1918 800 1997 impertiri
813 1938 852 1977 ex
865 1917 922 1976 odii
939 1917 1089 1995 principio,
1104 1916 1176 1976 dum
1191 1917 1326 1977 statuitur
1338 1937 1383 1976 eae
1395 1933 1471 1974 creare
1480 1912 1501 1968 in
1539 1931 1540 1952 ³

340 2009 418 2060 statu
437 1999 613 2078 integritatis
632 1999 663 2056 in
681 2018 748 2058 eum
767 1997 862 2073 finem,
884 2006 917 2058 nt
937 1998 968 2056 in
988 2017 1085 2056 eanrrn
1100 1996 1284 2056 damnatione
1304 1996 1434 2076 justitiam
1445 2009 1501 2050 suan

339 2079 473 2156 illustret,
488 2079 567 2158 qnod
581 2098 634 2138 nec
645 2099 755 2138 summe
768 2079 885 2152 bonum,
900 2097 954 2136 nec
969 2096 1078 2137 snrnrne
1092 2077 1254 2155 sapientem
1267 2085 1296 2136 et
1306 2077 1410 2155 justum
1418 2071 1501 2131 videtur

342 2160 447 2219 dicere.
469 2163 497 2219 3.
506 2159 659 2236 Perperem
674 2157 844 2236 supponitur
858 2158 953 2217 Deum
966 2165 1063 2216 actum
1075 2157 1280 2216 misericordia
1294 2165 1323 2216 et
1339 2154 1446 2234 justitia
1456 2169 1502 2208 ers·
1539 2181 1540 2232 3

339 2259 402 2296 rere
417 2257 487 2315 erge
501 2239 653 2297 Creeturas
673 2238 704 2296 in
725 2237 916 2297 destinatione
930 2237 1032 2296 salutis
1046 2244 1075 2295 et
1088 2237 1179 2313 exitii,
1197 2257 1262 2314 qua
1274 2256 1328 2295 nec
1341 2243 1403 2294 sunt
1413 2233 1501 2300 misera
1539 2235 1540 2314 l

338 2335 393 2376 nec
407 2337 471 2392 rese,
487 2317 545 2375 imo
559 2337 624 2393 quse
634 2315 789 2394 nequidem
803 2317 1004 2395 concipiuntur
1017 2316 1110 2376 adhue
1120 2317 1266 2377 existere:
1288 2315 1329 2375 As
1341 2335 1401 2374 cum
1412 2313 1503 2370 unetos
1539 2331 1540 2400 3

338 2395 403 2455 ista
418 2397 476 2455 sint
489 2396 667 2473 respectiva,
683 2397 828 2473 objectum
843 2415 927 2455 suum
945 2404 1178 2475 prasupponunt,
1197 2415 1256 2456 non
1269 2396 1380 2454 faciunt
1398 2395 1423 2450 l.
1432 2387 1503 2450 Gratis

338 2475 425 2534 etiarn
440 2475 579 2534 asseritur
592 2475 774 2534 creationem
787 2483 817 2534 et
832 2475 959 2553 Lapsum
978 2495 1042 2535 esse
1063 2476 1158 2534 media
1178 2476 1338 2536 Electionis
1350 2482 1377 2534 et
1390 2467 1502 2548 Repete

338 2554 434 2630 tionis,
450 2573 516 2614 curn
531 2554 734 2614 antecedenter
746 2555 785 2613 ad
805 2554 871 2613 illas
885 2575 916 2614 se
936 2555 1071 2632 habeant,
1087 2555 1158 2615 alias
1170 2564 1323 2633 peccatum
1335 2561 1404 2614 esset
1417 2555 1503 2630 proptr

338 2633 560 2710 damnationem,
576 2653 643 2693 curn
657 2643 757 2694 contra
771 2633 917 2694 damnatio
932 2635 971 2695 sit
989 2644 1107 2716 propter
1119 2645 1280 2715 peccatum,
1295 2643 1324 2697 et
1336 2635 1409 2694 Deua
1421 2643 1503 2690 meat&

338 2713 483 2774 diceretur
495 2713 627 2774 homines
641 2731 714 2792 quos
728 2714 870 2794 perderet.

343 2833 455 2882 sm„
479 2833 582 2880 Sanun
642 2795 698 2854 VI.
720 2796 884 2855 Amniaiani
906 2795 936 2854 in
950 2795 1031 2856 alind
1050 2803 1223 2872 extremum,
1238 2797 1289 2857 sed
1301 2796 1383 2872 longe
1395 2783 1502 2870 perieule

369 2891 413 2946 tis,
423 2906 476 2950 qna
486 2897 524 2938 est
535 2893 581 2938 Aa
602 2875 662 2935 sius
687 2874 806 2954 delapsi,
826 2875 964 2954 dogmata
983 2877 1139 2954 Pelagiana
1151 2879 1225 2936 novi
1239 2876 1344 2938 ordinis
1356 2875 1457 2933 obtentu
1467 2863 1502 2922 ob·

372 2951 543 2997 mutuorum.
600 2955 729 3032 trudunt,
744 2965 775 3016 et
788 2956 829 3016 ita
842 2955 972 3016 ordinem
987 2957 1174 3016 Decretorum
1188 2958 1353 3036 disponunt,
1372 2961 1401 3013 ut
1412 2955 1504 3027 quatuor

340 3037 396 3097 sibi
411 3037 598 3098 subordinate
611 3036 727 3097 decreta
740 3035 889 3096 stabilient
902 3036 932 3094 in
947 3037 1048 3095 salutis
1061 3037 1186 3114 negotio.
1223 3039 1349 3096 Pariorum
1361 3041 1401 3094 est
1412 3045 1457 3106 quo
1467 3021 1502 3080 dt

339 3118 431 3178 crevit
446 3117 554 3178 Filium
569 3137 653 3178 suum
666 3118 771 3177 Jesum
786 3117 931 3176 Christum
946 3117 1057 3175 Ponere
1070 3117 1100 3174 in
1115 3117 1306 3177 Mediatorem
1319 3123 1348 3174 et
1362 3112 1502 3172 Salvatortffi

340 3197 464 3257 Generis
474 3198 594 3256 humani
605 3197 690 3276 lapsi,
715 3196 767 3276 qui
785 3205 936 3276 peccatum
949 3205 1041 3256 morte
1055 3215 1108 3256 sua
1120 3197 1258 3272 aboleret,
1274 3196 1399 3256 amissam
1412 3185 1502 3247 salutem

339 3277 505 3336 obedientia
518 3298 570 3337 sna
584 3286 773 3354 recuperaret
796 3284 826 3337 et
843 3278 950 3336 virtute
969 3295 1021 3336 sua
1034 3277 1266 3337 communicaret.
1305 3272 1451 3340 &cunm
1463 3277 1503 3336 t1¹¹⁰

340 3354 471 3415 decrevit
491 3358 694 3434 resipiscentes
718 3365 748 3416 et
771 3357 921 3417 credentes
944 3357 974 3414 in
998 3356 1120 3434 gratiam
1133 3356 1269 3434 recipere,
1291 3357 1503 3434 eosqueperttft·

337 3443 435 3492 rantes
459 3435 490 3494 in
511 3436 599 3494 finem
620 3456 712 3513 usqne
726 3445 820 3514 peret
833 3445 949 3516 propter
963 3436 1107 3496 ChrIstum
1121 3435 1218 3495 salvos
1232 3437 1341 3495 lacera:
1360 3432 1451 3490 Contra
1466 3435 1503 3476 ¹¹¹1·

337 3514 511 3590 poenitentes
525 3524 554 3573 et
567 3514 700 3574 infideles
713 3516 744 3574 in
765 3526 884 3595 peccato
906 3517 1066 3593 relinquere
1087 3523 1117 3574 et
1135 3523 1274 3574 aeternum
1285 3514 1418 3574 damnare·
1454 3501 1505 3557 Tff·

339 3595 416 3670 tiara
438 3614 497 3672 quo
511 3593 641 3654 decrevit
654 3595 750 3654 media
763 3589 801 3654 ad
815 3597 1040 3675 resipiscentiam
1054 3604 1083 3655 et
1095 3594 1182 3654 fidem
1196 3593 1354 3655 necessaria
1366 3581 1506 3649 srrffitltfllflf

338 3682 369 3733 et
382 3673 535 3733 efficaciter
548 3675 683 3734 omnibus
707 3675 916 3737 administrare.
960 3677 1109 3751 Quas-tosa,
1132 3693 1190 3752 quo
1210 3673 1337 3734 decrerit
1349 3673 1506 3736 cerlwllls'

340 3755 407 3813 dam
422 3765 451 3814 et
466 3753 627 3832 singulares
641 3773 780 3833 personas
787 3757 957 3816 nominatim
966 3755 1077 3815 salvare
1085 3755 1133 3814 vel
1144 3755 1289 3829 damnare,
1299 3771 1367 3830 quas
1379 3747 1411 3806 ab
1423 3749 1505 3834 alem

340 3835 475 3914 praevidit
485 3835 653 3912 credituras,
665 3835 714 3894 vel
727 3856 787 3895 non
801 3836 968 3897 credituras.
1008 3836 1080 3910 Qua
1093 3844 1217 3913 quatuor
1229 3835 1341 3894 decreta
1351 3831 1388 3890 ia
1399 3823 1445 3884 sibr
1453 3813 1504 3902 sub:

339 3915 467 3974 ordinari
480 3924 616 3994 censent;
631 3925 665 3975 nt
680 3916 809 3976 Primum
824 3917 863 3976 sit
877 3916 931 3998 (Ι.)
944 3916 1106 3975 Destinatio
1117 3914 1224 3975 Christi
1237 3915 1265 3974 in
1281 3911 1457 3973 mediatorem
1467 3913 1485 3984 l,

339 3995 501 4073 acquireret
523 3997 724 4074 peccatoribus
743 3997 795 4075 jus
819 3997 929 4056 salutis.
971 3995 1014 4055 11.
1035 3995 1186 4056 Ordinatio
1198 3994 1266 4053 fidei
1278 4002 1307 4052 et
1318 3982 1505 4070 perseversnlffl

339 4075 370 4134 in
384 4077 580 4136 conditionem
594 4077 839 4136 communicanda
854 4075 963 4136 salutis.
986 4075 1046 4135 111.
1062 4075 1210 4136 Ordinatio
1220 4063 1414 4133 mediorumtd
1424 4057 1505 4152 &0³3²

339 4175 462 4233 qnorum
476 4156 617 4216 beneficio
631 4165 797 4234 peccatores
809 4156 922 4235 possint
935 4155 1052 4215 credere
1065 4163 1095 4214 et
1107 4173 1296 4234 perseverare
1318 4148 1369 4209 IV.
1383 4139 1506 4227 ordinm

339 4233 431 4312 ipsius
445 4235 556 4312 salutis,
581 4237 712 4314 personis
737 4236 932 4314 singularibus
953 4253 1012 4312 qua
1034 4234 1217 4294 credentibus
1239 4241 1269 4294 et
1289 4213 1507 4312 perseveraphbut

338 4313 432 4391 faota3
454 4315 502 4374 cui
512 4316 654 4376 ordinatio
669 4317 861 4376 damnationis
875 4315 1014 4376 adversus
1032 4315 1159 4375 finaliter
1176 4313 1378 4393 impoenitentes
1396 4309 1421 4362 el
1432 4309 1507 4354 ΜΝ·

338 4391 423 4453 dnlos
444 4395 608 4472 respondet
651 4397 722 4456 meu
738 4398 844 4474 priora
868 4396 983 4456 decreta
1000 4397 1148 4472 peccabis
1161 4405 1235 4472 sunt,
1255 4394 1414 4474 quartorum
1424 4375 1507 4434 Genus

337 4471 497 4532 humanum
511 4473 659 4534 indefinite
673 4485 813 4553 spectant,
828 4475 901 4536 citra
914 4473 1075 4553 respectum
1089 4493 1270 4554 personarum
1290 4463 1464 4544 singulfflflfflr
1483 4455 1508 4556 εξ

337 4551 444 4622 quous
468 4551 648 4614 enemente
671 4556 763 4615 naar
783 4556 975 4616 russanen
991 4555 1098 4617 &aaa
1114 4551 1288 4626 ommam
1303 4548 1360 4608 sive
1371 4530 1507 4600 movero

335 4625 396 4686 Dei
419 4629 541 4690 affectus
564 4653 636 4712 erga
658 4642 752 4696 toturn
767 4635 869 4697 Genus
882 4637 1049 4714 hammum,
1065 4655 1123 4716 quo
1138 4633 1278 4696 Christum
1290 4629 1319 4688 in
1332 4618 1503 4684 Medietatem.
