3158 5190
261 336 298 395 76
730 353 822 399 mous
835 351 993 396 sscmnus.
1293 329 1417 413 [nonar.
1438 351 1472 392 v.
1562 367 1563 402 ,

260 494 419 574 proiectum
441 493 529 552 fuisse
552 493 697 552 Charrane
719 495 813 554 atatis
834 515 910 554 anno
932 493 1144 572 septuagesimo
1166 493 1276 571 quinto,
1300 502 1331 552 et
1353 500 1474 570 panem

261 574 356 633 Thare
370 572 530 632 vixisse'ad
547 575 615 649 205,
631 593 668 632 ex
683 573 758 633 Gen.
773 575 813 633 xi.
829 577 876 634 32.
919 575 988 634 Jam
1011 573 1036 632 si
1058 581 1171 632 constat
1190 572 1392 631 Abrahamum
1413 592 1472 630 na-

262 663 325 714 tum
347 672 425 711 auno
446 655 485 712 70
505 653 617 728 Tharsa,
640 661 670 711 et
690 653 849 732 profectum
869 654 1013 713 Charrane
1035 665 1111 712 anno
1133 652 1226 711 aetatis
1249 671 1309 710 suae
1332 655 1381 726 75,
1406 672 1473 710 non

260 733 407 812 proiectus
421 733 475 792 erit
488 741 554 811 post
567 741 688 792 mortem
700 733 804 810 Patris,
819 743 852 794 ut
865 733 906 793 ait
921 734 1092 810 Stephanus,
1109 731 1161 791 sed
1175 734 1213 791 60
1234 731 1318 792 annis
1332 741 1409 807 ante,
1425 731 1472 790 id.

159 845 160 850 1
265 817 322 871 145
344 831 419 870 anno
442 813 535 872 aetatis
549 812 661 870 Thura.
710 812 784 872 Sunt
803 813 854 890 qui
868 813 970 872 volunt
994 813 1172 890 Stephanum
1193 811 1332 870 memoria
1352 811 1473 889 lapsum

262 893 310 951 hic
324 891 412 950 fuisse
426 891 457 949 in
472 891 608 968 temporis
622 893 842 968 computatione,
858 912 912 951 nec
933 901 1084 970 propterea
1103 892 1252 950 historiam
1267 890 1356 950 Lucae
1370 891 1475 951 minus

247 991 327 1030 ⁴csse
349 970 506 1038 cleirano,
521 971 590 1049 quia
612 979 656 1030 sat
677 971 721 1028 illi
742 971 797 1030 fuit
818 972 923 1031 referre
945 971 1069 1031 fideliter
1089 991 1154 1048 qua
1176 991 1194 1029 a
1218 971 1366 1048 Stephano
1388 971 1474 1030 dicta

263 1051 384 1127 fuerant,
400 1071 453 1110 nec
467 1051 503 1111 de
518 1050 688 1128 corrigendo
702 1052 766 1128 ejus
780 1071 874 1110 errore
888 1049 943 1111 fuit
956 1051 1107 1109 sollicitus.
1150 1049 1209 1109 Sed
1221 1070 1287 1110 cum
1302 1060 1415 1110 certum
1430 1053 1474 1111 sit

266 1131 443 1208 Stephanum
468 1131 577 1209 Spiritu
603 1130 720 1208 plenum
743 1130 839 1208 fuisse,
855 1131 940 1190 etiam
962 1131 1130 1204 0111111115,
1152 1150 1210 1188 non
1237 1137 1334 1208 potest
1362 1131 1474 1190 erroris

263 1210 356 1288 argui,
371 1211 441 1288 quin
455 1211 547 1270 Verbi
568 1213 720 1268 ahmane&
740 1219 831 1271 nutet.
873 1210 934 1269 Alii
957 1219 1088 1270 statuunt
1100 1209 1261 1269 Abrahami
1282 1209 1473 1270 nativitatem

264 1309 323 1348 uon
342 1291 462 1368 praecise
476 1290 680 1368 assignandam
701 1311 765 1349 esse
787 1294 916 1350 1111070
938 1291 1031 1350 aetatis
1045 1290 1157 1366 Therae,
1181 1289 1233 1348 sed
1254 1297 1369 1348 tantum
1391 1309 1473 1349 anno

266 1372 332 1446 130,
348 1389 401 1428 nce
415 1369 589 1429 contrarium
602 1389 686 1447 posse
708 1369 806 1428 infarri
828 1390 866 1428 ex
884 1390 919 1428 eo
933 1369 1019 1448 quod,
1036 1370 1110 1429 Gen.
1126 1370 1166 1428 xi.
1181 1371 1229 1444 26,
1245 1369 1352 1428 dicitur
1368 1371 1474 1428 lbera

264 1452 395 1509 1111070
413 1450 540 1526 gennuae
553 1451 708 1526 Abrabam,
724 1451 844 1508 Naclsor·
856 1459 883 1508 et
895 1452 1011 1524 Horon,
1027 1449 1096 1527 quia
1116 1449 1185 1508 licet
1206 1449 1316 1526 primus
1332 1457 1472 1526 ponatur,

264 1549 323 1588 non
342 1529 398 1588 hoc
418 1529 470 1587 fiat
490 1537 585 1588 tamen
607 1529 697 1588 emus
719 1529 771 1588 sed
792 1530 935 1606 dignitates
955 1528 1116 1607 privilegio,
1131 1537 1165 1588 ut
1179 1529 1253 1588 Gen.
1268 1548 1297 1586 v.
1313 1532 1362 1604 32,
1385 1531 1472 1588 Noa·

264 1611 330 1668 claua
364 1607 470 1668 dicitur
500 1609 723 1686 perobscurum
751 1611 810 1668 500
839 1609 913 1684 Saus,
939 1610 1029 1670 Clam
1063 1617 1090 1667 at
1118 1610 1231 1685 Japlset,
1260 1607 1300 1666 id.
1328 1627 1474 1685 generare

264 1687 1474 1846 1111111111111111111111111

264 1788 459 1925 eoepissclres
473 1867 541 1908 suos
553 1847 637 1924 filios,
653 1789 775 1926 quinum
789 1847 938 1908 Abrabam
952 1848 1139 1926 dignissimus
1153 1846 1215 1924 fuit,
1238 1813 1361 1924 ideolpue
1376 1849 1473 1924 primo

264 1927 329 1986 loco
351 1927 470 2004 positus,
494 1947 552 1986 non
573 1936 670 1986 tamen
691 1928 918 2005 primogenitus:
948 1929 1042 1988 Juxta
1063 1928 1138 1986 banc
1161 1927 1332 1986 sententiam
1356 1926 1472 1986 Abram

264 2014 350 2066 uatus
369 2026 444 2066 anno
461 2010 518 2067 130
539 2008 632 2067 aetatis
646 2008 758 2082 Tharsa,
773 2008 850 2068 vixit
863 2027 929 2068 cum
943 2007 1006 2085 ipso
1027 2007 1132 2086 partim
1157 2007 1187 2065 in
1202 2006 1347 2082 Chaldaea,
1363 2009 1471 2084 partim

264 2086 296 2144 in
310 2087 423 2145 Charan
439 2090 477 2147 75
498 2107 597 2164 annos,
613 2107 705 2165 usque
719 2088 756 2147 ad
770 2087 880 2147 obitum
894 2089 965 2165 ejus,
987 2096 1154 2165 postquem
1169 2086 1224 2146 Dei
1238 2087 1376 2146 mandato
1390 2088 1473 2164 quod

264 2166 296 2224 in
310 2166 446 2225 Chaldaea
459 2177 608 2244 acceperat
621 2168 876 2244 obtemperaturus
891 2187 929 2226 ex
944 2167 1057 2226 Charan
1079 2167 1109 2224 in
1124 2167 1295 2225 Cananaeam
1318 2186 1386 2225 cunr
1408 2169 1472 2226 suis

263 2246 426 2322 emigravit.
479 2247 588 2304 Verum
623 2247 673 2306 alii
699 2247 805 2324 quibus
832 2247 935 2306 durum
962 2247 1078 2306 videtur
1104 2245 1218 2305 differre
1252 2247 1471 2323 generationem

263 2323 387 2382 Abrami
408 2324 445 2383 ad
464 2344 511 2384 an.
528 2328 585 2383 130
599 2325 710 2401 Therae,
726 2326 794 2403 quia
808 2325 844 2384 dc
865 2345 899 2385 eo
919 2326 992 2384 nihil
1012 2326 1101 2385 habet
1116 2326 1271 2403 Scriptura,
1293 2333 1324 2385 et
1344 2325 1388 2384 sic
1408 2335 1473 2386 tota

237 2458 243 2466 ,
264 2401 388 2460 Abrami
409 2404 580 2480 genealogia
601 2404 710 2464 incerta
730 2405 868 2480 redditur,
892 2425 978 2483 quam
1000 2413 1097 2465 tamen
1119 2425 1205 2483 supra
1227 2399 1351 2464 caeteras'
1369 2426 1472 2465 omnes

260 2481 364 2540 Moses
377 2501 525 2541 recensere
539 2482 671 2558 instituit,
687 2484 770 2542 aliter
784 2485 901 2545 solvunt
914 2485 1030 2563 nodum,
1041 2485 1113 2545 duas
1128 2493 1286 2545 statuentes
1300 2487 1472 2545 vocationes

260 2560 396 2638 Abrami,
422 2561 545 2639 primam
564 2581 602 2620 ex
625 2562 669 2622 Ur
683 2563 884 2622 Chaldaeorum
907 2566 1054 2642 Carenem,
1070 2566 1187 2624 vivente
1209 2565 1303 2623 adhuc
1331 2575 1415 2642 patre
1437 2576 1471 2624 et

265 2647 369 2718 agente
392 2659 499 2698 annum
516 2643 582 2717 145,
605 2642 669 2720 ipso
682 2661 752 2702 vcro
767 2642 896 2704 Abramo
911 2647 949 2704 75
971 2665 1016 2703 an.
1032 2653 1108 2720 nato,
1124 2645 1161 2704 de
1175 2664 1232 2722 qua
1247 2644 1346 2703 Moses
1368 2646 1470 2722 loqua-

263 2727 318 2794 tur,
336 2719 410 2778 Gen.
425 2719 465 2778 xi.
481 2723 508 2796 3,
532 2730 562 2780 et
583 2721 677 2780 xii.1.
720 2721 852 2782 Alteram
865 2744 935 2783 vero
956 2735 1023 2803 post
1043 2733 1164 2783 mortem
1186 2725 1276 2802 patris
1290 2725 1417 2784 Carrane
1439 2725 1471 2784 irr

265 2799 390 2875 Censen,
406 2819 471 2877 qua
484 2800 600 2860 videtur
614 2801 762 2878 1111111111,
780 2803 854 2862 Gen.
869 2803 920 2862 xii.
936 2808 963 2880 4,
976 2807 1004 2863 5.
1048 2804 1212 2880 Stephanus
1234 2813 1311 2864 certe
1330 2804 1387 2864 hoc
1410 2825 1471 2864 nou

244 2917 247 2931 .
264 2878 385 2937 obscure
400 2879 517 2957 indicat,
532 2879 601 2940 Act.
615 2880 665 2940 vii.
681 2886 708 2956 4,
724 2903 814 2960 quum
828 2883 869 2942 ait
878 2884 1034 2942 Abramum
1047 2905 1067 2942 c
1081 2886 1145 2943 Deo
1159 2893 1287 2943 vocatum
1300 2885 1419 2945 11111κὶ111
1432 2909 1472 2946 aa·

263 2969 344 3018 terra
366 2959 566 3020 Chaldaeorum
590 2971 617 3020 et
639 2963 776 3022 habitasse
797 2964 826 3022 ia
849 2964 958 3038 Ceron,
980 2973 1009 3022 et
1033 2973 1133 3040 postea
1151 2973 1353 3040 postmortem
1373 2967 1472 3042 peasa

262 3041 359 3099 Deum
373 3041 549 3100 haustulaaae
562 3043 653 3118 ipsum
667 3043 696 3101 r'n
710 3052 815 3102 terram
833 3043 963 3118 Canacen,
979 3043 1029 3102 ubi
1043 3044 1089 3102 bis
1104 3044 1184 3103 Deus
1198 3043 1304 3103 dicitur
1317 3063 1385 3103 eum
1399 3065 1468 3105 evo·

263 3119 354 3196 casse,
378 3120 471 3198 primo
495 3141 531 3180 ex
548 3121 592 3182 Ur
606 3122 806 3182 Chaldaeorum
827 3123 859 3181 in
874 3124 974 3197 Carau,
998 3131 1099 3200 postea
1120 3143 1158 3182 ex
1172 3123 1265 3182 Caran
1287 3124 1318 3180 in
1333 3123 1469 3200 Cannas,

264 3218 329 3275 quae
351 3199 502 3259 commoda
523 3210 553 3261 et
574 3201 667 3260 facilis
681 3203 797 3262 videtur
818 3203 1027 3262 conciliationis
1047 3203 1129 3262 ratio.
1173 3202 1304 3281 Denique
1329 3215 1398 3264 sunt
1419 3206 1469 3282 qui

242 3335 246 3342 ,
263 3277 399 3336 mendum
414 3278 516 3338 volunt
530 3299 593 3339 esse
607 3281 638 3338 in
651 3283 816 3340 recensione
831 3302 970 3341 annorum
985 3282 1053 3341 vitae
1067 3283 1178 3360 Tharae,
1194 3303 1258 3361 quae
1279 3303 1337 3342 non
1351 3294 1468 3360 proteu-
1562 3309 1563 3350 4

263 3355 359 3413 denda
373 3357 411 3414 sit
424 3376 515 3433 usque
529 3357 566 3415 ad
580 3378 626 3416 an.
642 3363 710 3434 205,
726 3361 777 3418 sed
791 3371 902 3420 tantrrm
917 3362 954 3420 ad
968 3381 1014 3420 an.
1027 3364 1092 3439 145,
1108 3371 1140 3421 ut
1153 3363 1241 3422 habet
1253 3362 1470 3424 Pentateucbus

265 3433 462 3494 Samaritanus
480 3437 559 3513 quod
580 3439 683 3497 Euseb.
698 3439 727 3497 ia
743 3440 858 3498 Chroni.
875 3441 976 3500 Canon
994 3461 1081 3518 praec.
1105 3442 1135 3500 li.
1153 3445 1178 3518 1,
1201 3462 1230 3520 p.
1247 3444 1293 3517 10,
1316 3446 1471 3505 annotarit

263 3549 333 3602 :aab
346 3551 374 3604 sl
390 3551 535 3627 Σιμαςικὶι
544 3545 685 3629 Ἐβςαικὶι,
698 3555 787 3630 Cappa
800 3551 921 3626 *peripteroe
937 3553 991 3612 irus
1005 3537 1096 3626 dyest}
1110 3559 1149 3612 sir
1161 3559 1285 3636 Αβςιὶμ,
1300 3559 1345 3613 ω’
1360 3555 1472 3634 ’niem
1562 3583 1563 3588 ¹

263 3654 303 3721 'a‘n
316 3682 337 3716 a
350 3657 437 3740 μίχςις
459 3682 481 3716 οι
499 3655 566 3725 ’ἔτους
579 3665 704 3741 asgup,
722 3664 820 3722 Thura
833 3674 916 3722 naha
936 3669 1197 3744 1111111709Μο
1216 3669 1421 3743 Abralmmum,
1445 3681 1472 3730 et
1562 3707 1563 3712 κ

263 3738 335 3798 ursit
347 3759 436 3798 annos
450 3741 497 3814 75,
513 3759 599 3817 usqae
612 3743 654 3799 ad
673 3745 711 3800 75
726 3762 832 3802 eanum
845 3745 1010 3805 Abrahomr'.
1053 3748 1187 3805 Errorem
1204 3755 1301 3806 autem
1315 3748 1469 3824 vulgarem

263 3818 422 3895 conjiciunt
435 3837 473 3878 ex
487 3837 521 3878 eo
536 3817 620 3880 facile
634 3821 703 3880 oriri
715 3823 851 3900 potuisse,
866 3825 944 3902 quod
958 3827 1151 3903 computando
1164 3847 1216 3904 per
1228 3826 1335 3902 literas,
1353 3827 1440 3886 litera
1453 3847 1471 3882 11
1562 3811 1563 3870 3

262 3918 328 3975 quae
341 3898 420 3958 valet
432 3901 481 3975 40,
496 3909 607 3960 mutata
625 3900 706 3960 sitin
722 3921 737 3975 p
751 3923 816 3980 quae
830 3913 911 3963 notat
924 3914 1048 3982 centum,
1058 3906 1134 3965 unde
1149 3905 1302 3965 discrimen
1316 3909 1472 3984 sexaginta

262 3997 402 4037 annorum
417 3986 512 4038 ortum
526 3979 571 4038 sit.
614 3979 723 4040 Verum
741 4002 807 4042 cum
828 3985 987 4044 communis
1010 3985 1048 4044 sit
1061 3985 1232 4046 Judaeorum
1246 3994 1275 4044 et
1289 3986 1469 4046 Christiano-

262 4077 327 4116 rum
350 4058 499 4135 sententia,
523 4060 616 4119 solum
632 4062 859 4122 Pentateuehum
878 4063 1065 4140 Hebra'r'eum,
1089 4085 1147 4124 non
1161 4085 1231 4124 vero
1255 4067 1469 4126 Samaritanum

263 4155 328 4196 esse
342 4139 546 4215 authenticum,
563 4159 621 4199 nou
633 4141 718 4200 facile
732 4142 797 4219 quis
811 4143 918 4201 dixerit
931 4143 1013 4202 illum
1027 4165 1065 4203 ex
1079 4144 1135 4204 isto
1150 4145 1352 4222 corrigendum
1367 4165 1441 4206 esse.

304 4216 417 4277 XXX.
441 4218 473 4277 Si
491 4229 636 4296 quaeratur
650 4221 794 4299 quomodo
812 4223 901 4297 locus,
915 4223 989 4283 Gen.
1005 4224 1076 4283 xlvi.
1092 4227 1151 4300 27,
1161 4225 1211 4283 ubi
1224 4225 1404 4302 septuaginta
1425 4226 1467 4284 ls-

263 4294 371 4351 raelitae
391 4295 422 4352 in
436 4298 601 4374 AEgyplum
616 4299 800 4360 descendisse
819 4300 963 4378 dicuntur,
986 4323 1051 4364 eum
1069 4303 1138 4363 Act.
1153 4304 1203 4363 vii.
1221 4308 1266 4380 14,
1283 4305 1333 4363 ubi
1353 4315 1467 4382 11111111-
1562 4319 1563 4384 g

264 4449 388 4524 Quidam
409 4453 518 4544 nullam
535 4476 599 4516 esse
621 4457 841 4536 discrepantiam
860 4461 971 4536 volunt,
990 4462 1059 4539 quia
1075 4463 1141 4522 loca
1153 4483 1212 4523 non
1233 4463 1291 4522 sint
1311 4464 1468 4540 parallela;

219 4569 223 4576 -
264 4529 378 4588 Mosam
389 4531 498 4590 scilieet
508 4533 658 4596 instituere
668 4538 867 4616 genealogiam
877 4541 898 4600 J
900 4542 991 4616 scobi,
1008 4541 1070 4601 sive
1084 4544 1248 4620 catalogum
1259 4543 1385 4602 solorum
1400 4563 1468 4621 pos·

264 4617 398 4683 terorum,
413 4611 464 4702 qui
478 4631 516 4669 ex
536 4614 604 4691 ejus,
621 4615 728 4675 femore
742 4619 851 4694 egressi
866 4630 956 4696 erant,
979 4630 1008 4680 et
1029 4621 1152 4698 ingressi
1161 4675 1164 4680 .
1174 4623 1204 4680 in
1218 4623 1386 4699 AEgyptnm
1400 4643 1468 4682 oum

262 4699 451 4768 eo,except1s
469 4692 609 4754 uxoribus
631 4695 774 4774 filiorum,
797 4705 826 4756 ct
846 4697 887 4758 sio
901 4699 1036 4761 dicuntur
1049 4701 1138 4762 luisse
1160 4705 1207 4780 06,
1229 4723 1258 4760 v.
1273 4705 1320 4778 26,
1344 4703 1395 4779 qui
1415 4723 1469 4764 nu-

140 4437 143 4444 ,
261 4373 342 4448 piata
356 4374 476 4449 quinque
497 4387 691 4456 numerantur,
707 4380 853 4438 conciliari
875 4383 977 4458 possit,
993 4382 1186 4442 diversimode
1207 4383 1414 4461 respondetur;
1442 4389 1468 4444 l.
1562 4385 1563 4422 l
