3152 5178
105 409 209 462 oussr.
225 386 316 472 m]
606 407 833 452 huscanium.
1255 395 1311 454 149

105 553 162 612 ‘its
181 552 261 630 lego,
279 558 316 610 ut
329 547 509 629 quantalibet
522 550 673 611 sanctitate
686 550 873 628 doctrinaque
887 549 1082 628 prepolleant,
1097 571 1156 610 non
1171 551 1236 612 idco
1250 573 1311 613 cre·

101 631 162 690 darn
177 631 220 690 sic
235 649 315 706 esse,
335 630 404 708 quia
417 629 472 708 ipsi
493 630 533 689 ita
546 631 740 710 scripserunt!
749 632 766 660 ''
809 631 951 690 Melchior
966 632 1061 690 Canus
1074 632 1139 690 Ioco
1154 631 1243 692 Theo.
1259 633 1309 694 lib.

102 713 147 771 sii.
171 731 196 770 c.
223 714 253 786 3,
270 719 429 788 postquam
443 709 518 769 dixit
531 730 569 769 ex
591 713 719 788 August.
742 712 760 744 ‘⁴
772 711 857 770 Hanc
880 710 1045 770 felicitatem
1068 712 1164 770 Demn
1188 713 1218 770 in
1241 714 1311 773 solia

101 791 205 850 divinis
219 790 434 850 Voluminibus
449 790 544 850 inesse
557 791 693 866 voluisse,
703 799 737 850 ut
750 790 781 849 in
794 791 830 850 iis
844 811 902 850 non
916 799 993 850 esset
1005 791 1160 870 quicquam
1174 793 1309 868 erroris,’'

100 871 228 948 sthicit3
254 873 274 904 “
285 871 451 948 Ceteroqui
467 890 551 930 nemo
565 871 751 948 quantumvis
764 871 894 930 eruditus
907 879 937 931 ct
957 880 1074 931 sanctus
1093 892 1152 931 non
1166 871 1310 932 interdum

102 951 307 1027 hallucinatur,
334 971 393 1009 non
407 951 513 1010 alicubi
537 949 662 1027 eoecutit,
686 971 745 1009 non
768 950 941 1029 quandoque
955 951 1090 1027 labitur,”
1114 952 1153 1011 Et
1166 961 1267 1029 postea
1280 957 1308 1013 3.

102 1033 119 1062 “
133 1031 286 1108 legentur
300 1031 401 1108 itaque
414 1049 432 1089 a
445 1029 529 1089 nobis
544 1031 645 1090 Patres
659 1039 780 1108 veteres,
796 1051 862 1089 cnm
876 1031 1038 1090 reverentia
1057 1031 1183 1109 quidem,
1206 1033 1257 1092 sed
1277 1043 1311 1093 ut

101 1109 239 1186 homines,
254 1129 327 1170 cum
341 1109 450 1170 dilectu
464 1119 493 1170 et
503 1109 614 1188 judicio
627 1111 654 1170 :''
675 1119 705 1170 et
718 1130 797 1170 num.
814 1113 861 1170 10.
884 1113 902 1144 “
914 1109 957 1170 m
970 1131 1071 1170 revera
1085 1111 1166 1189 sequi
1181 1113 1309 1190 Majores

101 1200 211 1250 nostros
222 1211 277 1268 per
285 1189 394 1264 omnis,
405 1199 434 1248 st
442 1189 473 1248 in
481 1191 595 1249 illorum
609 1190 742 1267 vestigiis
755 1210 809 1250 nos
822 1190 910 1284 pedes
925 1211 1039 1268 quoque
1048 1199 1161 1251 nostros
1170 1191 1267 1270 figere,
1278 1202 1311 1253 ut

100 1269 177 1346 pueri
190 1269 308 1330 sumunt
321 1289 375 1348 per
387 1269 492 1345 lusum,
502 1269 575 1328 nihil
589 1269 780 1329 videturesse
794 1271 875 1330 ahud
887 1289 974 1349 quam
989 1271 1105 1348 ingenie
1118 1281 1216 1330 nostra
1230 1271 1309 1332 dam·

102 1349 305 1490 lss’dlllli
312 1349 624 1490 .¹²t⁸.t.¹¹'tt.t?⁸tt
639 1349 1309 1505 tftttltlttttttttultttt

312 1475 321 1506 r
539 1475 547 1506 r
1091 1476 1098 1490 ·

103 1527 181 1650 iili
194 1517 492 1650 militiis
501 1509 667 1666 ttttt·
673 1510 1183 1668 qtttttttttt‘tt.ttt
1195 1517 1311 1652 stet:

103 1667 273 1748 inEpiphn,
297 1689 329 1748 p.
345 1671 414 1743 205,
431 1670 448 1702 “
460 1669 521 1728 Nos
543 1689 577 1728 es
599 1688 658 1746 qus
677 1688 731 1747 par
752 1678 796 1728 est
818 1669 1013 1730 moderatione
1032 1670 1062 1728 in
1076 1670 1239 1730 divinorum
1260 1673 1311 1731 ho·

105 1748 215 1825 minum,
231 1749 287 1809 sed
301 1748 462 1824 hominum,
477 1767 588 1808 errores
601 1769 636 1808 ae
648 1749 755 1827 lapsus,
767 1769 826 1808 non
840 1757 898 1808 tam
912 1749 1091 1826 inquirimus,
1102 1771 1189 1828 quam
1199 1751 1312 1812 oblatos

105 1827 174 1886 ultro
196 1849 231 1888 ac
254 1830 306 1889 vel
331 1827 431 1890 invitis
456 1837 645 1904 occurrentes,
671 1848 707 1888 ne
732 1828 779 1888 cui
805 1828 899 1889 fraudi
920 1829 986 1904 sint,
1009 1831 1215 1907 patefacimus3
1237 1832 1312 1892 tueri

107 1916 194 1968 autem
208 1929 242 1969 ac
256 1907 418 1970 defendere
439 1908 529 1968 nihilo
551 1909 646 1985 magis
667 1928 754 1986 quam
776 1927 875 1968 eornm
897 1908 969 1967 vitia
990 1910 1015 1967 si
1028 1929 1092 1986 qua
1106 1909 1213 1969 luerint
1225 1910 1312 1970 debe·

107 2007 164 2046 mus
176 1989 202 2048 :'’
224 1989 306 2049 idem
329 1995 460 2064 testatur,
482 2009 511 2066 p.
525 1991 585 2048 244
599 1997 629 2048 et
643 1991 711 2048 285.
754 1988 898 2048 Batonius
918 1988 1026 2066 passim
1047 1989 1148 2048 Patres
1168 1989 1313 2050 liberrime

106 2069 284 2144 reprehendit
309 2077 343 2128 ct
366 2067 480 2142 refirtst,
505 2067 618 2145 quoties
639 2067 719 2127 aliud
741 2087 828 2144 quam
858 2067 937 2145 quod
959 2068 1021 2145 ipse
1044 2067 1148 2146 probat
1175 2069 1312 2130 sentiunt.

109 2147 139 2204 Si
156 2169 224 2226 ergo
252 2149 313 2228 ipsi
343 2147 516 2208 Adversarii
543 2148 644 2208 Patres
672 2148 745 2206 adeo
773 2166 873 2206 secure
894 2155 1077 2206 contemnere
1097 2155 1128 2208 et
1147 2147 1313 2225 proculcare

107 2226 368 2304 deprehenduntur,
390 2227 477 2286 etiam
497 2227 717 2303 consentientes,
739 2226 854 2304 quoties
874 2227 969 2286 minus
989 2228 1121 2305 placent;
1143 2247 1201 2305 qua
1221 2228 1315 2289 fronte

110 2307 170 2368 illos
181 2317 324 2388 tanquam
338 2308 360 2369 J
362 2307 461 2368 udices
474 2308 505 2366 in
519 2307 731 2368 Controvereiis
744 2306 851 2366 nostris
864 2306 1023 2367 audiendos
1036 2327 1100 2367 esse
1114 2307 1295 2369 decernunt?

411 2387 472 2448 XI.
495 2386 580 2463 Quod
593 2387 722 2450 universi
736 2388 877 2448 Doctores
891 2387 1008 2448 tradunt
1028 2388 1157 2447 unammi
1171 2407 1314 2449 consensu

140 2451 310 2560 ffiffifflu·
372 2467 529 2526 secundmn
545 2467 601 2526 Dei
616 2467 753 2543 Verbum,
769 2464 800 2525 id
814 2467 869 2526 sibi
882 2475 979 2544 potest
992 2475 1021 2528 et
1035 2467 1122 2528 debet
1141 2467 1314 2545 persuadere

264 2543 271 2558 ’
371 2547 507 2606 universa
520 2545 662 2606 Ecclesia.
705 2546 764 2606 Sed
785 2547 811 2606 si
831 2567 889 2606 non
911 2547 1068 2625 loquuntur
1081 2567 1120 2606 ex
1134 2548 1241 2622 Verbo,
1262 2548 1315 2608 scd

112 2624 198 2700 potins
211 2633 317 2705 contra
331 2625 412 2702 illud,
427 2635 540 2687 tantum
554 2626 637 2686 abest
650 2634 682 2687 ut
696 2626 821 2705 recipere
842 2624 915 2687 illud
936 2626 1040 2688 debeat
1054 2627 1194 2704 Ecclesia,
1209 2638 1242 2688 ut
1255 2628 1314 2688 illis

114 2705 200 2780 potius
213 2707 372 2766 armthems
386 2705 481 2767 dicere
494 2714 637 2782 teneatur,
652 2707 719 2768 Gal.
734 2706 753 2766 i.
769 2709 797 2766 8.

149 2784 222 2846 XII.
237 2787 384 2861 Quamvis
398 2787 509 2863 Patres,
519 2787 570 2864 qui
583 2786 731 2864 propiores
745 2785 861 2848 ficerunt
874 2787 952 2846 aetati
962 2786 1170 2864 Apostolorum
1183 2787 1313 2867 puriores

115 2861 256 2926 debuerint
275 2885 362 2942 esse3
384 2867 452 2926 Non
473 2866 602 2943 sequitur
622 2885 721 2926 eorum
742 2867 849 2944 scripta
868 2886 920 2944 pro
941 2885 1042 2925 norma
1062 2867 1193 2927 veritatis
1213 2867 1314 2926 haberi

114 2962 191 3018 posse
203 2965 268 3006 cum
283 2946 484 3024 Apostolicis:
505 2947 575 3023 quia
588 2945 695 3006 donum
716 2946 930 3006 infallibilitatis
950 2956 995 3006 est
1008 2948 1109 3021 ι’ξύιμ
1123 2945 1314 3023 Apostolatus

114 3024 259 3102 proprium,
274 3025 358 3104 quod
372 3025 586 3088 successoribus
608 3045 716 3102 eorum,
730 3026 782 3102 qui
801 3024 904 3084 iisdem
925 3023 1008 3084 donis
1022 3045 1081 3084 non
1104 3025 1218 3103 praediti
1238 3034 1314 3102 sunt,

118 3113 268 3180 competere
281 3105 396 3184 nequit
648 3161 652 3172 ,

152 3181 242 3244 XIII.
264 3185 374 3247 Unitas
389 3183 528 3244 Ecclesiae
549 3205 601 3264 per
613 3184 755 3244 unitatem
768 3182 836 3242 fidei
850 3183 881 3242 in
897 3182 1044 3260 Scriptura
1064 3183 1178 3243 traditus
1201 3203 1254 3262 pro
1274 3183 1315 3243 rie

120 3271 305 3402 consehrpptnr,
332 3285 391 3324 non
404 3285 457 3344 per
470 3285 643 3326 consensum
657 3265 786 3340 Petrum,
811 3263 847 3324 de
869 3283 927 3342 quo
951 3263 1004 3321 vix
1027 3283 1061 3323 ac
1083 3284 1119 3322 ne
1133 3264 1185 3323 vix
1198 3203 1316 3342 quidem

120 3359 182 3399 cons
291 3353 360 3405 test

156 3419 240 3483 XIV.
252 3365 437 3486 Illbedientia
457 3444 522 3502 quae
545 3423 722 3484 Ductoribus
746 3423 868 3484 debetur
891 3443 931 3482 ex
949 3421 1025 3483 Heb.
1040 3421 1102 3483 xiii.
1119 3425 1165 3498 17,
1187 3443 1247 3483 non
1271 3432 1316 3484 est

122 3517 188 3558 caca
201 3503 336 3580 etbrnta
358 3513 392 3564 ut
414 3513 521 3564 temere
536 3503 726 3572 assentiamur
740 3503 776 3562 iis
790 3501 923 3562 omnibus
945 3523 1010 3580 quae
1032 3503 1069 3562 ab
1091 3504 1161 3582 ipsis
1182 3505 1317 3564 dicuntur

123 3579 164 3635 vel
176 3583 354 3660 scribuntur3
377 3583 428 3643 sed
449 3582 537 3643 debet
558 3603 622 3642 esse
643 3583 800 3659 rationalis,
823 3591 857 3642 ut
880 3602 929 3642 eos
951 3583 1102 3642 audiamus
1122 3584 1246 3644 Oracula
1260 3583 1317 3642 Dei

124 3654 259 3796 lloqcppntes
280 3671 320 3803 et,
334 3663 488 3740 maenus,
512 3683 577 3741 quae
599 3661 655 3741 ipsi
669 3683 687 3722 a
701 3663 816 3723 Christo
829 3671 1009 3741 acceperunt,
1034 3663 1119 3722 Mutt.
1141 3663 1244 3722 xxviii.
1266 3667 1315 3739 20,

190 3760 212 3799 r.
226 3743 300 3802 xta
323 3787 331 3802 .

160 3817 225 3880 XV.
246 3821 386 3898 Quamvis
399 3821 525 3882 nolirnus
540 3821 642 3882 Patres
658 3841 711 3901 pro
731 3821 887 3882 Judieibus
908 3841 1064 3900 agnoscere
1078 3820 1108 3878 in
1122 3819 1217 3880 causis
1230 3817 1315 3895 fidei;

128 3911 176 3953 non
188 3899 248 3960 ideo
261 3903 372 3962 nullam
393 3921 492 3962 eorum
513 3900 716 3960 authoritatem
737 3921 800 3960 esse
820 3900 963 3977 dicimus;
985 3909 1107 3978 possunt
1120 3900 1196 3958 enim
1217 3899 1317 3974 magni

129 3991 181 4034 cese
194 3997 259 4040 usus
273 3981 299 4042 si
312 4001 371 4041 non
385 3980 423 4040 ad
436 3981 613 4040 hindandam
633 3980 729 4055 fidem,
744 3981 781 4039 ad
795 4001 859 4040 eam
876 3981 978 4040 saltem
992 3977 1193 4038 illustrandam
1207 3984 1236 4035 et
1250 3997 1317 4035 con·

131 4049 301 4138 firmandam
322 4070 356 4120 ut
368 4061 423 4120 hoe
436 4060 602 4120 testimonio
623 4059 659 4120 de
672 4059 730 4119 fide
744 4059 851 4120 veteris
873 4059 1012 4118 Ecclesia
1032 4064 1154 4130 constet,
1175 4064 1206 4114 et
1221 4063 1318 4134 pateat

133 4128 282 4224 Pontificius
296 4141 415 4200 Petrum
429 4158 602 4199 consensum
612 4139 723 4217 jactare
736 4139 928 4217 potiusquam
939 4136 1040 4214 sequi;
1063 4136 1103 4194 Et
1113 4135 1242 4194 inaudita
1255 4155 1319 4194 esse

134 4214 218 4351 fflls
227 4219 329 4279 seculis
343 4239 408 4296 quae
421 4219 506 4278 nobis
519 4227 624 4298 praeter
639 4219 816 4298 Scripturam
829 4237 867 4276 ex
887 4215 1054 4274 Traditione
1075 4213 1234 4274 obtrudunt
1247 4213 1319 4294 dog-

168 4369 247 4434 XVI.
268 4378 388 4437 Frustra
402 4376 547 4440 Pontificii
561 4377 680 4437 Petrum
695 4376 873 4435 consensum
888 4371 925 4431 ad
939 4372 1089 4432 Judicium
1104 4373 1319 4434 Controversia·

137 4461 189 4505 mm
201 4461 227 4511 et
240 4455 391 4534 Scripturas
405 4457 668 4534 interpretationem
683 4454 853 4515 obtendunt.
897 4456 922 4512 1.
945 4452 1020 4528 Quia
1029 4453 1205 4513 licethaberi
1233 4464 1319 4532 osset,

137 4520 273 4592 humanum
286 4544 398 4595 tantum
419 4543 448 4594 et
468 4536 616 4614 probabile
637 4543 839 4613 argumentum
853 4531 968 4608 laceret,
990 4532 1074 4610 quale
1089 4553 1127 4594 ex
1142 4474 1321 4594 Prudentem

140 4613 263 4682 reponus
274 4615 406 4690 habetur,
420 4614 471 4674 sed
485 4635 543 4675 non
557 4615 749 4675 necessarium
764 4623 794 4674 et
808 4611 970 4680 breviolum,
986 4621 1091 4673 comet
1104 4613 1159 4692 ipsi
1174 4613 1276 4673 Patres
1291 4634 1322 4672 se

23 4737 24 4740 η
142 4695 232 4762 ⁸lature
241 4692 348 4770 judicio
364 4694 518 4773 Scriptura
531 4695 712 4756 submittant.
754 4699 782 4754 2.
805 4694 879 4770 Quia
894 4694 919 4753 si
932 4713 990 4752 non
1003 4679 1195 4772 impossibile,
1210 4689 1321 4750 difficil-
