3250 5176
188 1573 195 1585 .
301 1511 324 1556 5.
333 1512 373 1558 Ex
383 1510 399 1556 J
400 1528 421 1557 o.
433 1511 468 1556 iii.
478 1510 500 1556 6.

279 355 337 412 sta
774 368 866 430 rocus
880 369 986 413 rosus.
1309 345 1441 429 [sumar.
1462 367 1500 410 x.

279 511 344 570 Imo
358 529 376 570 a
388 510 500 590 majori,
516 510 541 571 si
556 509 654 570 David
667 511 713 570 vir
737 513 895 572 secundum
919 532 969 571 cor
984 511 1040 570 Dei
1063 509 1094 567 in
1117 517 1236 587 peccato
1257 517 1417 588 conceptas
1432 519 1496 587 cst,

278 600 388 670 quanto
401 592 495 670 magis
509 591 583 650 alii?
623 592 679 651 Vel
702 610 768 652 eum
782 593 863 670 loqui
884 612 943 652 non
964 591 1001 650 de
1014 597 1133 668 peccato
1148 608 1200 648 suo
1214 587 1358 666 originali,
1374 589 1429 648 sed
1452 591 1498 649 de

279 678 398 749 peccato
412 671 526 747 actuali,
541 671 590 729 vel
603 679 753 748 parentum
765 691 882 732 suorum
893 671 1089 745 communiter,
1102 669 1150 728 vel
1158 670 1301 746 praecipue
1311 669 1414 728 matris
1425 689 1497 728 suae

280 751 473 828 singulariter.
496 751 532 810 R.
548 750 623 825 Quia
636 758 746 814 certum
770 761 815 811 cst
830 752 973 812 Davidem
987 749 1196 809 confessionem
1215 748 1300 808 cdere
1313 747 1350 806 rie
1364 759 1497 826 peceato

279 851 341 906 sue,
357 831 439 906 cujus
453 831 568 888 veniam
581 849 634 907 pro
648 849 679 888 se
693 831 774 908 petit,
789 851 848 890 non
862 831 898 890 de
912 832 1015 906 alieno,
1030 823 1064 887 ut
1077 837 1138 887 tota
1152 829 1240 888 serias
1254 827 1392 886 orationis
1406 829 1497 888 clare

278 909 464 986 demonstrat,
480 929 544 986 quae
558 909 675 968 omnino
688 910 803 987 periret,
816 912 841 970 si
855 911 892 969 ad
906 911 1190 987 alienumpcecatum
1199 907 1352 967 transitum
1366 907 1495 968 faceret.

279 990 475 1065 Preterquam
489 988 568 1066 quod
581 988 654 1048 falso
669 992 840 1067 supponitur
851 1009 986 1069 peccasse
1000 997 1134 1067 parentes
1155 989 1219 1065 ejus
1233 987 1263 1045 in
1277 989 1341 1064 ejus
1363 991 1494 1064 genera-

278 1069 364 1144 tione,
380 1069 463 1146 quasi
478 1088 515 1126 ex
528 1068 681 1147 illegitimo
696 1071 850 1130 concubitu
864 1077 950 1130 natus
963 1077 1049 1128 esset.
1091 1067 1153 1127 Nec
1167 1068 1258 1126 verba
1271 1085 1306 1126 eo
1320 1067 1396 1125 nabi
1416 1087 1492 1145 pos-

278 1157 365 1208 sunt:
387 1148 463 1205 Nam
475 1148 598 1207 verbum
620 1151 708 1209 atae
731 1159 876 1226 conceptae
898 1169 968 1225 snm,
983 1147 1084 1208 referri
1096 1167 1156 1205 non
1176 1155 1272 1225 potest
1288 1145 1326 1204 ad
1339 1147 1491 1206 actionem

277 1225 418 1306 gignendi
430 1235 589 1304 parantum,
606 1229 658 1287 scd
671 1229 709 1288 ad
722 1230 849 1306 corporis
870 1229 962 1307 geniti
975 1227 1174 1288 formationem
1195 1227 1226 1284 in
1246 1235 1337 1300 utero,
1352 1235 1382 1284 et
1394 1245 1492 1286 wan*

277 1327 336 1365 non
350 1307 495 1383 significat
519 1307 638 1382 gignere
652 1317 703 1367 aut
724 1309 882 1386 concipere,
898 1309 977 1386 quod
998 1316 1150 1385 parentum
1172 1315 1225 1382 cst,
1241 1305 1292 1364 sed
1311 1306 1438 1385 calpieri
1457 1315 1492 1366 et

268 1386 373 1462 sorni,
389 1385 468 1462 quod
482 1393 592 1462 specta
605 1386 643 1444 ad
655 1387 757 1446 fretum
767 1388 830 1466 jam
843 1387 1006 1463 formatum,
1021 1396 1051 1446 et
1064 1388 1095 1444 in
1107 1394 1227 1464 peccato
1240 1385 1421 1446 calefactum

582 1465 642 1525 XI.
675 1467 790 1542 Quieto,
807 1467 882 1542 Quia
902 1487 1003 1526 omnes
1024 1475 1129 1525 nanus
1150 1473 1217 1524 sunt
1235 1485 1312 1541 caro,
1327 1472 1357 1524 et
1370 1467 1436 1524 nati
1448 1487 1488 1524 αι·

540 1563 634 1620 carne,
660 1546 709 1606 Jo.
735 1546 775 1605 iii.
798 1549 825 1623 5,
848 1550 875 1622 6,
896 1567 965 1606 nam
989 1546 1073 1605 “nisi
1095 1545 1161 1624 quis
1181 1545 1329 1622 regenitus
1342 1544 1430 1604 brerit
1445 1565 1486 1604 ex

275 1644 351 1702 aqua
361 1632 390 1683 et
403 1623 520 1701 Spiritu,
530 1643 589 1683 non
602 1625 722 1685 intrabit
734 1625 765 1683 in
778 1645 900 1704 rognum
912 1627 967 1685 Dei
974 1633 984 1702 ';
1000 1626 1138 1704 quicquid
1150 1631 1250 1683 natum
1264 1645 1302 1682 ex
1315 1643 1400 1682 carne
1409 1645 1483 1684 caro

276 1705 350 1762 ast.''
384 1704 444 1764 Ubi
460 1707 486 1762 1.
502 1705 626 1764 Notatur
636 1707 782 1764 necessitas
792 1707 1009 1784 regenerationis
1023 1704 1256 1783 supernaturalis,
1268 1723 1333 1780 qua
1344 1705 1485 1781 supponit

276 1783 492 1859 generationem
505 1785 666 1843 naturalem
679 1793 851 1864 corruptam.
893 1791 921 1845 2.
941 1785 1143 1845 Universotitas
1157 1784 1352 1860 correptiones,
1367 1803 1433 1860 qua
1450 1784 1483 1841 in

276 1881 377 1921 omnes
391 1871 539 1940 grassatm
552 1864 621 1941 quia
634 1883 734 1924 omnes
749 1875 816 1924 sunt
830 1885 905 1924 caro.
947 1869 975 1924 3.
991 1865 1194 1924 Univmalitos
1208 1864 1399 1938 traductionis,
1410 1863 1482 1922 dum

277 1963 344 2002 caro
357 1943 487 2001 nascitur
499 1963 537 2001 ex
551 1963 646 2003 carne.
689 1945 750 2003 Nec
771 1945 828 2004 dici
842 1953 938 2023 potest
959 1965 1073 2003 carnem
1094 1944 1142 2002 hia
1151 1943 1266 2019 physice
1288 1942 1414 2019 intelligi
1427 1963 1483 2020 pro

190 2088 192 2094 y
276 2021 433 2100 fragilitate
447 2031 566 2082 naturae.
608 2024 683 2083 Nam
696 2025 765 2084 licet
774 2045 980 2102 nonnunquam
991 2043 1027 2083 co
1040 2043 1126 2082 sensu
1138 2031 1267 2081 sumetur
1276 2021 1306 2079 in
1322 2022 1481 2099 Scriptum,

276 2123 335 2161 non
349 2109 445 2180 potest
458 2111 555 2162 tamen
568 2103 617 2162 hic
630 2104 672 2163 ita
684 2105 825 2182 usurpari,
841 2104 893 2163 sed
906 2105 1060 2178 moraliter,
1075 2103 1144 2180 quia
1162 2103 1259 2179 agitur
1272 2101 1308 2160 de
1322 2121 1408 2160 carne
1430 2121 1480 2180 op·

275 2183 370 2260 posita
384 2183 505 2260 spiritui,
520 2192 550 2242 et
563 2191 704 2260 quatenus
718 2204 791 2261 opus
804 2185 893 2243 habet
908 2183 1133 2261 regeneratione,
1144 2182 1184 2240 id.
1198 2201 1251 2259 pro
1264 2188 1368 2239 nature
1380 2191 1481 2241 nostra

275 2263 440 2340 irregenita,
456 2262 588 2339 opposite
601 2263 644 2321 illi
658 2283 716 2340 qua
728 2265 875 2341 regenitae,
890 2283 948 2341 quo
969 2261 1055 2321 modo
1068 2263 1176 2340 passim
1191 2261 1321 2320 sumitur.
1365 2261 1479 2320 Deinde

274 2341 416 2419 fragilitas
431 2341 487 2400 ista
499 2341 621 2418 physica
635 2343 771 2420 supponit
784 2343 946 2403 necessario
955 2343 1167 2420 corruptionem
1180 2340 1328 2417 moralem,
1340 2348 1478 2419 tanquam

274 2440 399 2498 causam,
415 2421 492 2480 unde
506 2421 543 2478 ab
557 2441 592 2478 ea
605 2422 731 2498 separari
745 2424 854 2500 nequit.

445 2546 461 2560 ..
577 2499 655 2559 XII.
679 2501 777 2578 Sexto,
789 2502 863 2576 Quia
873 2522 973 2561 omnes
987 2511 1047 2562 tam
1060 2503 1083 2562 J
1084 2501 1159 2560 odei
1170 2521 1257 2578 quem
1268 2500 1400 2560 Gentiles
1409 2510 1478 2560 sunt

287 2544 310 2590 6.
319 2545 359 2592 E¹
369 2545 432 2604 aph.
443 2561 468 2590 ¹¹'
478 2545 501 2592 a
526 2579 587 2658 filii
598 2581 657 2655 iroe,
674 2581 781 2657 Ephes.
797 2582 826 2639 ii.
843 2585 870 2656 3,
887 2583 957 2641 “Et
970 2601 1084 2640 eramus
1106 2580 1159 2639 filii
1173 2581 1223 2638 irae
1236 2589 1347 2654 natura,
1363 2581 1438 2639 sicut
1448 2591 1477 2641 et

273 2657 398 2732 crateri,”
413 2657 464 2716 ubi
477 2676 537 2716 non
550 2666 663 2717 tantum
677 2667 814 2719 notentur
826 2671 945 2738 peccate
958 2662 1083 2721 actualia
1093 2681 1145 2738 per
1157 2679 1222 2737 qua
1235 2659 1476 2734 dicuntursecisse

273 2738 437 2813 cupiditates
450 2737 553 2813 carna,
570 2738 621 2796 sed
634 2739 721 2798 etiam
736 2741 884 2818 originale,
895 2742 963 2819 quia
978 2742 1112 2800 dicantur
1116 2741 1177 2820 filii
1185 2739 1246 2816 iroe,
1258 2739 1297 2798 id.
1309 2741 1360 2797 irae
1369 2738 1473 2798 divine

273 2817 401 2893 obnoxii,
416 2836 474 2875 non
488 2815 648 2876 imitatione
662 2827 692 2878 et
704 2822 921 2896 consuetudine,
937 2821 988 2880 sed
1003 2819 1073 2892 φὺηι
1090 2829 1200 2896 natura,
1215 2839 1274 2878 non
1288 2819 1408 2896 integra
1425 2819 1474 2878 sed

273 2907 415 2974 corrupta,
430 2905 463 2956 ut
477 2897 613 2956 amoena
625 2899 733 2957 malum
748 2919 811 2959 esse
824 2901 968 2960 inhaerens
982 2902 1018 2959 ab
1032 2909 1123 2973 utero,
1139 2909 1169 2958 et
1181 2919 1240 2958 non
1250 2907 1363 2958 tanturn
1377 2917 1471 2976 snper-

272 2978 394 3036 veniens
407 2995 425 3035 a
438 2976 564 3054 peccatis
578 2978 749 3038 actualibus.
791 2980 853 3039 Nec
864 2981 921 3039 dici
933 2981 1019 3039 debet
1029 2999 1083 3038 nos
1097 2979 1173 3038 filios
1186 2979 1237 3037 irre
1251 2979 1397 3056 appellari,
1407 2977 1473 3054 quia

273 3057 364 3134 geniti
380 3076 479 3118 sumus
493 3055 530 3116 ab
545 3057 668 3134 Adamo,
685 3079 750 3118 cum
761 3059 824 3138 jam
837 3059 915 3120 filius
928 3061 978 3118 irae
991 3067 1108 3136 propter
1121 3066 1271 3137 peccatum
1285 3059 1380 3117 factus
1390 3065 1472 3117 esset

274 3137 349 3211 Quia
361 3157 421 3196 non
434 3135 471 3195 de
486 3136 609 3214 Adamo,
626 3139 678 3197 sed
692 3139 728 3198 de
743 3141 806 3217 ejus
820 3140 943 3217 posteris
954 3139 1067 3214 dicitur,
1078 3138 1156 3216 quod
1166 3139 1224 3198 sint
1236 3137 1290 3195 filii
1303 3139 1353 3196 iras
1363 3147 1471 3214 natura,

273 3217 352 3293 quod
365 3216 424 3276 dici
438 3237 496 3276 non
508 3226 607 3294 posset
620 3219 677 3277 nisi
691 3237 709 3276 a
721 3229 824 3278 natura
834 3221 897 3296 jem
910 3227 1075 3297 peccatores
1088 3226 1195 3277 essent.

287 3339 310 3385 ⁷·
320 3341 359 3386 Ε(
371 3342 416 3386 ¹³0·
427 3356 449 3389 ν·
460 3339 496 3386 ¹2·
537 3297 1139 3455 ..ttt¹·..tsen“.tttszess
1152 3297 1472 3452 liltftt’tttlt

275 3455 321 3526 12,
336 3452 387 3509 ubi
402 3451 562 3529 Apostolus
576 3457 703 3532 assurgit
716 3456 753 3514 ad
772 3458 894 3534 primam
907 3458 976 3515 mali
997 3457 1101 3533 labem,
1117 3464 1147 3516 ct
1160 3456 1301 3534 originem
1320 3457 1431 3533 peccati
1444 3463 1472 3514 et

270 3531 372 3588 mortis
386 3531 485 3607 aperit,
501 3533 595 3590 nimir.
609 3534 733 3609 primurn
746 3536 871 3595 bominis
884 3536 1132 3614 peccatum,quod
1144 3536 1175 3593 in
1196 3535 1333 3594 mundum
1353 3534 1469 3608 introiit,

272 3609 342 3668 nim.
366 3609 397 3668 in
420 3609 560 3687 homines,
575 3621 637 3671 tum
660 3632 712 3691 per
736 3614 962 3692 imputationem,
978 3625 1039 3676 tum
1053 3635 1105 3694 per
1118 3615 1349 3693 propagationem
1361 3633 1369 3687 3
1392 3613 1469 3688 quod

272 3689 433 3767 Apostolus
446 3691 550 3767 probat
563 3711 600 3750 cx
614 3700 705 3751 morte
726 3694 836 3770 peccati
855 3694 957 3753 effecto
977 3695 1149 3770 necessario,
1164 3695 1233 3772 quia
1244 3694 1272 3750 in
1286 3709 1383 3748 omnes
1403 3711 1466 3767 reg-

271 3777 330 3846 nat,
345 3777 408 3830 tum
422 3780 540 3829 exterra
554 3779 584 3830 at
596 3773 770 3850 temporalis,
786 3781 847 3832 tum
861 3774 973 3834 interna
986 3783 1015 3834 et
1034 3773 1200 3852 spiritualis,
1214 3781 1274 3832 tum
1288 3779 1402 3846 annu,
1417 3790 1468 3829 nec

271 3857 384 3908 tantum
398 3869 476 3910 mors
490 3851 619 3928 ecmelis,
636 3852 787 3912 sedetiam
801 3854 972 3914 obnoxietas
985 3863 1015 3914 st
1028 3853 1168 3931 obb'gatio
1182 3852 1220 3911 ad
1232 3857 1360 3910 mortam.
1411 3850 1470 3910 Nec

272 3929 330 3988 dici
343 3939 440 4007 potest
452 3931 600 3990 transiisse
614 3951 666 4010 por
679 3933 867 4010 inimemor,
883 3943 916 3992 ut
929 3935 1046 3993 volebat
1060 3933 1206 4010 Pelagius,
1222 3931 1362 4008 quianon
1376 3937 1470 4007 posset

271 4007 330 4066 (lici
344 4010 465 4068 transire
479 4011 509 4067 in
523 4010 655 4085 infantes,
669 4012 719 4088 qui
739 4013 909 4072 imitationis
921 4033 980 4072 non
1002 4020 1069 4072 sunt
1083 4031 1212 4088 capaces.
1234 4015 1263 4070 2.
1279 4009 1353 4084 Quia
1367 4010 1409 4068 sic
1422 4010 1467 4068 de·

270 4087 382 4148 buissct
395 4089 528 4148 omnibus
551 4089 737 4167 innotescere,
754 4111 819 4151 cum
841 4100 937 4151 tamen
957 4093 1100 4150 innumeri
1124 4091 1161 4150 de
1175 4089 1292 4148 Adamo
1305 4089 1379 4146 nihil
1393 4090 1468 4148 audi-

269 4168 373 4226 verint.
400 4172 427 4227 3.
443 4168 518 4242 Quia
530 4187 589 4227 non
601 4170 696 4247 magis
709 4179 808 4248 posset
821 4170 878 4230 dici
892 4172 1040 4231 transiisse
1053 4189 1208 4249 perunum
1222 4169 1377 4245 hominem,
1388 4187 1469 4246 quam

269 4266 322 4324 per
335 4247 500 4324 Diabolum,
515 4248 565 4326 qui
578 4250 759 4326 peccantium
774 4259 818 4310 est
833 4251 929 4310 Pater.

450 4383 457 4394 ,
572 4329 662 4388 XIV.
685 4329 805 4405 Octavo,
829 4331 969 4390 Rationes
982 4330 1070 4390 varia
1092 4329 1169 4388 idom
1194 4327 1326 4406 probant
1371 4330 1398 4386 1.
1412 4329 1467 4387 Ne·

268 4379 289 4426 ἃ
306 4379 510 4485 Ε’ωῗξξξω
531 4407 643 4466 emotas
656 4410 821 4468 universales
834 4411 932 4469 mortr's
945 4410 1079 4468 omnibus
1095 4409 1238 4486 imposita,
1254 4408 1341 4467 stiam
1355 4406 1467 4465 infanti·

529 4487 604 4562 bus,
634 4487 710 4547 Nam
732 4489 757 4546 si
771 4509 848 4548 mors
869 4498 973 4566 regnet
992 4490 1022 4547 in
1040 4507 1148 4564 omnes,
1165 4488 1245 4564 Ergo
1259 4495 1409 4564 peceatum
1423 4505 1466 4544 ne·

269 4563 394 4621 cessario
407 4563 494 4625 debet
506 4565 537 4624 in
550 4565 621 4643 ipsis
635 4587 765 4645 regnare,
780 4569 849 4646 quie
862 4569 913 4627 illa
926 4576 971 4628 est
984 4569 1068 4628 istius
1077 4567 1261 4644 stipendium,
1272 4585 1326 4625 nec
1334 4566 1378 4624 illi
1392 4565 1465 4622 locos

268 4637 330 4694 dari
344 4649 447 4716 potest,
459 4644 509 4700 ubi
523 4663 581 4702 non
592 4645 677 4705 datur
687 4657 845 4724 peccatum.
876 4649 1033 4708 Recurrers
1044 4648 1091 4707 hic
1102 4646 1298 4724 adaequalem
1309 4654 1426 4719 namra,
1437 4651 1465 4702 st
