3250 5176
182 402 296 452 eunies.
311 379 371 464 ιιι]
621 401 660 442 ns
674 401 781 444 nrnene
795 401 945 444 snsrrnro.
1329 386 1388 444 603

177 545 237 605 lete
251 551 381 622 spectate
394 563 432 602 ex
446 544 572 604 naturali
585 564 637 606 sua
647 543 861 616 constitutione,
874 543 1009 622 sepositis
1022 543 1169 623 requisitis
1179 542 1216 604 ad
1226 544 1381 622 agendum,

180 627 219 685 sit
231 624 459 686 determinabilis
473 625 511 684 ed
525 626 606 685 varin
619 626 743 704 objecta,
759 633 789 684 et
799 624 996 684 indifferenter
1018 645 1050 684 se
1063 625 1101 685 ed
1115 645 1150 684 ea
1169 625 1292 686 habeat:
1318 627 1385 686 Non

180 725 321 784 negamus
334 705 413 765 enirn
426 706 607 766 veluntatem
621 723 659 766 ex
673 726 704 766 se
719 706 761 764 its
778 725 843 765 esse
857 714 1060 782 comparatam,
1076 715 1109 766 ut
1122 707 1215 783 possit
1228 707 1277 766 vel
1291 717 1388 766 sctum

180 786 292 862 elicere,
307 787 356 846 vel
370 786 553 864 suspendere,
569 807 634 864 quae
654 787 767 846 libertas
781 796 826 846 est
846 786 974 846 sancitii
993 795 1023 844 et
1036 787 1270 863 contradictionis,
1286 787 1388 846 velud

180 876 335 944 utrumque
349 867 546 944 oppositorum
559 866 635 943 ferri,
648 887 713 944 quse
727 867 840 928 iterna
851 875 895 926 est
905 865 1113 926 contrarietatis
1122 874 1151 926 ct
1161 867 1370 960 specificationis
1375 893 1389 942 ,-

183 947 323 1007 Fetemur
342 948 430 1006 etiam
451 948 631 1008 veluntatem
653 946 851 1009 indifferenter
875 967 907 1008 ee
928 947 1044 1022 hebere,
1068 947 1198 1024 quandiu
1221 947 1387 1008 mtelleetus

182 1028 273 1088 haret
286 1027 393 1087 dubius
407 1037 436 1087 st
449 1028 576 1088 incertus
597 1048 655 1105 quo
676 1047 707 1088 se
721 1035 833 1087 vertat:
857 1027 916 1088 Sed
935 1027 973 1086 de
993 1025 1188 1088 indifferentia
1206 1027 1238 1085 in
1258 1037 1324 1086 ecte
1343 1049 1386 1088 sc·

182 1111 274 1170 σιιηᾱο
288 1115 318 1167 et
332 1109 361 1166 in
374 1127 457 1167 sensu
470 1109 627 1184 composito,
643 1108 740 1188 quoad
748 1108 905 1184 potentiam
918 1109 1074 1184 simultati,
1090 1129 1155 1186 quse
1169 1108 1262 1168 neca
1275 1115 1305 1168 et
1324 1109 1386 1166 snb-

175 1189 283 1264 jcetiea
297 1187 421 1264 dieitur;
445 1188 494 1247 An
508 1189 653 1264 veluntas,
668 1189 770 1267 positis
785 1189 920 1248 omnibus
933 1188 971 1249 ad
984 1188 1130 1265 agendum
1142 1187 1297 1266 requisitis,
1313 1207 1341 1248 v.
1357 1209 1387 1266 g.

112 1303 116 1310 ,
184 1267 301 1327 decreto
316 1267 380 1342 Dei,
396 1278 426 1328 et
440 1269 503 1346 ejus
517 1288 666 1344 concursu,
682 1269 794 1347 judicio
807 1270 973 1330 intellectus
987 1269 1114 1346 practici,
1131 1267 1196 1344 dte,
1212 1268 1252 1327 ite
1274 1287 1387 1346 semper

183 1348 222 1407 sit
242 1346 411 1406 indifferens
431 1358 461 1408 et
483 1349 514 1406 in
535 1349 697 1426 aequilibrio
719 1351 823 1426 posita,
846 1358 879 1409 ut
902 1350 995 1427 possit
1016 1369 1103 1426 agere
1126 1349 1175 1406 rel
1197 1367 1257 1407 nen
1279 1351 1389 1426 egere?

184 1428 251 1486 Hoe
273 1426 444 1486 Adversarii
467 1429 649 1507 pertendunt,
671 1437 705 1488 ut
725 1449 778 1490 sue
798 1429 977 1507 relinquatur
1000 1428 1146 1488 voluntati
1164 1427 1303 1506 libertes;
1327 1429 1389 1488 Nos

185 1528 223 1568 ne
292 1527 336 1566 us.

185 1527 297 1672 ffiffi
319 1640 367 1671 non
388 1585 440 1671 Μ’
486 1588 525 1647 V.
548 1589 655 1662 Primo,
671 1587 746 1663 Quia
759 1587 826 1646 talis
840 1586 1035 1648 indifferentia
1048 1587 1087 1648 ad
1100 1587 1233 1666 opposita
1257 1587 1288 1646 in
1307 1588 1388 1648 nullo

214 1686 293 1744 ponsa
311 1685 337 1728 iu
354 1685 424 1730 indie
445 1677 550 1746 egente
574 1669 667 1727 libem
690 1669 752 1726 sire
775 1676 871 1727 create
899 1667 961 1727 sire
989 1669 1117 1728 increato
1141 1668 1386 1746 deprehenditur;

214 1745 327 1790 seranna
447 1749 508 1808 Nee
523 1749 552 1806 in
566 1750 639 1824 Dee,
655 1748 706 1825 qui
719 1748 865 1808 liberrime
884 1748 1001 1826 quidem
1022 1749 1116 1810 bonus
1137 1758 1189 1824 est,
1213 1769 1271 1808 non
1292 1760 1390 1810 temen

185 1829 388 1904 indifferenter,
404 1830 487 1906 qussi
511 1829 604 1905 possit
625 1849 689 1888 esse
708 1829 811 1895 melus,
835 1827 887 1888 sed
911 1830 1074 1889 necessarie
1099 1837 1128 1888 et
1150 1828 1387 1908 immutabiliter;

186 1910 247 1970 Nec
261 1910 292 1968 in
308 1910 428 1984 Christe,
443 1909 493 1985 qui
507 1909 653 1970 liberrime
668 1910 732 1968 Dee
747 1908 886 1984 obedivit,
902 1919 931 1968 et
952 1917 1049 1968 tamen
1069 1910 1195 1968 maxime
1215 1911 1388 1987 necessario,

185 1991 253 2067 quie
266 2009 325 2048 non
338 1990 433 2067 potuit
445 2009 584 2067 pecearc;
607 1991 669 2050 Nec
682 1991 713 2050 in
726 1989 841 2066 Anqclti
855 1999 884 2048 et
898 1991 1005 2065 Bcees,
1021 1991 1072 2066 qui
1085 2009 1197 2050 summa
1207 2009 1273 2049 eum
1287 1990 1388 2048 luben-

184 2071 225 2130 tia
240 2070 336 2129 Deum
350 2071 458 2145 colunt,
473 2079 502 2129 et
516 2070 553 2130 ab
567 2071 676 2130 bonum
690 2080 786 2130 nmen
800 2070 963 2130 necessario
977 2081 1045 2130 suut
1059 2070 1260 2146 determineti3
1284 2069 1345 2130 Nee
1359 2071 1390 2130 in

184 2151 367 2210 Dccmenebes
381 2159 411 2210 et
424 2151 572 2227 Reproee,
587 2152 638 2230 qui
652 2172 710 2210 non
723 2160 846 2228 possunt
859 2170 917 2209 nen
928 2171 1055 2228 peceare,
1071 2151 1205 2229 quemvis
1218 2149 1309 2210 libere
1323 2171 1389 2228 pee-

185 2239 260 2290 cent.
303 2232 351 2291 Ite
364 2251 418 2290 nec
431 2231 547 2290 illerum
562 2231 724 2291 constantia
737 2241 766 2292 et
780 2231 999 2292 immutabilitas
1012 2231 1133 2292 inbono
1148 2230 1271 2290 destruit
1292 2251 1390 2290 eorum

187 2311 358 2388 libertatem,
375 2311 427 2370 sed
446 2311 577 2389 perficit3
601 2311 662 2372 Nee
678 2312 800 2372 istorum
821 2311 1015 2372 ineluetabilis
1035 2311 1193 2390 pertinenia
1207 2319 1236 2370 et
1257 2311 1390 2370 obfirma·

185 2391 271 2450 ticin
284 2392 361 2451 melo
386 2393 482 2452 obstat
503 2393 658 2470 quominus
678 2392 850 2470 gravissime
871 2403 999 2470 peccent,
1022 2392 1153 2471 adeoque
1175 2411 1287 2452 summe
1307 2392 1391 2470 digni

187 2471 246 2531 sint
260 2492 293 2532 su
333 2473 410 2532 licie.

226 2552 282 2612 VI.
294 2493 381 2627 p(inid
394 2552 443 2611 hic
457 2553 552 2632 excipi
566 2556 684 2631 petest?
707 2557 732 2612 1.
755 2553 806 2612 An
825 2553 912 2612 uliam
936 2573 1000 2614 esse
1021 2553 1161 2612 rationem
1181 2551 1325 2612 libertatis
1346 2552 1390 2612 di-

187 2632 273 2706 visse,
288 2633 375 2690 eliam
389 2637 517 2692 nestrae?
539 2634 575 2693 R.
593 2633 651 2694 Sed
664 2653 722 2710 quo
736 2634 856 2697 libertas
871 2633 927 2694 Dei
941 2633 1095 2712 perfectior
1108 2642 1154 2694 est
1174 2642 1280 2708 nostra
1296 2653 1331 2692 ee
1345 2653 1389 2694 re·

184 2712 290 2770 metior
303 2711 390 2770 debet
403 2731 467 2770 esse
482 2713 518 2770 ab
533 2713 734 2790 indifferentis,
750 2735 815 2792 quse
828 2734 888 2774 non
902 2723 962 2774 tam
975 2714 1069 2776 virtus
1083 2723 1136 2790 est,
1158 2733 1245 2792 quam
1259 2714 1390 2774 desectus

183 2791 335 2849 libertatis.
378 2794 406 2848 2.
429 2789 479 2848 An
494 2793 649 2870 Christum,
664 2794 733 2854 lieet
747 2815 895 2872 nunquam
915 2795 1088 2871 peccaverit,
1110 2813 1168 2853 nen
1183 2794 1272 2853 fuisse
1293 2803 1390 2853 temen

184 2870 316 2930 absolute
331 2870 555 2946 impeccabilem,
571 2892 624 2932 nee
638 2893 816 2950 repugnasse
830 2876 895 2950 ejus
908 2885 1027 2948 naturae,
1040 2875 1192 2949 voluntati,
1205 2883 1255 2933 eut
1269 2875 1389 2950 muneri,

182 2969 303 3030 peeem
323 2949 476 3027 potuisse?
507 2949 599 3024 Quam
620 2953 829 3030 blasphemiam
843 2953 1016 3031 Episcopius
1030 2963 1060 3012 et
1081 2954 1130 3012 alii
1152 2953 1391 3014 Remonstrentes

184 3041 315 3092 eructare
329 3050 388 3088 nen
402 3029 587 3089 erubuerunt.
628 3031 665 3090 R.
682 3031 741 3090 Sed
765 3031 842 3092 absit
866 3052 884 3090 a
907 3033 1000 3114 nebiq,
1026 3041 1059 3093 ut
1081 3032 1140 3092 tale
1163 3033 1235 3110 quid
1255 3033 1292 3091 de
1306 3053 1388 3092 sanc·

185 3111 297 3172 tissime
312 3110 369 3170 Dei
384 3111 461 3169 Filio
474 3110 523 3170 vel
545 3110 706 3188 cogitemus
719 3113 767 3172 vel
788 3112 927 3188 dieamus,
948 3132 1034 3189 quem
1055 3113 1190 3172 nevimus
1210 3111 1300 3172 fuisse
1321 3111 1388 3172 dxe-

183 3219 232 3268 w,
248 3193 375 3268 ἱμάντων,
392 3199 557 3268 separatum
578 3211 595 3250 a
610 3193 818 3268 peccatoribus,
835 3193 885 3269 qui
899 3193 1011 3252 nullum
1025 3192 1228 3252 commercium
1243 3214 1308 3252 cum
1321 3215 1388 3271 pee-

184 3282 249 3332 eato
263 3294 321 3334 uon
337 3273 431 3332 solum
445 3271 555 3346 habuit,
571 3270 623 3330 sed
637 3290 690 3330 uec
704 3272 810 3332 habere
823 3272 937 3350 potuit;
959 3280 1020 3332 tum
1035 3273 1104 3350 quis
1124 3273 1181 3332 Dei
1203 3273 1305 3349 Filius,
1328 3283 1389 3334 turn

184 3354 252 3430 quie
266 3353 445 3430 Redemptor
458 3360 564 3427 noster,
580 3352 631 3428 qui
644 3353 669 3412 si
688 3372 807 3431 peceare
827 3353 930 3430 potuit,
951 3353 1046 3432 potuit
1067 3354 1155 3412 etiam
1175 3374 1229 3412 nes
1250 3373 1309 3413 non
1330 3375 1389 3414 ser·

185 3453 262 3492 vare.
292 3435 353 3492 Nec
368 3434 393 3492 si
407 3433 495 3492 miser
508 3452 572 3491 esse
585 3433 688 3510 potuit,
704 3433 798 3510 potuit
812 3433 913 3492 eadem
933 3434 1044 3492 ratione
1059 3454 1122 3493 esse
1136 3442 1278 3512 peccator.
1315 3435 1390 3510 Quia

185 3513 301 3572 miseria
320 3514 358 3572 ed
372 3522 486 3592 tempus
500 3533 558 3572 nou
572 3512 734 3590 refragetur
747 3523 857 3574 naturae
871 3515 935 3590 ejus
950 3514 1147 3590 sanctissima,
1163 3523 1193 3574 et
1206 3514 1331 3575 faciebat
1350 3515 1388 3574 ed

185 3593 311 3653 muneris
326 3593 534 3668 executionem,
550 3593 619 3671 quia
632 3593 732 3654 debuit
751 3594 863 3654 solvere
883 3595 995 3671 peceati
1015 3595 1107 3654 nostri
1126 3615 1236 3674 poenes,
1258 3596 1388 3674 adeoque

185 3693 235 3732 eas
249 3673 322 3733 serre
336 3673 489 3751 petiend03
512 3673 636 3734 sednon
650 3674 745 3752 potuit
759 3695 808 3734 ees
822 3675 934 3734 mereri.
970 3678 998 3734 3.
1020 3675 1070 3733 An
1084 3674 1242 3736 aliudesse
1256 3676 1337 3754 loqui
1351 3676 1388 3734 dc

185 3753 319 3813 libertate
332 3755 476 3814 visternum
491 3763 521 3814 et
534 3756 830 3832 comprehensorum?
851 3756 888 3814 R.
911 3753 970 3814 Sed
991 3775 1056 3814 eum
1077 3755 1178 3814 eadem
1200 3755 1304 3814 debeat
1324 3774 1388 3814 esse

186 3832 282 3910 quoad
296 3834 461 3894 essentialia
475 3835 548 3894 ratio
563 3834 692 3896 formalis
705 3835 856 3910 libertatis,
872 3835 897 3894 si
910 3835 960 3894 isti
971 3834 1136 3894 libertatem
1150 3835 1258 3894 hebent
1277 3836 1386 3913 periec-

185 3913 327 3972 tissimem
342 3915 403 3974 sine
417 3914 618 3988 indifferentia,
634 3935 693 3974 nen
706 3923 802 3993 petest
815 3915 874 3974 dici
887 3913 925 3973 ed
938 3915 1092 3974 essentiam
1107 3916 1171 3993 ejus
1185 3915 1336 3993 pertinere.

226 3994 300 4052 VII.
324 3995 466 4070 Secundo,
482 3995 557 4070 Quia
570 3996 707 4056 voluntas
720 4015 867 4075 nunquam
881 4004 1053 4072 potestesse
1074 3995 1137 4055 sine
1151 3995 1388 4056 determinatione

184 4083 244 4136 tam
259 4075 422 4135 extrinsece
435 4095 453 4134 a
467 4076 524 4136 Dei
537 4076 728 4154 providentie,
744 4096 831 4154 quam
851 4076 1007 4136 intrinseca
1027 4076 1064 4134 ab
1085 4075 1250 4136 intellectus
1266 4077 1387 4156 judicie,

186 4166 219 4216 ut
234 4165 320 4216 antea
332 4155 486 4233 probatum
500 4156 568 4232 suin
592 4155 646 4236 (Et
657 4158 732 4217 Bell.
744 4157 805 4235 ipse
820 4157 874 4216 hee
888 4157 992 4235 probat
1005 4157 1096 4216 variis
1109 4157 1270 4218 rationibus
1283 4156 1334 4216 lib.
1346 4157 1387 4216 iii.

186 4235 223 4294 de
238 4255 298 4313 gra.
314 4244 344 4295 et
357 4236 407 4295 lib.
423 4236 494 4295 arbi.
510 4258 535 4296 e.
545 4236 588 4318 8.)
632 4237 712 4316 Ergo
732 4257 791 4295 nen
805 4246 900 4316 petest
913 4237 1016 4316 positis
1031 4237 1164 4300 omnibus
1184 4238 1222 4297 ad
1242 4237 1388 4316 agendum

186 4315 336 4390 requisitis
349 4335 435 4392 agere
450 4317 499 4376 vel
508 4337 568 4376 non
580 4337 677 4394 egere.
720 4317 805 4378 Alias
818 4338 872 4378 nec
886 4326 963 4377 esset
977 4326 1081 4394 ereata
1096 4319 1166 4396 quie
1178 4338 1237 4378 neu
1250 4317 1389 4396 penderet

186 4413 205 4450 s
220 4394 302 4470 Dee;
325 4394 386 4453 Nee
397 4395 553 4474 rationalis,
569 4397 638 4475 quia
651 4407 751 4458 eontra
764 4397 885 4462 rationis
894 4398 1037 4474 judicium
1052 4409 1159 4476 ageret,
1175 4407 1205 4457 et
1218 4399 1325 4457 melum
1334 4399 1389 4457 sub

186 4473 297 4532 ratione
311 4474 381 4532 meli
394 4482 550 4552 appeteret.
593 4477 654 4536 Nee
669 4478 765 4536 obstat
779 4477 858 4554 qued
872 4477 978 4538 dicitur
988 4499 1051 4538 esse
1066 4479 1102 4537 de
1124 4478 1235 4537 ratione
1254 4478 1388 4536 volunte-

186 4553 225 4612 tis
238 4553 345 4626 liberte,
362 4563 395 4613 nt
409 4553 532 4630 seipssm
547 4555 726 4632 determinet,
742 4557 812 4635 quis
826 4557 1012 4620 subordinate
1025 4577 1084 4618 nou
1104 4565 1255 4635 pugnant:
1278 4557 1323 4616 De
1344 4579 1388 4616 re-

186 4633 265 4694 tienc
279 4633 396 4712 quidem
410 4634 570 4695 veluntatis
582 4645 636 4712 est,
651 4648 684 4697 ut
697 4657 715 4696 e
729 4659 760 4698 se
774 4637 989 4714 determinetur,
1009 4638 1062 4698 sed
1075 4657 1133 4696 nen
1155 4657 1172 4695 a
1192 4656 1224 4696 se
1245 4638 1325 4714 sela;
1349 4639 1391 4696 sic

185 4713 388 4776 denrminctio
403 4713 562 4776 veluntatis
581 4735 641 4777 nen
661 4717 792 4778 excludit
812 4717 865 4780 sed
884 4719 1021 4796 supponit
1041 4717 1308 4780 determinationem
1324 4718 1388 4776 Dei.
