3250 5176
180 353 295 404 auser.
310 333 393 418 arm]
691 357 731 398 na
745 357 886 401 saccaro.
1334 345 1390 406 187

185 531 222 577 3..
232 531 430 592 chamaaper-
513 497 574 557 XI.
596 497 711 559 Tertius
726 500 874 561 character
887 511 940 578 est,
955 521 1014 561 non
1023 502 1109 562 modo
1123 503 1277 582 abnegatio
1288 505 1394 565 verita·

217 591 287 636 tim
315 593 367 648 ojus
392 607 431 650 op·
453 577 491 636 tis
506 579 638 656 cognitae,
649 579 702 640 sed
716 583 802 640 etiam
811 583 951 659 pertinax
965 586 1023 659 ejas
1037 585 1217 662 wpnfflrntio.
1262 586 1304 646 Ut
1318 587 1395 645 enim

214 649 338 709 pugnatio.
451 658 518 718 odio
533 679 645 720 summo
664 661 744 719 illam
764 671 985 740 prosequuntur,
1008 683 1067 722 non
1085 666 1189 724 mirum
1211 673 1263 742 est,
1287 667 1311 725 si
1325 667 1395 726 totis

185 734 298 794 viribus
308 757 372 795 cam
383 747 513 798 evertere
524 749 672 818 conantur,
685 742 747 801 sive
761 751 822 802 arte
833 763 884 820 per
895 743 1080 822 sophisticam
1091 745 1318 823 insectationem,
1332 747 1394 806 sire

187 823 277 875 marte
292 836 343 895 per
352 819 534 896 tyrannicam
548 823 793 899 persecutionem
836 823 895 883 uod
915 823 946 882 in
961 823 1124 900 Pharisaeis,
1148 826 1310 904 Porphyrio
1324 827 1393 885 Phi-

186 895 317 974 losopho,
333 897 453 958 Juliano
475 901 627 978 Apostata,
643 910 673 961 et
691 903 756 962 aliis
775 903 862 982 hujus
876 904 987 981 peccati
1006 904 1063 962 reis
1077 906 1178 982 patuit.
1221 905 1285 981 Quo
1306 908 1394 985 perti-

187 987 265 1052 nent,
278 997 343 1054 quae
354 977 390 1037 de
400 979 521 1040 Juliano
536 981 622 1042 refert
635 983 764 1042 Theodo.
779 984 883 1042 libili.
898 1003 960 1062 esp.
973 986 1021 1061 20,
1033 985 1127 1062 ipsum
1143 986 1254 1046 scilicet
1268 987 1394 1064 equestri

187 1056 272 1114 hasta
285 1057 446 1134 impetitum
460 1061 492 1118 in
505 1062 600 1120 medio
615 1081 740 1138 suorum,
756 1083 873 1123 manum
884 1065 999 1142 plenam
1011 1065 1162 1142 sanguinis
1175 1085 1278 1126 versus
1288 1068 1394 1126 coelum

189 1137 347 1213 projecisse
361 1158 427 1197 cnm
441 1141 617 1220 blasphemis
630 1143 677 1202 his
691 1144 720 1201 in
736 1144 882 1204 Christum
896 1145 1002 1221 verbis,
1025 1146 1122 1204 Vicisti
1136 1147 1264 1208 Galatae.

344 1283 349 1296 ¹
408 1284 414 1296 ,
511 1221 588 1281 XII.
611 1223 736 1298 Quartus
751 1224 875 1302 denique
896 1225 1044 1285 character
1057 1235 1101 1284 est
1122 1221 1278 1305 obfirmatio
1296 1229 1393 1302 animi,

196 1282 237 1327 4⁸·
247 1281 431 1387 lffifflfmm
452 1310 480 1361 et
489 1305 702 1378 perseveramus
716 1306 745 1364 in
758 1309 861 1374 scetere
873 1307 1008 1384 adfinem
1017 1325 1111 1382 usque,
1127 1327 1185 1384 quo
1193 1317 1325 1384 spectant
1339 1309 1395 1368 ista

451 1382 560 1442 Athan.
583 1393 622 1443 to.
642 1385 672 1444 ii.
694 1405 722 1462 q.
745 1389 793 1461 71,
817 1386 916 1444 “Non
936 1386 1012 1445 dixit
1033 1386 1122 1462 Deus,
1138 1387 1350 1464 blasphemanti
1365 1399 1395 1449 et

188 1462 387 1538 poenitentiam
403 1463 501 1540 agenti
522 1483 580 1522 non
594 1466 757 1540 remittitur,
774 1465 825 1524 sed
839 1466 1059 1543 blasphemanti,
1075 1467 1154 1525 nimi.
1169 1468 1200 1524 in
1214 1467 1394 1546 blasphemia

189 1544 386 1620 perseveranti
395 1544 425 1620 3¹¹
440 1561 504 1620 quea
516 1545 589 1604 ratio
599 1545 713 1622 impulit
724 1545 923 1622 Augustinum
937 1555 972 1605 ιι1
984 1547 1137 1605 essentiam
1148 1547 1233 1606 istius
1242 1549 1353 1625 peceati
1363 1547 1394 1606 in

189 1623 398 1700 impoenitentia
411 1623 492 1682 finali
506 1626 702 1700 constitueret,
717 1626 796 1703 quod
816 1626 885 1685 licet
897 1645 957 1685 non
971 1645 1178 1704 usquequaque
1192 1627 1306 1688 admitti
1327 1649 1393 1707 pos·

190 1703 235 1778 sit,
251 1703 320 1780 quia
334 1724 484 1763 commune
498 1706 553 1764 hoc
567 1705 611 1764 illi
625 1715 670 1765 est
683 1727 748 1765 cum
770 1707 903 1765 omnibus
916 1707 1043 1784 peccatis
1057 1708 1252 1786 reproborum,
1269 1708 1396 1769 dubitari

190 1803 248 1842 non
261 1791 356 1862 potest
370 1792 466 1844 tamen
481 1805 543 1844 eam
558 1787 588 1844 iu
602 1787 657 1845 hoc
670 1796 789 1864 peccato
803 1786 921 1846 includi.

512 1867 607 1925 XIII.
630 1866 729 1944 Atque
742 1867 810 1925 hino
825 1867 916 1926 oritur
934 1867 1160 1927 irrernrbabilitas
1174 1869 1259 1930 istius
1273 1869 1393 1947 peccati,

452 1947 531 2024 quod
545 1949 608 2024 ejus
623 1947 792 2025 adjunctum
806 1955 850 2006 est
864 1947 1064 2024 inseparabile,
1080 1948 1159 2024 quod
1180 1950 1286 2009 Mattb.
1302 1951 1397 2010 innuit

452 2046 514 2104 cap.
530 2027 581 2086 xii.
605 2031 652 2102 31,
679 2031 727 2103 32,
749 2048 838 2105 quum
852 2027 956 2086 asserit
976 2027 1184 2105 blasphemiam
1203 2029 1233 2088 in
1257 2031 1396 2106 Spiritum

192 2108 328 2168 Sanctum
344 2129 402 2167 non
416 2109 526 2184 remitti,
542 2127 592 2166 nec
606 2110 635 2166 in
650 2110 701 2167 loc
713 2111 813 2184 seculo,
829 2110 921 2167 necin
933 2111 1045 2184 futuro,
1061 2109 1101 2167 id.
1112 2129 1258 2186 nunqnam
1272 2111 1301 2168 in
1315 2120 1396 2169 oeter·

190 2208 264 2264 narn,
280 2198 313 2248 ut
328 2191 445 2248 Marcus
458 2188 670 2265 interpretatur,
683 2208 745 2265 cap.
761 2189 861 2248 11129.
904 2189 1003 2266 Atque
1018 2209 1052 2248 ea
1066 2189 1102 2248 de
1113 2208 1201 2248 causa
1214 2191 1398 2268 peculiariter

190 2278 310 2328 vocatur
324 2281 471 2346 perennem
486 2271 528 2327 ad
539 2277 664 2346 mortem,
692 2272 705 2326 1
723 2269 830 2328 Johan.
846 2289 908 2346 cap.
923 2289 952 2328 v.
977 2272 1022 2344 16,
1050 2273 1095 2346 ll,
1115 2290 1174 2328 non
1194 2280 1307 2330 tantum
1328 2272 1398 2349 quia

190 2359 310 2408 mortem
324 2360 450 2410 meretur
464 2359 567 2408 natura
581 2369 641 2426 sua,
658 2350 699 2408 sio
714 2349 790 2408 enirn
805 2351 902 2408 omnia
921 2357 1040 2427 peccata
1054 2359 1121 2408 sunt
1135 2351 1173 2408 ad
1186 2361 1317 2426 mortem,
1339 2371 1397 2410 non

190 2431 275 2489 modo
289 2431 358 2507 quia
372 2440 417 2490 est
436 2429 613 2489 irremissum
634 2440 663 2489 et
684 2439 776 2489 morte
796 2430 912 2490 tandem
934 2438 1001 2490 actu
1022 2431 1148 2507 punitur,
1164 2431 1243 2509 quod
1263 2431 1398 2492 omnibus

189 2511 376 2587 reproborum
396 2511 523 2590 peccatis
545 2511 698 2588 competit;
722 2511 774 2570 sed
794 2512 863 2589 qnia
876 2511 934 2571 tale
948 2518 1000 2587 ast,
1023 2519 1056 2570 ut
1070 2511 1203 2571 absoluto
1220 2513 1257 2571 sit
1271 2513 1396 2572 irremis-

188 2590 272 2650 sibile
287 2611 324 2649 ex
339 2611 379 2650 se.

231 2671 321 2728 XIV.
342 2671 579 2730 Irremiesibriitas
593 2669 689 2730 autem
704 2672 760 2730 ista
773 2691 830 2730 non
845 2680 890 2731 est
902 2679 1016 2732 tantum
1030 2681 1199 2749 comparata
1209 2681 1238 2732 et
1248 2676 1399 2732 secundam

189 2750 266 2825 qnid,
282 2749 350 2826 quia
364 2769 470 2826 magna
483 2749 652 2811 difficultate
666 2753 830 2828 remittitur,
846 2753 925 2829 qnod
939 2752 1003 2811 vult
1017 2752 1135 2830 Bellar,
1150 2754 1201 2812 lib.
1217 2753 1246 2811 ii.
1259 2753 1295 2812 de
1308 2754 1397 2831 poeni.

190 2849 252 2906 cap.
265 2831 310 2904 16,
327 2837 357 2888 et
367 2829 476 2905 Grego.
487 2829 524 2888 de
533 2831 648 2904 Valen,
661 2840 700 2889 to.
711 2831 751 2889 iii.
763 2831 836 2908 disp.
851 2836 876 2906 1,
889 2851 917 2908 q.
930 2835 976 2907 14,
989 2833 1213 2910 postThomam,
1229 2835 1254 2907 1,
1267 2837 1295 2905 2,
1307 2854 1335 2910 q.
1350 2837 1396 2908 14,

190 2909 240 2986 qui
254 2909 323 2968 lieet
337 2918 469 2986 exparte
484 2909 529 2967 sui
543 2909 739 2969 irremissibile
754 2929 818 2970 esse
828 2911 928 2985 velint,
945 2913 1040 2970 Deum
1055 2921 1151 2970 tamen
1166 2912 1239 2970 illnd
1252 2915 1398 2972 remittere

189 3009 274 3066 posse
289 2999 424 3065 censent;
448 2989 499 3047 scd
513 2991 640 3048 absolma
654 2999 683 3048 et
701 2991 827 3067 simplex,
840 3009 898 3049 non
912 2989 999 3048 modo
1013 2991 1092 3067 qnod
1111 3011 1259 3069 nunquam
1273 3001 1339 3052 actu
1353 3013 1397 3052 re·

189 3071 328 3147 mittatur,
345 3070 396 3129 sed
411 3069 489 3146 quod
503 3070 611 3128 remitti
625 3069 756 3128 absolute
770 3089 828 3128 non
842 3071 966 3148 possita
981 3071 1053 3129 Deo.

230 3151 302 3210 XV.
326 3149 569 3210 Irremissibilitas
583 3157 679 3209 autern
693 3151 749 3209 ista
763 3170 821 3209 non
835 3149 934 3224 oritur,
949 3151 998 3208 vel
1012 3171 1050 3210 ex
1064 3149 1179 3209 defectu
1192 3151 1397 3213 misericordiae

191 3231 255 3307 Dei,
271 3231 319 3290 vol
340 3231 436 3290 meriti
451 3230 567 3308 Christi,
593 3231 676 3308 quasi
690 3229 741 3288 illa
755 3251 813 3289 non
828 3237 905 3290 esset
925 3231 1073 3306 immensa,
1092 3231 1147 3290 ¹vel
1161 3229 1240 3290 istud
1261 3233 1347 3310 pretii
1367 3243 1397 3294 et

189 3312 297 3371 valoris
312 3311 435 3387 infiniti;
458 3311 510 3370 sed
524 3331 561 3370 ex
575 3319 678 3369 natura
692 3311 783 3388 ipsius
797 3311 916 3388 peccati,
929 3329 994 3388 quae
1008 3311 1075 3370 talis
1086 3319 1139 3386 est,
1154 3319 1187 3370 ut
1201 3313 1396 3373 conditionem

190 3391 281 3469 ipsam
295 3393 333 3451 ad
347 3391 545 3452 remissionem
559 3391 735 3468 requisitam,
751 3400 822 3468 puta
835 3391 1042 3470 poenitentiam,
1065 3391 1210 3468 excludat,
1232 3393 1397 3469 impossibile

190 3481 231 3529 est
244 3475 315 3530 enim
330 3475 394 3531 talis
407 3473 543 3531 renotari
554 3475 596 3530 ad
610 3473 810 3548 penitentiam,
827 3473 905 3531 Heb.
919 3472 960 3531 vi.
976 3474 1003 3531 6.
1047 3472 1121 3531 Nam
1135 3480 1168 3531 ut
1188 3491 1273 3532 nemo
1295 3475 1393 3534 exolu-

190 3552 268 3611 ditur
281 3573 299 3610 a
312 3553 480 3612 remissione
495 3553 545 3629 qui
559 3552 729 3630 poenitentia
743 3552 877 3629 ducitur,
900 3553 947 3611 Ita
961 3552 1011 3630 qni
1025 3571 1082 3610 non
1092 3561 1188 3630 potest
1201 3553 1238 3612 ad
1253 3555 1394 3632 poeniten·

188 3633 258 3691 tiam
272 3635 414 3709 renovari,
430 3653 489 3692 non
502 3641 599 3712 potest
618 3633 733 3691 veniam
755 3633 901 3710 consequi.
945 3633 976 3692 Si
997 3652 1066 3691 vero
1081 3651 1201 3709 qnaeras,
1223 3635 1282 3692 Cur
1301 3636 1392 3711 poeni-

188 3713 279 3772 tentia
293 3734 311 3772 a
324 3715 375 3772 tali
395 3723 513 3791 peccato
533 3713 571 3773 sit
591 3712 803 3790 impossibilis?
844 3713 942 3772 Facile
963 3712 1161 3790 respondetur,
1180 3713 1236 3772 hoc
1257 3715 1392 3790 pendere,

189 3801 277 3852 tuma
291 3795 432 3870 gravitate
447 3794 558 3872 peccati
573 3794 672 3871 ipsius,
689 3793 767 3871 quod
781 3793 897 3852 unicum
911 3792 1088 3871 poenitentia
1102 3793 1193 3870 ipsius
1206 3792 1389 3886 principium,

186 3873 280 3932 nimir.
298 3873 436 3950 Spiritum
457 3875 566 3952 gratiae,
581 3874 684 3951 rejicit,
710 3883 772 3933 turn
786 3874 822 3932 ab
836 3874 900 3950 ipsa
915 3873 970 3932 Dei
991 3873 1149 3948 voluntate,
1165 3893 1215 3950 qm
1234 3874 1322 3951 juxta
1346 3895 1391 3933 or-

186 3953 282 4012 dinem
298 3953 327 4010 in
341 3953 554 4030 dispensatione
569 3954 671 4013 salutis
691 3955 816 4032 positum
831 3975 848 4012 a
863 3973 893 4012 se
914 3954 1066 4031 impetrare
1081 3973 1139 4011 non
1159 3963 1263 4031 potest,
1278 3963 1312 4014 nt
1325 3975 1390 4034 gra-

185 4035 255 4093 tiam
266 4033 304 4093 ad
318 4033 349 4092 id
362 4035 553 4094 neeessariam
566 4035 715 4112 largiatun
757 4035 830 4093 Cum
845 4035 921 4093 enim
934 4035 1051 4093 unicum
1066 4033 1237 4093 sacrificium
1252 4035 1360 4095 Christi
1375 4057 1392 4096 a

186 4114 250 4174 Deo
272 4115 460 4174 constitutum
475 4116 513 4173 sit
533 4115 571 4172 ad
593 4115 787 4192 expiationem
807 4111 999 4192 peecatorum,
1023 4123 1053 4173 et
1066 4115 1151 4172 unica
1165 4114 1250 4174 detur
1270 4135 1390 4192 regene-

184 4193 257 4252 ratio
271 4215 323 4272 per
338 4195 477 4270 Spiritum
500 4195 646 4269 Sanctum,
662 4197 712 4273 qui
726 4203 879 4272 utrumqne
893 4194 1064 4254 beneficium
1079 4195 1168 4253 semel
1182 4195 1291 4273 rejecit,
1311 4205 1343 4255 ut
1357 4197 1391 4257 fit

184 4291 202 4328 a
216 4275 401 4349 peccantibus
412 4273 442 4331 in
458 4275 596 4351 Spiritum
610 4275 757 4351 Sanctum,
769 4273 880 4334 nullum
890 4275 1013 4352 amplius
1027 4275 1153 4334 medium
1163 4275 1270 4334 habere
1283 4286 1388 4354 potest,

185 4371 242 4428 quo
256 4352 304 4410 vel
319 4353 516 4411 remissionem
531 4364 731 4431 consequatur,
747 4354 795 4414 vel
809 4355 847 4414 ad
860 4355 1059 4432 poenitentiam
1069 4363 1233 4413 renovetur.
1276 4355 1315 4415 Et
1333 4357 1389 4417 boo

185 4431 346 4508 Apostolus
360 4431 462 4506 innuit,
479 4433 556 4490 Heb.
572 4455 601 4492 x.
617 4438 664 4508 29,
687 4455 775 4511 quum
791 4435 900 4513 duplex
914 4436 969 4493 hoo
990 4436 1098 4493 crimen
1113 4434 1265 4510 Apostatis
1285 4435 1388 4512 impin-

184 4512 236 4588 git,
249 4509 327 4588 quod
337 4512 443 4569 Filiam
452 4513 512 4569 Dei
520 4517 683 4588 conculcent,
694 4523 723 4574 et
734 4515 811 4592 quod
822 4516 960 4590 Spiritum
967 4516 1070 4592 pratia
1080 4514 1245 4572 contameh'a
1254 4517 1388 4592 afficiant,

183 4601 215 4650 ut
229 4592 332 4650 doceat
346 4611 396 4650 eos
410 4599 439 4650 et
450 4591 509 4648 vim
525 4593 657 4651 sacrificii
668 4594 783 4670 Christi,
796 4601 825 4653 et
839 4595 994 4653 efficaciam
1008 4594 1132 4672 Spiritus
1146 4594 1279 4670 rejicere,
1302 4605 1389 4672 atque

182 4672 288 4733 haedo
303 4692 390 4732 causa
404 4671 507 4732 asserit
521 4672 630 4731 nullam
645 4693 794 4751 superesse
814 4693 866 4750 pro
880 4674 952 4752 ipsis
964 4673 1098 4750 hostiam,
1118 4680 1148 4732 et
1165 4673 1275 4733 nullam
1296 4676 1389 4734 veniae

191 1928 258 1975 Unde
277 1931 356 1975 oritur
372 1931 430 1978 irre-

229 1989 386 2034 missibilitas.
