3044 5180
258 351 318 408 320
421 368 424 374 ·
733 366 824 410 rocus
838 365 982 417 ennecus.
1272 344 1391 428 [essm.
1405 371 1444 412 ιιι.

262 506 331 568 fidei
344 505 458 567 differet
471 507 509 567 eb
520 505 757 566 Arminienorum
771 507 894 586 placitis,
909 508 978 585 quia
991 515 1087 567 tamen
1101 507 1134 565 in
1147 507 1261 566 caeteris
1274 506 1311 566 sd
1324 509 1383 587 ipsa
1393 530 1447 588 pro·

262 587 328 666 pius
342 586 461 664 secedit,
483 596 514 647 et
533 607 551 646 e
571 595 687 664 recepta
706 587 846 648 hactenus
866 587 897 646 in
912 587 1053 648 Ecclesiis
1069 587 1181 647 nocuis
1194 588 1336 646 metentis
1346 591 1447 666 medic
1507 583 1508 602 ¹

262 687 327 744 quas
341 675 506 727 constanter
523 686 576 745 pro
591 667 742 726 Electione
756 687 834 727 mere
848 667 975 745 gratuita
988 667 1060 727 eitra
1078 665 1285 746 proeuisionsm
1297 667 1381 727 ullam
1392 669 1448 730 fidei

260 746 1449 906 ‘tcasertanensemstitueretur

260 904 299 965 ad
312 906 435 984 gloriam
449 927 537 996 quem
551 906 589 965 ad
602 906 726 984 gratim
739 907 824 985 plene
838 907 995 984 gratuitam
1008 926 1089 984 essc;
1111 907 1156 966 ita
1169 906 1298 966 utnulla
1311 926 1398 984 cause,
1410 909 1448 968 vel

260 986 397 1062 conditio,
412 987 462 1046 vel
481 987 555 1046 ratio
573 986 605 1044 in
617 986 734 1045 homine
747 985 841 1061 luerit,
856 986 895 1044 cd
915 987 1000 1064 cujus
1020 986 1159 1046 intuitum
1174 987 1258 1046 Dens
1276 987 1352 1046 bunc
1369 989 1449 1066 potius
1508 989 1509 1036 l

261 1085 349 1144 quam
362 1066 452 1125 alium
465 1066 603 1144 elegerit3
627 1065 686 1126 Sed
705 1066 761 1126 boc
779 1087 797 1124 a
815 1066 878 1126 sola
891 1066 955 1144 ejus
970 1063 1067 1145 reticete
1084 1065 1267 1204 pependerit,
1281 1085 1346 1143 qua
1359 1075 1389 1126 ut
1400 1087 1447 1126 cer·
1508 1063 1509 1066 ’

261 1155 323 1206 tum
343 1145 493 1207 bominum
513 1165 673 1222 numerum,
694 1145 760 1205 aliis
788 1165 842 1205 uec
868 1145 1019 1205 meliorum
1043 1165 1097 1205 nec
1139 1145 1295 1224 'gniornm,
1316 1166 1352 1206 ex
1370 1167 1449 1205 meua

260 1226 645 1384 ,r
654 1225 1036 1365 nmen
1045 1226 1449 1382 murman

1254 1351 1262 1382 ,
1442 1351 1448 1364 .

263 1386 376 1444 Dordr.
391 1385 433 1444 th.
449 1390 476 1462 7,
493 1388 520 1461 9,
538 1387 584 1460 10,
601 1386 637 1445 de
652 1384 790 1444 Praedeet

563 1465 605 1524 X.
628 1464 768 1524 Rationes
781 1484 832 1524 cur
844 1465 900 1523 hoc
914 1471 1043 1525 statuam
1056 1473 1126 1525 sunt
1139 1465 1206 1525 istae
1219 1464 1400 1543 potissimum.
1428 1467 1447 1523 l.

260 1517 501 1634 ³¹⁰,fgss0ffl01
522 1543 968 1619 suessionensium
991 1545 1153 1604 menone
1174 1543 1447 1604 connecterem.

522 1625 603 1701 Ergo
616 1643 675 1682 non
688 1631 785 1701 potest
798 1643 862 1683 esse
873 1643 968 1698 cause,
979 1625 1028 1684 vel
1038 1624 1170 1684 conditio
1180 1624 1309 1703 praevia,
1329 1643 1392 1702 repu

260 1701 337 1760 enim
350 1700 429 1760 idem
442 1721 506 1762 ease
521 1703 607 1762 simul
621 1723 738 1762 causam
751 1711 782 1762 et
802 1703 943 1778 effectum,
959 1703 1030 1781 eligi
1050 1723 1088 1764 ex
1101 1704 1172 1779 lide,
1194 1711 1225 1764 et
1239 1703 1308 1781 eligi
1323 1703 1386 1762 adfi
1404 1721 1447 1762 en.

262 1781 365 1842 Fidem
379 1790 475 1841 autem
489 1790 519 1842 et
532 1781 725 1842 obedientiam
739 1801 804 1842 esse
824 1783 949 1843 fructum
971 1783 1142 1860 Electionis,
1157 1784 1225 1844 loca
1238 1784 1318 1842 varia
1337 1783 1447 1860 probent,

263 1860 318 1921 Rc.
333 1860 395 1920 viii.
409 1863 457 1938 29,
476 1863 555 1930 Quos
563 1863 785 1939 pradestinavit,
801 1863 850 1922 bos
871 1873 899 1922 et
910 1864 1026 1922 vesanit
1068 1864 1112 1923 At
1126 1862 1247 1923 vocatio
1266 1871 1310 1923 eet
1322 1862 1358 1921 ed
1369 1861 1445 1932 fidem,

260 1949 291 2000 et
303 1939 376 2000 fides
389 1941 456 2001 finis
476 1943 549 2020 ejus,
564 1950 597 2002 ut
610 1942 726 2002 vocatio
745 1941 865 2002 effectus
885 1942 1165 2003 Praedestinationis.
1209 1943 1285 2022 liplc
1299 1942 1318 2001 i.
1331 1945 1358 2018 4,
1371 1941 1447 2018 Elegit

261 2041 320 2093 nos,
334 2031 366 2080 ut
378 2041 496 2081 mennas
508 2023 605 2098 saaca,
622 2021 702 2100 Ergo
715 2041 774 2082 non
815 2022 864 2081 uia
876 2041 998 2096 eramus,
1013 2031 1044 2082 et
1055 2042 1085 2081 v.
1100 2025 1129 2098 5,
1147 2023 1355 2082 Proedcstinuru
1372 2024 1447 2084 ιιοιιι

263 2101 432 2160 videaturad
442 2103 629 2178 adoptionem,
646 2102 726 2180 Ergo
740 2101 778 2160 ad
791 2041 886 2177 idem,
901 2121 953 2179 per
972 2120 1059 2178 quarn
1073 2102 1196 2180 adoptio
1210 2102 1262 2161 illa
1279 2101 1358 2162 nobis
1369 2100 1445 2159 obtin·

261 2181 314 2257 git,
329 2181 379 2241 «ιο.
394 2181 413 2239 i.
431 2184 485 2256 123
501 2181 569 2242 Act.
585 2181 647 2242 xiii.
662 2183 711 2257 48,
729 2181 919 2241 Crediderat
937 2191 1071 2258 quotquot
1083 2183 1216 2242 ordinanti
1232 2191 1314 2242 aaut
1324 2183 1363 2240 ad
1377 2180 1446 2239 ctae

261 2269 405 2319 ameum.
448 2261 528 2338 Ergo
552 2261 596 2320 illi
620 2261 736 2321 demum
757 2261 886 2338 credunt,
901 2261 952 2338 qui
973 2269 1041 2320 sunt
1057 2261 1154 2338 electi,
1169 2271 1200 2322 et
1213 2261 1283 2338 quia
1295 2257 1443 2330 mntelect',

261 2356 319 2397 non
333 2357 403 2397 vero
416 2339 503 2399 electi
516 2350 591 2416 sunt,
607 2340 676 2418 quia
689 2340 818 2417 credunt,
833 2340 911 2400 unde
924 2340 1012 2400 ttae
1025 2342 1195 2401 Electonrm
1208 2341 1321 2415 dieitur,
1334 2339 1385 2398 'lit
1397 2338 1443 2408 il,

261 2418 330 2494 quie
344 2437 378 2476 ee
392 2417 462 2478 eolis
476 2419 587 2480 Electis
607 2419 700 2480 datur.
743 2419 821 2479 Hinc
836 2419 964 2498 August.
985 2420 1023 2479 de
1045 2419 1187 2481 Praedam
1212 2419 1382 2494 Sanctorum,
1394 2435 1444 2494 cep-

262 2499 309 2572 17,
334 2499 353 2531 “
365 2497 560 2576 Intelligimus
580 2499 770 2574 vocefionem,
785 2518 843 2577 qua
864 2499 939 2559 liunt
960 2498 1053 2576 electi,
1075 2501 1135 2559 nou
1160 2501 1212 2579 qui
1235 2499 1375 2576 cliguntur
1391 2495 1445 2573 qnia

260 2576 452 2655 crediderunt,
468 2579 522 2638 sed
533 2579 584 2658 qui
597 2579 744 2656 eligrmtur
756 2586 790 2638 ut
803 2577 930 2638 credant.
973 2577 1049 2638 Nam
1063 2579 1087 2638 si
1108 2587 1264 2658 propterea
1280 2577 1360 2637 electi
1371 2581 1443 2646 crant,

260 2657 397 2795 qponiem
410 2657 602 2734 crediderunt,
617 2657 672 2737 ipsi
686 2675 752 2718 eum
765 2657 846 2736 prius
860 2657 960 2736 utique
976 2658 1133 2737 elegerant,
1150 2657 1296 2720 credendo
1305 2657 1334 2716 iu
1346 2673 1409 2730 snm,
1418 2661 1444 2712 ιι

263 2755 280 2795 e
293 2757 303 2794 1
325 2737 333 2751 ⁹
348 2738 554 2797 mererentur.’'
1183 2781 1186 2786 ι

301 2757 362 2874 iil.
384 2816 584 2895 Nequicquam
596 2817 644 2876 hic
654 2815 805 2894 excipitur,
822 2820 849 2876 1.
864 2818 902 2876 ad
919 2818 1016 2878 locum
1032 2818 1116 2878 Rom.
1131 2819 1196 2878 viii.
1211 2820 1260 2895 29,
1275 2835 1330 2876 non
1340 2810 1441 2888 intelligi

261 2895 442 2956 vocationem
463 2897 501 2956 ad
520 2896 615 2972 fidem,
631 2896 682 2957 sed
703 2897 742 2955 ad
762 2917 885 2972 enicem,
907 2897 937 2955 in
961 2917 1020 2976 qua
1039 2897 1203 2958 conformes
1225 2917 1279 2957 nos
1291 2915 1350 2956 esse
1362 2893 1442 2952 doceat

262 2973 339 3034 Filio
354 2975 419 3052 Dei,
434 2987 467 3036 ut
481 2977 571 3036 umus
584 2976 627 3036 illi
641 2976 802 3038 conformes
815 2975 846 3035 in
859 2975 961 3054 glorie,
976 2979 1007 3036 et
1015 2977 1299 3055 predestinationem
1309 2995 1363 3034 non
1373 2971 1441 3030 elien

260 3053 386 3133 intelligi
399 3075 486 3134 quam
500 3057 733 3133 conditionatum,
749 3057 775 3116 si
787 3055 882 3116 nimir
896 3055 1028 3116 homiues
1041 3057 1134 3116 velint
1147 3058 1233 3136 requi
1247 3057 1337 3116 Deum
1352 3052 1440 3127 eliget·

260 3141 328 3194 tem
372 3135 408 3195 R.
430 3135 505 3195 Nam
519 3137 633 3196 vocatio
647 3155 706 3196 non
719 3136 777 3196 alia
786 3143 882 3214 potest
894 3135 1019 3214 irrtelligi
1032 3155 1120 3214 quam
1134 3137 1174 3196 ad
1187 3137 1275 3196 fidem
1288 3143 1316 3194 et
1329 3130 1440 3193 obedien·

261 3212 340 3288 tiam,
355 3214 425 3274 licet
446 3215 640 3276 conditionem
662 3215 756 3276 crucis
779 3233 923 3276 annexam
935 3215 1049 3290 babeat,
1063 3215 1133 3293 quie
1146 3217 1246 3295 agitur
1266 3215 1302 3274 de
1315 3209 1440 3271 ventione

261 3290 420 3351 seeundum
444 3294 631 3372 propositum,
653 3295 693 3355 id.
716 3293 833 3372 efficaci,
861 3314 927 3373 qun
953 3294 1110 3356 electorum
1133 3304 1248 3356 tantum
1273 3291 1380 3373 proprie
1397 3293 1439 3356 ιιι

260 3370 391 3446 opposite
401 3371 440 3429 ad
449 3374 629 3432 vocationem
643 3375 827 3451 inefficacem,
843 3395 908 3453 quae
920 3373 986 3434 aliis
1000 3375 1086 3434 etiam
1097 3375 1253 3453 competit,
1274 3379 1302 3432 ι.
1316 3369 1439 3449 ιιιιίιρτϋ

259 3448 377 3584 ponitur
387 3449 597 3526 justificationi,
613 3461 718 3512 etcum
729 3473 764 3512 ea
777 3454 1006 3533 inseparabiliter
1019 3455 1162 3531 coheret3
1185 3457 1215 3515 3.
1229 3453 1297 3532 qnia
1309 3457 1350 3510 est
1358 3448 1438 3506 immt·

281 3525 370 3586 iatum
384 3526 517 3587 effectum
533 3529 701 3606 illectionis,
713 3533 791 3608 quod
805 3532 842 3592 de
856 3553 940 3593 cruce
954 3533 1012 3592 dici
1026 3533 1134 3611 nequit
1178 3533 1240 3594 Nee
1254 3531 1279 3592 si
1292 3538 1334 3590 est
1345 3521 1439 3586 vocatio

259 3605 298 3664 ad
311 3604 407 3683 fidem,
422 3607 553 3684 sequitur
574 3609 668 3669 Deum
683 3619 782 3688 gratos
795 3612 932 3674 babuisse
945 3620 1110 3691 peccatores
1123 3622 1277 3691 antequam
1290 3602 1439 3670 mdiderint

259 3704 356 3744 amore
377 3687 600 3764 complacentia,
615 3688 684 3749 licet
705 3690 769 3749 Deo
783 3691 923 3767 placuerit
936 3711 1033 3752 amore
1047 3691 1258 3752 benevolentiae
1270 3692 1345 3768 ipsos
1358 3697 1437 3762 prose·

259 3765 318 3843 qui,
340 3773 374 3825 ut
387 3765 458 3844 ipsis
471 3767 661 3828 benefaceret.
703 3772 732 3828 4.
748 3770 968 3832 Predestinatio
981 3791 1040 3831 non
1054 3773 1112 3832 alia
1124 3781 1220 3850 potest
1233 3765 1351 3844 intelligi
1369 3775 1438 3840 qwss

259 3865 294 3906 ee
307 3865 372 3923 quae
385 3853 464 3906 certo
478 3848 685 3925 conjunctaost
698 3869 764 3908 eum
775 3849 981 3928 justificatione
990 3858 1019 3911 et
1032 3849 1248 3929 glorificatione,
1262 3840 1437 3908 sesecundum

259 3943 346 4000 qnam
369 3925 465 3986 omnia
477 3935 667 4005 cooperentur
680 3928 711 3986 in
724 3929 832 3989 bonurn
854 3929 949 3990 Deum
962 3929 1169 4008 diligentibus:
1190 3927 1267 4008 quod
1279 3927 1315 3986 de
1327 3919 1438 3984 absolun

259 4013 372 4064 tantum
394 4005 453 4065 diei
465 4014 569 4084 potest,
584 4027 642 4067 non
656 4008 694 4067 de
707 4009 894 4068 conditionali
907 4028 994 4087 quam
1008 4009 1123 4088 tingunt
1136 4005 1311 4081 Adversarii,
1321 4019 1379 4081 (1110
1390 4013 1437 4055 ΜΠ

162 4159 165 4167 ¹
260 4084 356 4144 obstat
369 4085 523 4162 quominus
537 4087 621 4147 multi
634 4087 770 4149 deficiant
782 4097 813 4148 et
825 4088 1005 4148 damnentur.

301 4164 380 4223 xn.
402 4169 431 4224 n.
446 4165 496 4224 se
511 4167 586 4245 aps.
601 4167 621 4226 i.
636 4171 664 4243 ι,
681 4167 834 4245 romeam
854 4168 998 4245 egeant
1009 4168 1111 4228 seue
1128 4187 1211 4246 pose
1232 4165 1314 4225 essm
1326 4156 1387 4236 engi
1405 4150 1435 4244 ιι

260 4243 452 4304 sanctitatem.
495 4245 531 4304 R.
546 4246 621 4321 Quia
634 4247 690 4306 hoc
704 4247 767 4324 ipso
780 4247 860 4324 quod
874 4256 941 4307 sunt
954 4246 1063 4324 fideles,
1075 4249 1137 4326 jam
1151 4251 1342 4327 supponuntur
1349 4241 1433 4302 sanct,

260 4320 402 4398 siquidem
425 4322 497 4382 fides
517 4325 650 4401 purificat
664 4325 770 4386 corda:
803 4327 927 4386 Etcum
952 4326 981 4384 A
1021 4327 1113 4388 stolus
1133 4316 1435 4388 ιιοιιοιιιιιιιιιιιιθῒῑθῦθ8

260 4417 360 4458 omnes
374 4401 538 4536 spirituales
560 4403 622 4463 dari
636 4405 721 4464 nobis
743 4405 773 4463 in
787 4403 902 4465 Christo
922 4425 959 4465 ex
982 4347 1141 4482 blectione,
1162 4405 1226 4465 inde
1240 4395 1385 4486 nemestri⁰
1396 4407 1432 4446 ιι·

259 4476 365 4552 quitur,
401 4479 467 4538 dem
482 4501 546 4557 quae
560 4484 695 4559 primaria
705 4493 751 4543 est
764 4504 801 4542 ex
812 4483 871 4544 illis
884 4485 1142 4562 benedictionibus,
1154 4487 1239 4546 fluere
1252 4501 1287 4540 ex
1297 4477 1432 4561 elaeone:

261 4551 322 4609 Nec
345 4556 371 4612 si
395 4557 556 4632 Apostolus
579 4562 708 4638 loquitur
730 4563 765 4621 de
786 4563 926 4624 electione
954 4567 1096 4644 completa
1120 4565 1300 4642 singulorum,
1323 4555 1432 4644 sequitur

260 4645 359 4688 omnes
375 4633 524 4711 Ephesios,
540 4639 578 4696 sd
602 4659 674 4716 quoa
696 4642 804 4720 scribit,
826 4642 960 4704 debuisse
981 4663 1044 4705 esse
1063 4645 1189 4720 electos;
1219 4639 1283 4718 quit
1295 4637 1430 4693 ¹⁰⁰W⁰¹¹⁰⁸
