3152 5178
244 373 301 434 184
720 385 812 430 nouus
825 387 960 430 rnerrus.
1271 361 1401 447 [curaer.
1417 385 1449 427 x.

520 595 522 598 ,
545 527 619 590 VII.
641 529 714 589 Tres
733 528 872 607 temporis
892 526 1060 587 differentia
1080 525 1247 585 tribuuntur
1263 526 1336 602 Deo,
1353 526 1450 604 Apoc.

283 599 451 705 Popiffilu·
505 611 568 687 tl,
588 629 678 688 quum
691 608 797 669 dieitur
810 611 822 666 t
837 608 876 676 t..
890 615 935 668 ul
949 611 961 667 ὅ
975 605 1008 682 ἦν,
1024 609 1094 666 aeti
1116 605 1247 688 ιςχιμιιος,
1262 608 1314 683 qui
1331 603 1379 683 ιιι,
1402 608 1456 684 qai

247 725 252 730 ·
416 689 422 703 '
506 700 577 766 erat,
593 699 620 748 at
638 689 689 767 qui
705 697 838 748 ventam
851 698 898 764 cet,
914 707 973 748 non
986 688 1158 764 formaliter,
1175 687 1227 746 sed
1245 687 1406 762 mmmm,
1423 695 1454 746 et

245 773 446 851 tstgmutte,
460 779 494 831 ut
508 769 688 830 describatur
706 769 762 828 hoc
780 767 867 828 modo
880 779 1027 845 utcunque
1042 766 1098 826 Dei
1118 766 1272 842 eternitas,
1291 786 1350 825 non
1365 767 1454 825 debesa

246 852 330 930 quasi
343 849 380 910 de
393 851 445 909 illo
459 851 624 910 successive
637 849 837 928 prodiconun,
853 848 905 908 sed
914 849 1030 908 indam
1044 846 1113 924 qnia
1123 847 1180 905 Dei
1193 847 1341 906 eternitas
1355 847 1455 906 omnia

246 941 376 1009 tempore
390 931 476 988 simul
490 929 706 1008 complectitur3
729 929 771 988 sie
785 927 941 988 affirmatur
953 927 1138 1006 praeteritum,
1154 925 1206 986 sed
1220 926 1282 985 sine
1295 927 1454 1004 negatione

246 1010 397 1090 praesentis
410 1017 440 1069 et
453 1009 551 1086 firturi,
567 1017 597 1069 et
615 1007 752 1068 asseritur
771 1026 907 1086 praesens,
930 1007 982 1068 sed
1004 1008 1066 1066 sine
1084 1007 1240 1085 negatione
1262 1006 1401 1084 preteriti
1424 1015 1455 1066 at

247 1090 344 1166 futuri,
360 1089 439 1168 quod
448 1091 566 1168 Auqaet.
577 1095 653 1149 tract
666 1090 714 1164 99,
729 1087 760 1146 in
770 1088 878 1148 Joheu.
892 1088 967 1147 bene
980 1086 1116 1164 explicet,
1133 1089 1151 1120 “
1162 1085 1332 1160 Quamvis,’'
1347 1085 1453 1163 inquit,

249 1175 267 1206 ‘⁴
278 1179 382 1230 nature
394 1169 446 1228 illa
459 1168 648 1229 immutabilis
658 1177 688 1227 et
698 1166 861 1244 ineffabilis,
876 1187 935 1226 non
946 1167 1066 1244 recipiat
1071 1167 1133 1242 fiet
1139 1167 1188 1226 vel
1198 1166 1260 1242 erit,
1273 1164 1326 1224 sed
1339 1173 1456 1225 tantum

248 1259 296 1327 est,
319 1258 417 1309 muron
440 1259 558 1327 propter
579 1247 802 1308 mutabilitatem
823 1255 993 1325 temporum,
1017 1246 1048 1304 in
1069 1245 1174 1322 quibus
1195 1253 1331 1304 versetur
1353 1253 1457 1304 nostm

248 1329 409 1388 mortalitas
423 1338 453 1388 et
466 1327 652 1403 mutabilitas,
667 1346 726 1386 non
739 1325 917 1386 mendaciter
930 1325 1062 1400 dicimus,
1077 1334 1130 1399 est,
1145 1325 1208 1400 fuit,
1224 1325 1331 1400 eterit,
1346 1323 1402 1383 init
1423 1326 1455 1383 in

248 1408 402 1488 preteritis
416 1408 529 1483 seculis,
550 1415 594 1467 est
613 1407 645 1464 in
657 1407 856 1484 presentibus,
878 1407 933 1465 erit
953 1405 984 1464 in
1003 1405 1125 1481 luurris;
1147 1405 1202 1464 furit
1214 1405 1284 1482 quia
1304 1423 1457 1482 nunqnam

249 1489 348 1564 defuit,
365 1488 419 1547 erit
432 1487 501 1564 quia
513 1503 661 1563 nunquam
675 1485 775 1563 deerit,
790 1494 836 1545 est
849 1486 917 1563 quia
931 1504 1044 1563 semper
1057 1485 1130 1544 est.''

290 1568 382 1627 VIII.
404 1567 469 1626 Etsi
490 1567 635 1625 aetemitas
655 1565 797 1625 onixistat
814 1565 948 1625 omuibus
966 1573 1128 1642 temporum
1142 1562 1320 1640 differentiis,
1335 1583 1395 1622 non
1408 1581 1457 1624 se·

250 1648 348 1726 quitur
361 1644 477 1706 easdem
491 1645 567 1705 inter
580 1665 611 1705 sc
625 1645 794 1722 coexistere,
810 1645 878 1724 quia
891 1665 951 1704 non
964 1644 1099 1704 codxistit
1112 1644 1171 1703 illis
1186 1643 1271 1702 simul
1289 1643 1412 1720 sumptis
1426 1652 1459 1703 et

251 1727 338 1788 simul
351 1725 552 1800 existentibus,
571 1724 623 1784 sed
644 1724 780 1785 coexistit
799 1725 859 1784 illis
872 1724 989 1784 divisim
1003 1724 1195 1784 existentibus
1209 1731 1239 1783 et
1252 1723 1309 1782 sibi
1329 1723 1457 1782 invicem

252 1805 490 1882 succedentibus,
513 1805 555 1865 sic
568 1804 746 1884 praeteritum
759 1805 829 1866 dum
843 1805 906 1882 fuit,
922 1805 1055 1864 cobxtitit
1068 1803 1230 1880 aeternitati,
1245 1821 1373 1882 presens
1392 1802 1458 1882 jam

251 1886 394 1962 eutixistit,
410 1894 440 1944 et
452 1885 581 1945 fiturum
595 1885 745 1944 co'e'xistet.

294 1967 354 2026 IX.
376 1967 447 2042 Quae
462 1965 638 2025 conveniunt
658 1965 689 2023 in
701 1984 760 2024 uno
774 1963 867 2041 tertio,
883 1983 919 2024 ea
932 1964 1108 2025 conveniunt
1128 1963 1203 2023 inter
1216 1982 1255 2038 se,
1271 1960 1324 2022 sed
1344 1970 1460 2022 tautum

252 2046 384 2126 ejusdem
405 2045 483 2107 tertii
503 2053 645 2123 respectu.
687 2044 735 2104 Ita
755 2064 854 2104 omnes
874 2045 1011 2122 temporis
1031 2043 1199 2103 differentise
1220 2043 1251 2101 in
1273 2063 1308 2102 eo
1331 2041 1407 2102 inter
1427 2063 1462 2103 se

253 2127 438 2204 conveniunt,
454 2125 533 2203 quod
546 2143 725 2202 unaqueque
736 2143 835 2184 earum
845 2143 935 2201 quum
945 2124 1053 2200 existit,
1069 2123 1204 2183 cotxistit
1217 2122 1271 2182 toti
1285 2123 1461 2200 aeternitati3

253 2207 306 2267 sed
327 2227 386 2265 uon
407 2205 514 2264 debent
533 2205 609 2264 inter
630 2223 661 2263 se
681 2202 748 2262 ideo
768 2204 931 2280 convenire,
952 2213 986 2264 ut
1008 2202 1093 2264 simul
1115 2203 1284 2278 eotxistant,
1307 2202 1377 2280 quia
1398 2211 1464 2262 tcta

254 2287 401 2346 eternitas
420 2285 479 2343 illis
499 2303 558 2342 nou
572 2282 705 2342 coixistit
718 2282 805 2342 simul
825 2284 956 2362 sumptis,
972 2283 1024 2343 sed
1044 2283 1160 2341 divisim
1179 2289 1266 2360 prout
1285 2291 1389 2342 mutuo
1403 2283 1463 2342 sibi

253 2365 420 2440 succedunt,
442 2371 476 2423 ut
498 2362 549 2421 Sol
569 2369 599 2422 et
617 2371 713 2424 motus
735 2363 798 2440 ejus
819 2363 984 2422 cotxietunt
1004 2362 1138 2422 omnibus
1159 2361 1261 2421 diebus
1282 2362 1383 2438 seculi,
1405 2381 1464 2422 nec

253 2453 351 2504 tamen
364 2443 432 2501 inde
446 2442 576 2518 sequitur
584 2461 634 2501 eos
645 2461 745 2500 omnes
757 2441 834 2501 iuter
847 2461 878 2501 se
889 2442 1057 2520 cottxistere,
1073 2442 1142 2520 quia
1150 2442 1273 2520 quisque
1283 2441 1348 2501 dies
1362 2441 1393 2500 in
1407 2461 1464 2503 suo

254 2523 354 2585 ordine
368 2521 504 2582 enixistit
517 2541 583 2579 cum
597 2519 666 2596 sole,
681 2519 731 2597 qui
746 2540 858 2598 semper
871 2528 916 2580 est
929 2520 1015 2582 idem.

296 2605 338 2662 X.
361 2603 443 2661 Licet
463 2609 577 2678 tempus
591 2600 733 2659 coexistat
751 2601 805 2659 toti
826 2601 987 2678 atemitati,
1009 2622 1068 2661 non
1088 2601 1218 2679 sequitur
1231 2608 1371 2661 ueternum
1386 2621 1462 2678 esse,
1561 2613 1562 2616 ’

233 2731 234 2736 ,
254 2685 324 2762 quia
344 2683 401 2740 ista
421 2680 600 2740 coemetentia
620 2699 678 2737 non
699 2687 743 2739 ast
763 2683 924 2758 woepaata,
945 2683 1027 2759 quasi
1048 2691 1145 2742 esseut
1161 2681 1292 2760 ejusdem
1305 2693 1418 2742 naturae
1433 2691 1464 2742 et

255 2762 425 2837 durationis,
447 2761 499 2820 scd
520 2761 702 2837 iaadoeqaata
725 2760 767 2819 rei
789 2768 819 2820 et
838 2761 936 2839 quoad
956 2771 1089 2822 neutram
1110 2770 1141 2822 et
1161 2761 1257 2839 quoad
1278 2761 1464 2822 deustionem
1561 2829 1562 2851 ,

255 2843 341 2924 plane
354 2843 564 2920 heterogeucae.

297 2923 358 2982 XI.
380 2921 543 2982 AEternitas
559 2919 614 2981 Dei
627 2918 814 2980 indivisibilis
828 2921 1028 3000 complectitur
1041 2921 1137 2981 omnia
1149 2929 1280 3000 tempore
1292 2919 1462 2998 divisibilia,
1561 2943 1562 2946 ¹

256 3023 316 3063 non
336 3003 506 3063 retransire
525 3000 574 3061 vel
588 3001 761 3077 scrutatr'ter,
786 3001 838 3062 sed
859 3002 1009 3062 omnenter
1030 3011 1060 3061 et
1083 3003 1303 3075 inimicibiliter,-
1324 3010 1357 3061 ut
1379 3001 1462 3061 Deus

257 3085 414 3144 immensus
429 3081 628 3160 complectitur
647 3081 840 3141 immensitate
859 3101 912 3142 sua
932 3101 1031 3142 omnes
1051 3081 1152 3142 mundi
1171 3091 1268 3159 partes
1282 3090 1420 3141 extensae
1434 3089 1464 3142 et

258 3164 428 3237 divisibiles,
442 3163 512 3222 licet
526 3182 579 3221 sua
591 3170 694 3221 natura
707 3161 746 3220 sit
759 3161 952 3238 indivisibilis,
968 3162 1036 3240 quie
1048 3162 1212 3239 ubicunque
1226 3169 1278 3235 est,
1294 3170 1375 3220 totus
1389 3171 1443 3222 est

300 3245 377 3302 XII.
399 3245 538 3304 Hiertam
554 3242 602 3302 vel
623 3249 668 3301 est
688 3242 924 3324 Motteruatirum,
947 3241 1026 3319 quod
1046 3249 1091 3302 est
1110 3241 1283 3320 principium
1305 3241 1392 3300 liuese
1414 3249 1464 3301 aut

258 3323 413 3400 temporis;
435 3323 484 3381 vel
504 3322 653 3398 Ptpeicum
670 3330 700 3380 et
709 3321 873 3398 'Politicam
894 3321 1065 3381 brevissima
1085 3341 1124 3381 so.
1146 3322 1286 3396 extensio,
1308 3321 1359 3379 vel
1379 3322 1464 3380 molis

258 3402 308 3460 vel
328 3400 481 3478 temporis;
504 3402 553 3460 vel
566 3401 797 3476 Metoptyeieam,
812 3401 891 3479 quod
911 3409 993 3460 notat
1011 3401 1188 3460 extensionis
1204 3410 1234 3460 et
1254 3399 1465 3461 divisibilitatis

259 3480 459 3558 negationem,
481 3479 537 3538 hoe
557 3480 641 3538 tertio
663 3499 750 3539 sensu
769 3501 829 3540 non
849 3489 895 3541 est
913 3480 1071 3540 absurdum
1090 3481 1230 3541 mundum
1250 3487 1280 3540 et
1297 3489 1415 3560 tempus
1435 3481 1466 3540 iu

259 3568 366 3639 puncto
381 3557 548 3618 eternitatis
562 3559 711 3618 contineri.

302 3639 396 3698 XIII.
420 3637 515 3713 Quum
534 3638 614 3698 mille
627 3639 696 3697 anni
716 3639 852 3700 dicuntur
871 3660 935 3701 esse
956 3659 1052 3702 cerem
1066 3640 1191 3700 Domino
1212 3639 1288 3700 sicut
1301 3659 1379 3700 unus
1393 3640 1465 3716 dies,

262 3721 311 3780 Ρι.
326 3739 373 3779 xc.
388 3721 417 3777 4.
430 3737 489 3777 non
503 3725 615 3779 tantum
629 3719 726 3796 agitm
739 3719 776 3780 de
790 3721 988 3797 estimatione,
1003 3720 1082 3798 quod
1096 3720 1176 3781 Deus
1190 3739 1248 3779 uon
1268 3719 1363 3798 pluris
1379 3721 1468 3780 meiat

261 3801 341 3859 mille
355 3818 445 3858 annos
459 3818 545 3877 quem
560 3798 637 3857 diem
656 3819 753 3876 unum,
773 3800 825 3859 sed
845 3801 932 3860 etiam
952 3801 989 3860 da
1010 3800 1162 3860 collatione
1183 3807 1289 3860 nostru
1304 3800 1467 3860 durationis

260 3901 328 3959 quae
342 3887 386 3940 est
400 3881 521 3960 ἔφιμιςος,
537 3897 602 3939 cum
617 3878 717 3938 diviua
729 3899 794 3956 quae
805 3888 850 3940 est
860 3889 979 3957 eeterua3
994 3889 1027 3939 ut
1041 3880 1177 3940 innuatur
1187 3880 1282 3940 Deum
1296 3889 1398 3940 nostro
1408 3899 1468 3940 non

262 3981 326 4021 asse
348 3959 524 4020 metiendum
545 3959 627 4036 pede,
649 3960 733 4036 quasi
756 3959 882 4020 tardaret
903 3961 1055 4039 promissio
1077 3961 1148 4037 ejus,
1173 3960 1229 4020 etsi
1253 3959 1345 4019 serius
1368 3969 1469 4019 nostru

260 4040 372 4120 jndicio
385 4040 554 4118 implentum
576 4039 645 4116 quia
659 4039 740 4099 Deus
753 4059 813 4098 non
826 4039 974 4116 subjaccat
987 4039 1055 4099 ullis
1069 4041 1206 4119 temporis
1219 4038 1399 4116 differentiis,
1416 4038 1469 4100 sed

262 4120 343 4180 mille
356 4121 425 4179 anni
438 4139 534 4180 coram
550 4119 613 4178 Deo
627 4118 685 4178 sint
697 4119 788 4178 instar
801 4119 887 4178 unius
901 4118 967 4179 diei.

305 4201 395 4261 XIV.
419 4201 499 4260 Deus
519 4198 625 4258 dicitnr
638 4198 776 4276 Antiquae
790 4200 919 4274 Dimum,
941 4219 1000 4258 non
1017 4198 1098 4336 guod
1118 4198 1198 4259 senio
1213 4198 1251 4258 sit
1264 4197 1423 4276 confectus,
1438 4205 1468 4258 et

263 4289 344 4340 satur
357 4281 449 4354 auide,
464 4289 498 4339 ut
513 4279 654 4338 Saturnus
668 4279 866 4353 Ethnicorum,
887 4277 939 4338 sed
958 4298 1016 4356 qno
1057 4279 1159 4338 diebus
1179 4279 1259 4356 ipsis,
1279 4287 1309 4338 et
1322 4278 1468 4338 natahbus

262 4361 402 4436 temporis
416 4359 454 4419 sit
467 4360 545 4436 prior
559 4367 588 4419 et
601 4358 754 4436 antiquior.
795 4359 866 4417 Dies
879 4377 949 4435 ergo
963 4369 993 4418 et
1005 4360 1076 4418 anai
1094 4358 1137 4417 illi
1150 4379 1209 4418 non
1222 4359 1390 4418 tribuuntur
1401 4377 1467 4436 pro·

264 4439 335 4515 prie,
351 4435 402 4497 sed
416 4439 678 4517 anthropopathice,
694 4437 762 4515 quis
775 4458 829 4497 nos
842 4438 892 4515 qui
906 4439 936 4497 in
950 4447 1078 4516 tempore
1091 4457 1249 4516 versemur,
1271 4439 1345 4498 nihil
1365 4459 1466 4517 possu-

261 4529 330 4574 'mus
344 4517 493 4594 concipere
508 4519 564 4577 nisi
578 4539 630 4595 per
643 4519 726 4595 ηάσιι
740 4518 778 4576 sd
791 4527 912 4596 tempus,
928 4518 959 4576 in
972 4539 1030 4596 quo
1045 4539 1152 4579 sumus.

306 4593 379 4654 XV.
402 4594 524 4671 Quando
538 4599 665 4662 acdones
680 4599 736 4658 Dei
749 4598 983 4676 considerantum
1004 4599 1053 4662 vel
1065 4608 1099 4661 ut
1111 4598 1271 4678 praeteritae,
1286 4599 1336 4658 vel
1349 4608 1383 4658 nt
1395 4617 1466 4677 pree·
1561 4597 1562 4660 3

267 4681 371 4750 sentes,
386 4675 435 4733 vel
448 4684 481 4734 ut
494 4675 614 4754 futurem
636 4679 691 4738 hoc
704 4677 810 4738 dicium
823 4697 880 4739 non
894 4678 1005 4740 ratione
1019 4678 1176 4755 efficientis,
1192 4678 1244 4737 sed
1258 4677 1424 4738 effectorum
1438 4686 1467 4736 at
1561 4675 1562 4734 T
