3152 5178
92 423 185 475 eumn.
199 401 265 486 xm]
491 423 531 464 nn
545 420 604 464 nno
618 423 688 484 uuo,
703 423 741 465 sn
755 421 855 466 remo.
1017 427 1019 433 ·
1218 409 1278 466 219

91 565 185 626 erce
197 564 302 624 umoris
317 572 390 624 sunt
402 574 432 626 et
444 553 535 626 multe
548 586 676 642 numero,
692 573 721 626 et
740 585 847 644 msgne
866 565 1025 644 dignitate3
1046 564 1188 624 beneficis
1201 565 1279 625 scili-

88 656 126 704 cet
142 646 231 703 omnio
250 643 364 720 quibus
386 645 463 705 selus
483 647 514 704 in
533 647 588 706 hec
608 647 670 706 vite
690 647 842 706 inchoetur
861 655 891 704 et
910 645 1057 722 perficitur
1076 645 1107 702 in
1128 645 1227 720 ultera,
1249 655 1280 706 et

89 724 155 803 quod
165 724 289 784 omnium
312 723 520 785 beneficiorum
529 734 615 804 ceput
628 734 673 785 est
686 735 716 786 et
730 745 850 802 summe,
866 725 923 785 Dei
936 725 1027 805 ipsius
1041 724 1158 802 donum,
1174 725 1225 803 qui
1246 745 1278 784 se

88 805 158 863 nobis
169 803 320 863 fruendum
336 807 412 865 etin
426 807 520 884 gretie
532 815 562 866 et
575 806 606 864 in
619 806 713 884 glorie
725 805 844 884 praebet.

377 885 450 944 VII.
459 885 1028 964 AmommexcipittlramexqueDeus
1036 883 1142 944 dicitnr
1151 903 1199 962 prr
1207 905 1279 961 qra-

334 965 422 1025 tioeus
432 965 527 1025 Exod
539 965 643 1024 xxxiv.
657 985 709 1043 per
722 985 809 1043 quem
823 965 984 1043 concipitur
992 965 1081 1040 Deus,
1091 973 1124 1024 ut
1134 965 1237 1024 volens
1248 984 1280 1024 se

84 1045 279 1105 communicare
294 1045 445 1106 Cresturae
459 1066 498 1105 ex
514 1065 611 1104 emere
624 1045 752 1122 gratuito
772 1045 845 1104 citrn
863 1045 956 1104 ullum
971 1044 1115 1104 Oresturc
1134 1044 1279 1120 meritum,

337 1134 370 1185 et
382 1146 442 1185 non
455 1124 588 1186 obstante
601 1126 666 1204 ejus
680 1125 828 1184 demerito.
855 1123 994 1184 Biferiem
1008 1119 1105 1184 nutem
1119 1124 1193 1183 solet
1206 1145 1280 1202 prae·

237 1191 316 1240 ’ω’
338 1207 424 1284 cipue
446 1205 537 1282 sumi;
566 1206 615 1265 vel
634 1205 768 1280 affective,
783 1205 827 1265 uti
840 1205 1005 1282 loquuntur,
1021 1204 1061 1263 id.
1076 1205 1187 1262 ratione
1201 1215 1282 1263 nctus

337 1286 443 1346 interni
453 1286 485 1343 in
499 1286 579 1362 Deo;
601 1285 651 1345 vel
663 1285 783 1360 egt'ective
795 1284 907 1344 ratione
927 1287 1085 1359 effectorum
1098 1303 1163 1361 quse
1177 1283 1215 1342 ed
1228 1304 1280 1343 ex·

85 1375 121 1426 tre
131 1367 260 1446 producit
274 1368 307 1427 in
323 1365 491 1426 Cresturis:
507 1363 617 1424 Illeest
629 1365 704 1442 erge
713 1383 775 1442 nos,
785 1373 815 1425 et
833 1363 871 1423 ed
885 1385 949 1424 cem
962 1379 1015 1423 nos
1029 1363 1169 1423 hebemus
1182 1364 1280 1442 objec-

85 1447 322 1524 tive31eteestin
333 1444 979 1522 nobis,etedeemhebemusnossubjective.
1001 1443 1094 1502 Priori
1103 1463 1189 1503 sensu
1199 1451 1282 1504 notet

88 1527 132 1584 Dei
137 1530 267 1602 fauorem
280 1535 313 1587 et
327 1526 552 1600 benevolentiam,
565 1544 617 1584 seu
626 1525 782 1602 benignam
791 1533 821 1585 et
830 1543 1002 1603 propensam
1016 1525 1080 1602 ejus
1090 1523 1280 1600 voluntatem,

86 1607 166 1665 omnis
178 1607 341 1667 liberaliter
355 1613 386 1666 et
400 1605 498 1684 gretie,
517 1625 577 1663 non
597 1624 636 1664 ex
655 1605 757 1664 merito
770 1614 878 1680 nostro,
893 1604 943 1664 vel
963 1604 1061 1664 debito
1082 1622 1135 1662 suo
1154 1603 1285 1680 lnrgien¹⁴

87 1695 148 1762 ten;
167 1705 230 1764 que
243 1686 367 1762 iterum,
386 1687 436 1745 vel
455 1685 550 1745 innuit
571 1683 771 1761 favoremque
791 1704 845 1744 nos
859 1685 896 1744 ab
911 1692 1017 1744 eterno
1031 1683 1135 1742 dilexit
1150 1693 1179 1742 et
1193 1683 1282 1760 elegit

87 1765 116 1822 ed
127 1767 285 1844 vitemquo
300 1785 393 1827 sensu
407 1766 510 1825 electio
523 1774 644 1824 vocetur
657 1766 750 1824 electio
761 1765 873 1842 pratee,
890 1765 974 1824 Rom.
989 1763 1030 1824 xi.
1045 1765 1073 1839 5,
1089 1771 1118 1822 et
1132 1763 1207 1840 Eph.
1219 1763 1239 1822 i.
1251 1765 1279 1839 6,

87 1843 190 1910 domur
199 1848 407 1923 pradestinati
417 1849 459 1918 ad
471 1847 583 1905 luem
590 1845 691 1923 plotio
698 1846 801 1922 orabo
810 1865 876 1920 enoe,
889 1844 928 1903 id.
940 1843 1074 1922 gloriose
1088 1862 1148 1902 suec
1162 1843 1280 1919 gretioe3

88 1925 127 1982 vel
138 1945 197 1984 enm
211 1947 269 2004 quo
284 1947 342 1986 nos
363 1928 394 1984 in
414 1934 542 2004 tempore
557 1934 657 2002 gratos
676 1925 765 1984 hebet
785 1932 815 1984 et
835 1933 969 2001 acceptos
981 1922 1012 1980 in
1027 1921 1103 1980 Filio
1118 1921 1281 1981 dilectionis

87 2022 142 2080 sne,
156 2025 210 2082 quo
230 2007 422 2084 potissimum
436 2025 523 2065 sensu
536 2006 622 2066 toties
640 2005 768 2081 pradum
787 2013 815 2062 et
830 2022 931 2079 pacem
944 2009 1078 2079 precetur
1090 2000 1226 2060 fidelibus
1244 2001 1282 2060 ed

89 2103 148 2158 qnos
160 2086 256 2146 scribit
271 2087 449 2165 Apostolus,
465 2085 505 2145 id.
519 2095 581 2146 tum
595 2085 724 2143 savorem
738 2092 767 2143 et
787 2082 1019 2142 benevolentiam
1033 2081 1098 2156 Dei,
1114 2088 1177 2139 tum
1190 2081 1282 2138 omni-

88 2182 150 2236 gena
161 2165 222 2243 ejus
232 2165 352 2242 effecta,
362 2187 428 2244 quae
437 2166 520 2242 paese
533 2165 649 2224 nomine
663 2184 701 2223 ex
710 2163 857 2222 idiotismo
867 2161 1058 2221 Hebraeorum
1072 2158 1282 2238 significentur.

90 2241 184 2303 lolem
196 2265 293 2324 sensu,
311 2247 402 2306 Rom.
416 2246 457 2305 iii.
472 2250 531 2322 243
554 2245 625 2304 Luc.
640 2245 659 2304 i.
675 2246 734 2320 303
755 2243 813 2302 Tit.
827 2243 869 2302 iii.
887 2247 915 2318 7,
931 2241 1032 2319 gretioe
1047 2240 1103 2300 Dei
1116 2239 1150 2299 fit
1163 2239 1281 2298 mentio.

382 2325 473 2384 Vlll.
496 2325 653 2384 Posteriori
674 2343 761 2384 sensu
784 2323 890 2385 Grato
913 2321 1045 2382 effective
1066 2327 1181 2398 sumpte
1201 2327 1284 2380 notet

310 2408 475 2488 χειρὶ-μω
488 2406 585 2465 omnia
600 2403 725 2483 Spiritus
740 2403 771 2463 S.
786 2403 876 2482 gratis
890 2402 974 2462 uobis
994 2422 1013 2462 e
1033 2401 1097 2460 Deo
1111 2400 1198 2475 dcta3
1219 2399 1282 2460 sive

94 2485 309 2565 udineriafidei,
322 2487 388 2565 spei
402 2495 431 2547 ct
444 2485 593 2546 charitatis
606 2483 645 2544 ed
656 2484 801 2562 propriam
815 2484 955 2562 cujusque
970 2483 1100 2556 edutem,
1112 2499 1178 2558 quae
1186 2479 1218 2538 in
1229 2500 1282 2539 vo·

94 2563 195 2640 cutione,
206 2567 408 2642 conversione,
418 2564 758 2627 etsentificetionenobis
772 2564 965 2638 conferuntur,
972 2583 1030 2640 quo
1044 2581 1132 2622 sensu
1141 2581 1201 2620 vox
1215 2579 1281 2637 grn-

95 2639 132 2699 fioe
143 2655 298 2724 usurpetur,
316 2652 335 2707 1
350 2648 415 2707 Gor.
426 2665 477 2706 xv.
494 2648 541 2722 10,
560 2645 635 2723 Eph.
650 2645 679 2703 ii.
696 2647 723 2720 7,
738 2645 777 2718 8;
799 2644 862 2704 sive
875 2642 1103 2703 extraordinarie
1116 2649 1147 2700 et
1158 2640 1283 2700 miremu-

96 2718 147 2779 lose
165 2723 200 2782 ed
226 2746 413 2788 communem
432 2726 522 2786 totius
546 2725 686 2784 Ecclesiae
706 2723 933 2798 aedificationem,
957 2741 1022 2801 quse
1043 2721 1144 2800 gretie
1165 2719 1283 2779 nomine

95 2797 271 2882 designantur,
289 2812 305 2866 1
324 2808 392 2868 Gor.
407 2806 458 2866 xii.
473 2809 501 2881 4,
518 2809 546 2882 7,
562 2807 598 2882 8;
621 2805 696 2883 Eph.
716 2804 756 2862 iv.
772 2808 799 2863 7.
843 2803 1015 2884 Scholastici
1028 2802 1105 2860 done
1118 2801 1175 2860 istc
1188 2799 1285 2859 solent

96 2883 192 2942 nonne
203 2888 306 2962 mutia
317 2887 414 2965 pratris
427 2889 502 2946 datoe
515 2884 662 2962 insignire,
678 2883 735 2943 elie
751 2903 821 2944 vero
835 2885 950 2942 nomine
962 2882 1065 2959 pretim
1082 2889 1199 2958 pratum
1205 2879 1281 2956 faoi·

97 2961 152 3018 tutis
159 2985 171 3035 ,·
185 2963 241 3023 Sed
253 2986 416 3046 perpetum,
429 2975 491 3026 tum
505 2965 573 3043 qtn'c
587 2964 663 3023 donc
676 2963 821 3023 ordinaris
833 2982 892 3021 non
905 2962 1001 3020 minus
1015 2960 1126 3020 caeteris
1140 2967 1208 3018 sunt
1216 2978 1282 3035 grn-

97 3037 128 3097 ¹3⁵
138 3039 206 3120 dete,
218 3053 280 3105 tum
290 3047 364 3126 quin
377 3067 435 3105 non
448 3053 570 3124 possunt
583 3063 636 3103 nos
651 3051 750 3121 gretes
771 3043 834 3101 Deo
848 3042 950 3115 fecere,
966 3039 1045 3117 quod
1059 3039 1122 3097 sole
1140 3037 1234 3115 gretie
1254 3045 1285 3096 et

350 3127 465 3206 justitie
478 3125 586 3186 Christi
603 3123 689 3182 nobis
706 3122 848 3200 imputate
860 3119 956 3180 efficit.
971 3119 1079 3176 Melius
1098 3136 1167 3194 ergo
1185 3117 1284 3192 profic

109 3181 311 3296 Gffiffimm
343 3215 460 3285 pratum
472 3205 587 3282 sociere
608 3201 841 3263 benevolentiam
863 3199 921 3259 Dei
941 3218 1013 3275 erge
1033 3216 1087 3257 noe
1108 3195 1210 3269 innuit,
1232 3214 1286 3272 per

346 3307 433 3366 quem
447 3305 505 3346 non
518 3305 557 3346 ex
570 3283 677 3344 nostris
695 3281 814 3357 meritis,
837 3279 889 3340 sed
902 3279 1029 3356 gratuiu
1050 3296 1103 3336 suo
1116 3295 1212 3335 umore
1230 3295 1284 3334 noe

102 3369 182 3433 77708
201 3365 268 3427 feeit
287 3369 321 3428 in
343 3367 475 3444 Christ03
496 3385 549 3444 per
565 3364 692 3442 prabum
712 3381 782 3422 vero
799 3361 893 3438 pratri
912 3362 1011 3419 dotum
1031 3365 1168 3417 notentur
1187 3355 1285 3414 omnin

103 3436 164 3498 done
175 3463 233 3520 que
247 3449 340 3525 gretie
353 3446 438 3507 nobis
451 3445 637 3505 conseruntur
649 3463 701 3522 per
716 3440 855 3520 Spiritum
871 3441 901 3501 S.
937 3439 1000 3500 Iste
1012 3447 1110 3498 cutem
1125 3436 1218 3515 gretie
1231 3455 1284 3514 pro

104 3520 220 3584 veiente
233 3537 351 3589 actuum
366 3545 483 3588 suorum
496 3524 685 3602 <intinguitur
697 3524 728 3581 in
741 3531 905 3599 operam
918 3539 969 3580 seu
977 3519 1203 3597 praeventum,
1213 3537 1284 3610 'quae

105 3609 185 3660 noret
194 3607 372 3669 voluntatem
384 3616 418 3668 ut
430 3606 521 3682 velit;
544 3613 574 3664 et
586 3612 789 3680 cooperantem,
804 3611 834 3664 et
846 3603 1058 3680 subsequentem
1069 3619 1134 3679 quse
1148 3597 1235 3659 efficit
1247 3616 1285 3656 ne

109 3673 193 3741 bostra
204 3688 279 3763 velit,
295 3689 333 3748 de
348 3708 405 3766 que
419 3706 471 3746 suo
484 3686 549 3744 loco
563 3691 674 3761 agetur.

140 3757 191 3822 IX.
210 3764 328 3846 Rursus,
344 3768 447 3829 Gratis
460 3765 642 3825 distribuitur
654 3763 686 3821 in
699 3765 888 3822 decernentem
901 3769 931 3821 et
944 3767 1143 3838 exequentem:
1164 3757 1222 3814 Illa
1235 3754 1285 3814 de-

112 3845 175 3898 notet
186 3853 316 3908 eternum
330 3847 387 3907 Dei
400 3845 578 3926 propositum
593 3843 630 3902 de
642 3843 727 3902 nobie
740 3843 883 3920 eligendis
895 3850 962 3901 ente
973 3841 1053 3916 jecto
1068 3836 1169 3896 mundi
1183 3833 1285 3926 lunde-

115 3927 204 4004 Ψθῑὶῑις
224 3925 284 3988 Iste
304 3928 506 4007 complectitur
519 3925 685 3986 universnm
697 3922 828 4000 mysterii
842 3921 926 3980 istius
940 3917 1117 3978 admirabilis
1136 3915 1284 3992 dispense-

116 3999 206 4082 nomm,
218 4007 374 4068 secundum
387 4006 529 4086 graduum
543 4013 573 4064 et
586 4013 747 4082 temporum
756 4002 934 4076 varietatem,
946 4019 1011 4077 quse
1021 4006 1083 4058 tum
1096 3996 1127 4055 in
1142 3993 1285 4070 Redemp-

117 4077 182 4152 l¹⁰¹¹⁶=
194 4090 249 4144 tum
265 4088 295 4147 in
309 4088 479 4162 Vocetione,
491 4083 714 4159 Justificetione,
731 4080 972 4154 sanctificatione,
992 4085 1022 4137 et
1040 4076 1105 4135 eliis
1118 4073 1227 4133 effectis
1239 4093 1286 4164 se-

115 4148 229 4300 {kuffiso
241 4186 311 4246 erge
324 4169 432 4228 electos
446 4185 510 4227 sese
523 4165 625 4241 exerit,
634 4183 721 4242 quem
734 4160 873 4240 predicet
887 4158 996 4218 Paulus
1011 4156 1086 4234 Eph.
1102 4155 1121 4214 i.
1135 4157 1196 4214 ott
1212 4153 1286 4210 Tim.

117 4281 257 4409 Q„
272 4381 329 4424 q„
390 4327 433 4387 x.
449 4324 594 4419 'omnm
622 4323 685 4416 ne.
706 4318 860 4416 consetur
886 4316 951 4411 ejus
968 4313 1191 4398 ,nemen
1246 4311 1290 4406 ue

140 4413 270 4526 nne
299 4427 332 4469 ⁸¹⁸
348 4399 1181 4563 ettaltttttttttttt⁰tt⁰tffit
1193 4392 1290 4532 tt?

119 4565 170 4611 mm
192 4575 342 4642 exercetur,
366 4574 414 4632 ¹ut
449 4565 530 4625 illius
556 4563 679 4624 miseriee
716 4567 873 4622 succurret.
916 4558 989 4617 Haec
1016 4556 1081 4614 Deo
1100 4553 1214 4633 proprie
1240 4553 1291 4613 tri-

121 4625 205 4714 butu,
225 4663 280 4705 non
301 4655 442 4724 qnatenus
465 4645 609 4723 significet
631 4643 759 4702 dolorem
790 4647 960 4717 conceptum
987 4657 1026 4698 ex
1047 4635 1141 4696 aliene
1167 4633 1292 4708 miserie,

121 4711 237 4783 utlocum
255 4725 341 4789 hebet
364 4725 395 4786 in
418 4725 602 4804 bominibus,
623 4723 675 4786 sed
696 4730 840 4804 quatenns
860 4729 942 4783 notet
955 4725 1116 4801 promptem
1129 4724 1159 4777 et
1172 4731 1295 4795 propen-

145 935 227 982 (iretis

85 1193 115 1238 rel
124 1192 228 1238 effective

166 1255 221 1305 ΝΠ

120 2375 153 2420 vel
162 2376 279 2425 effective.
