3152 5178
257 389 315 450 186
769 405 861 447 roone
874 403 1009 446 renerus.
1268 381 1396 464 [eumer.
1411 402 1457 443 ιι.

250 548 281 605 in
295 547 394 607 ordine
414 546 453 606 ed
467 547 641 622 Creatorem,
657 545 726 624 ane
745 565 822 606 nore
841 545 943 606 reletio
963 543 1007 604 illi
1020 542 1150 604 accessit
1192 541 1233 604 Et
1245 541 1343 620 quoed
1362 541 1454 602 ectio·

180 675 183 680 .
250 647 316 686 nem
330 627 533 704 oroandicum
547 627 586 686 eit
599 626 742 686 transiens
755 645 814 684 non
827 625 995 702 immanens,
1007 643 1066 684 nou
1078 631 1139 684 tam
1153 631 1198 683 set
1210 622 1242 682 in
1256 623 1321 682 Deo
1334 643 1422 701 quem
1436 642 1457 683 e

253 707 327 766 Deo.
705 729 706 732 ¹

290 787 346 847 VI.
369 786 450 846 Deus
471 806 522 865 per
542 783 768 845 incarnationem
787 803 846 844 non
866 791 911 844 est
930 790 1076 858 mutetus;
1104 781 1174 860 quie
1186 781 1262 855 edm
1278 800 1346 841 cero
1360 780 1458 842 lectus

248 873 302 940 est,
314 885 372 925 non
386 866 574 926 conversione
587 871 632 924 ub
645 863 724 937 λέγω
738 865 768 923 ἱιι
779 883 901 940 tenuem,
914 863 967 924 sed
979 863 1174 941 assumptione
1189 862 1284 922 cernis
1297 860 1337 921 sd
1345 861 1458 940 hypos-

250 946 336 1004 tasim
377 945 382 966 '
415 973 437 1004 ν.

288 952 477 1086 vniniud
490 1032 536 1084 eet
548 1033 659 1083 metere
678 1025 854 1098 monerem
870 1021 950 1081 eliud
962 1024 1032 1084 celle
1052 1020 1175 1099 alicujus
1196 1019 1238 1080 rei
1251 1020 1457 1080 mentionem.-

250 1102 331 1163 Deus
344 1112 440 1182 potest
454 1104 529 1164 velle
539 1104 683 1162 verimnm
696 1121 791 1162 rerum
805 1101 1002 1176 mutationem,
1018 1110 1050 1161 ut
1063 1101 1273 1160 institutionem
1287 1109 1317 1160 et
1330 1101 1456 1178 ebroge·

248 1183 357 1242 tionem
371 1185 466 1244 cultus
478 1183 610 1260 Levitioi,
621 1182 673 1242 scd
685 1183 836 1241 immutate
844 1190 977 1240 manente
991 1181 1056 1258 ejus
1069 1180 1226 1256 voluntate,
1236 1179 1306 1257 quie
1319 1179 1357 1239 eb
1372 1188 1457 1240 eeter-

249 1281 289 1321 no
309 1263 398 1322 telem
420 1264 608 1323 mutationem
626 1263 689 1340 jem
711 1261 848 1320 decrerit.
892 1261 941 1320 Sic
963 1260 999 1320 eb
1022 1268 1129 1319 esterno
1151 1259 1299 1319 decretum
1321 1258 1392 1318 fecit
1415 1261 1457 1320 de

247 1342 356 1400 mundo
365 1342 489 1402 creando
503 1351 532 1402 et
545 1341 583 1401 ed
593 1350 703 1402 eertum
715 1350 830 1418 tempus
844 1339 1050 1416 conservando,
1062 1338 1115 1398 sed
1127 1348 1229 1417 posteo
1241 1337 1278 1398 de
1292 1359 1327 1398 eo
1342 1339 1458 1399 diluvio

247 1421 404 1498 perdendo.
439 1421 552 1482 Eodem
565 1421 651 1480 modo
665 1421 703 1480 de
717 1419 837 1480 scientie
850 1418 1079 1479 retiocinendum
1093 1427 1156 1495 eet3
1179 1418 1307 1496 cognitio
1322 1419 1380 1477 Dei
1392 1438 1456 1479 non

247 1509 375 1560 mutetur
388 1520 454 1561 oum
467 1521 498 1560 rc
513 1501 637 1578 cognite,
652 1499 721 1577 quie
736 1501 816 1558 Deus
830 1499 881 1576 qui
894 1518 958 1558 eem
971 1499 1062 1574 novit,
1077 1517 1136 1557 non
1150 1497 1236 1558 modo
1253 1499 1366 1558 eoiebst
1378 1499 1457 1559 hunc

247 1581 436 1639 mutationem
450 1580 584 1656 futurem,
600 1579 653 1638 sed
665 1579 753 1639 etiem
765 1599 831 1638 eem
844 1579 1021 1638 decreverat.

288 1659 379 1718 VIII.
402 1659 494 1718 Aliud
515 1669 559 1718 est
579 1678 643 1718 eese
657 1659 861 1733 indfflcrcntem
880 1658 919 1717 ed
932 1658 1013 1716 rerie
1026 1656 1157 1734 objectu;
1190 1655 1283 1716 Aliud
1296 1677 1369 1716 vero
1389 1677 1456 1718 eece

245 1740 413 1798 mutabilem.
456 1740 550 1798 Oeuee
563 1737 765 1798 indifferentiee
777 1745 895 1798 nonest
912 1736 1098 1814 mutabilius,
1115 1737 1167 1798 sed
1179 1737 1319 1814 libertes;
1347 1737 1455 1798 volun-

245 1825 291 1876 tee
306 1818 362 1877 Dei
375 1818 470 1896 potuit
478 1837 541 1879 csse
554 1817 721 1878 indifferens
735 1825 802 1878 ente
815 1817 971 1894 decretum,
984 1816 1037 1878 sed
1049 1824 1116 1895 poet
1129 1815 1277 1877 dometium
1287 1835 1347 1877 non
1356 1825 1457 1895 potest

247 1916 312 1956 csse
325 1899 483 1958 mutabilis.

288 1978 348 2038 IX.
370 1979 503 2038 Potestee
516 1977 649 2038 veniendi
667 1985 750 2039 ectus
770 1997 847 2053 suos,
869 1995 928 2036 nou
948 1983 993 2036 eet
1012 1975 1185 2054 principium
1203 1974 1410 2036 mutabilitatis
1423 1975 1456 2034 in

246 2075 287 2132 ee,
309 2057 361 2117 sed
374 2067 487 2118 tentum
507 2059 537 2117 in
551 2059 673 2138 obJeotis
687 2059 756 2135 suis,
771 2059 829 2117 nisi
846 2057 1025 2134 intelligetur
1037 2056 1074 2114 de
1094 2055 1254 2115 variatione
1273 2055 1457 2116 internorum

247 2155 365 2198 suorum
380 2147 505 2214 ectnum,
521 2158 594 2215 quoe
607 2139 743 2198 voluntas
757 2138 884 2216 perfecte
897 2156 954 2195 non
968 2136 1062 2195 reniet
1071 2136 1123 2195 sed
1136 2135 1303 2213 imperfecte
1316 2143 1453 2214 tentum3

246 2235 314 2274 nem
328 2236 412 2277 nemo
427 2217 574 2276 decretum
588 2237 672 2279 suum
686 2219 788 2293 veriet,
803 2217 860 2277 nisi
880 2215 990 2294 aliquid
1003 2215 1178 2276 incommodi
1197 2215 1228 2274 in
1241 2235 1276 2275 eo
1290 2215 1454 2295 deprehen-

246 2295 316 2370 det3
339 2297 417 2374 quod
430 2297 461 2354 in
477 2298 571 2356 Deum
585 2317 643 2358 non
657 2297 744 2356 cedit

286 2375 329 2434 X.
352 2373 444 2435 Aliud
457 2385 503 2435 eet
516 2395 653 2452 querere,
668 2376 719 2434 Au
734 2375 815 2434 Dens
827 2375 954 2454 potuerit
967 2375 1005 2434 ed
1018 2375 1076 2434 elie
1086 2376 1201 2453 objecta
1214 2393 1245 2436 se
1258 2373 1454 2437 determinare

245 2472 333 2530 quem
353 2453 391 2513 ed
412 2473 447 2514 ee
466 2475 531 2531 que
545 2455 682 2530 decrevit,
701 2463 856 2531 antequem
869 2454 906 2513 de
926 2454 985 2514 illis
999 2456 1154 2532 quicquum
1168 2453 1334 2532 rotnasce,
1356 2455 1454 2516 Aliud

243 2552 322 2610 vero,
341 2532 392 2591 An
405 2534 500 2610 ponito
514 2533 630 2594 decreto
643 2535 769 2611 potuerit
782 2533 856 2593 illud
868 2533 1032 2594 rescindere
1044 2558 1051 2610 ;
1073 2534 1216 2612 posterius
1231 2553 1383 2611 negemus,
1398 2537 1454 2596 sed

243 2613 324 2690 prius
337 2614 510 2672 eseerimue:
532 2614 560 2672 N
561 2634 593 2672 eo
606 2622 758 2692 propteree
771 2613 949 2673 mutabilitas
962 2613 1024 2673 ulle
1038 2615 1102 2674 Deo
1115 2613 1297 2690 adscribitur,
1312 2615 1384 2692 quie
1399 2616 1452 2676 ille

243 2691 359 2752 demum
369 2693 475 2752 mutari
488 2693 601 2769 dicitur,
617 2693 668 2771 qui
681 2694 758 2753 velle
771 2693 873 2772 incipit
885 2692 965 2771 quod
978 2695 1104 2771 nolebat,
1118 2694 1168 2754 vel
1181 2694 1259 2754 nolle
1271 2694 1353 2772 quod
1366 2695 1450 2756 role-

243 2771 313 2848 bet;
335 2772 415 2850 quod
428 2773 459 2831 in
474 2773 537 2832 Deo
551 2773 648 2832 locum
660 2793 719 2832 non
733 2772 829 2833 hebet.

283 2851 343 2910 XI.
358 2853 526 2913 Paenitentia
536 2854 600 2912 Deo
616 2853 753 2913 tribuitur
762 2857 964 2935 lacunatis,
975 2853 1027 2914 sed
1040 2853 1229 2930 intelligentie
1239 2857 1452 2937 embracius-353

241 2950 301 2990 non
321 2933 431 2992 retione
452 2933 574 3010 consilii
598 2933 650 2993 sed
663 2943 804 3009 eventus3
826 2954 884 2993 non
899 2935 1066 2994 Voluntatis
1082 2933 1182 3011 ipsius,
1200 2933 1253 2993 sed
1271 2935 1313 2992 rei
1328 2935 1449 3012 volitae3

240 3030 300 3070 non
314 3011 434 3073 effectus
452 3021 483 3074 et
502 3013 608 3074 iuterni
627 3014 744 3088 doloris,
767 3014 819 3074 eed
840 3013 959 3074 effectus
981 3022 1011 3074 et
1031 3013 1144 3073 externi
1164 3013 1267 3092 operis,
1289 3014 1360 3090 quie
1378 3014 1450 3077 iecit
1562 3059 1563 3084 ,

241 3091 320 3169 quod
333 3093 420 3154 homo
434 3094 577 3172 penitens
593 3095 687 3153 fecere
707 3095 789 3154 solet
833 3093 865 3154 si
882 3094 956 3153 Gen.
971 3094 1011 3152 vi.
1028 3096 1055 3168 6,
1071 3095 1099 3170 8,
1118 3094 1182 3152 Deo
1199 3093 1337 3153 tribuitur
1353 3097 1446 3172 poeni·
1562 3131 1563 3153 r

240 3173 332 3232 tentie
345 3172 381 3233 de
395 3175 538 3234 creetione
551 3175 677 3234 hominis
687 3194 752 3252 que
764 3193 824 3233 non
838 3181 952 3252 poteret
971 3172 1078 3232 infecte
1090 3172 1181 3249 reddi,
1196 3173 1390 3251 intelligendu
1402 3185 1450 3238 eet

241 3269 299 3310 non
313 3257 451 3320 παθητικαῖς
466 3255 518 3314 sed
531 3255 699 3335 ineman&
721 3254 790 3313 lieet
802 3253 879 3312 enim
893 3252 972 3330 quod
984 3252 1092 3312 feceret
1110 3272 1170 3311 non
1189 3261 1288 3330 posset
1307 3254 1449 3316 iniectum

243 3331 326 3388 reddi
339 3352 391 3410 per
403 3353 462 3391 non
476 3336 658 3411 erectionem,
672 3340 786 3411 poteret
799 3341 895 3392 temen
908 3332 1013 3392 mutari
1026 3351 1078 3410 per
1091 3332 1286 3393 abolitionem.

282 3409 361 3470 XII.
383 3411 592 3472 Promissionee
606 3421 636 3472 et
648 3413 885 3472 comminationes
898 3433 963 3490 quae
976 3431 1035 3471 nou
1054 3412 1217 3490 implentur,
1239 3433 1299 3472 non
1319 3424 1448 3494 arguunt

239 3488 431 3548 mutationem
445 3492 612 3568 voluntatis,
628 3493 696 3569 quie
716 3491 832 3552 fuerunt
853 3492 1055 3552 conditionetae
1075 3513 1134 3552 non
1148 3492 1296 3570 absolute,
1311 3503 1346 3554 ut
1366 3504 1447 3574 petet

239 3585 277 3627 ex
291 3568 313 3627 J
315 3588 354 3628 er.
369 3570 450 3628 xviii.
467 3574 494 3647 7,
509 3571 579 3631 licet
592 3571 719 3632 conditio
734 3591 793 3631 non
807 3591 883 3651 eaepe
894 3572 1080 3653 exprimetur,
1090 3573 1143 3632 sed
1152 3571 1244 3633 tacite
1257 3574 1296 3633 sit
1308 3583 1340 3634 ot
1350 3576 1445 3654 impli-

239 3647 297 3707 cite
310 3668 375 3726 ques
389 3649 476 3710 debet
490 3651 678 3730 subintelligi.
1562 3671 1563 3684 *

280 3727 375 3790 XIII.
397 3729 492 3805 Quum
507 3731 641 3790 Ezechiee
653 3750 732 3791 more
746 3731 920 3810 predicitur,
934 3752 993 3792 non
1006 3738 1124 3793 notetur
1133 3730 1204 3810 quid
1217 3733 1379 3794 seeundum
1393 3755 1444 3794 ro·

238 3807 378 3869 luntetem
394 3809 449 3869 Dei
467 3819 544 3870 esset
557 3811 684 3871 futurum
695 3834 702 3888 ;
724 3811 777 3872 sed
790 3812 861 3890 quid
874 3812 1033 3873 secundnm
1046 3831 1162 3872 cursum
1175 3831 1328 3873 oeuserum
1341 3834 1444 3876 secun·

238 3887 340 3948 derum
353 3889 456 3951 fuisset
469 3899 648 3967 eventurum,
663 3892 719 3951 nisi
735 3893 815 3952 Deue
828 3893 884 3951 hoo
897 3893 1106 3970 impedivisset.

279 3969 370 4030 XIV.
392 3971 557 4031 Necessites
570 3972 812 4032 immutebilitetis
826 3992 914 4050 quern
927 3972 1081 4032 tribuimus
1092 3973 1165 4047 Deo,
1176 3991 1236 4032 uon
1249 3971 1338 4033 infert
1350 3974 1444 4036 fetum

176 4127 178 4132 Ι
240 4047 389 4128 Stoloum;
411 4052 479 4130 quie
493 4062 538 4112 eet
550 4061 662 4112 tenuun
676 4053 833 4112 necessitas
852 4053 1022 4128 extrinsece,
1038 4060 1068 4112 ot
1087 4072 1125 4112 ex
1138 4053 1294 4130 hypothesi
1307 4054 1443 4116 volunte-

237 4127 276 4220 tis
289 4128 405 4208 divine,
420 4133 503 4192 salve
515 4140 649 4192 menentc
662 4153 758 4192 rerum
771 4132 905 4193 libertete
918 4141 949 4192 et
962 4131 1167 4210 contingentis,
1179 4141 1213 4193 ut
1221 4141 1324 4212 postee
1336 4135 1441 4214 probe·

235 4205 315 4268 bitur
327 4222 420 4287 quum
430 4212 467 4273 de
482 4213 613 4274 DecretIe
627 4220 739 4291 egetur.
