3044 5180
45 372 141 422 suusr.
154 343 254 430 mn]
451 365 491 406 nn
505 364 564 408 nuo
578 365 648 426 uso,
664 365 701 422 ar
714 365 814 408 ramo.
1176 353 1235 412 ate

82 509 211 571 XXVII.
234 499 416 569 Miraculosa
429 507 579 586 conceptio
593 506 701 568 Christi
720 515 816 586 potest
834 527 898 568 esse
912 516 1113 587 argumentum
1132 530 1151 569 a
1169 528 1236 588 pos·

48 591 139 666 brieri,
152 611 208 670 qno
221 588 414 668 cognoscitur
427 587 490 666 ejus
504 596 611 648 seturna
622 587 748 664 ributio,
764 587 816 647 sed
829 608 888 647 non
902 589 999 648 statim
1014 597 1059 648 est
1072 591 1136 668 ejus
1149 611 1238 650 causa

47 672 160 750 aptiori.
197 670 245 729 Ita
258 667 456 747 intelligenda
470 676 538 728 snut
552 668 662 747 Angeli
676 668 765 727 rerba
779 667 816 727 ad
837 669 873 728 B.
888 667 1050 748 Virginem,
1066 667 1137 729 Luc.
1151 670 1171 729 i.
1187 673 1236 730 35.

48 755 109 812 Ideo
121 751 189 828 quod
204 759 345 808 moeurs·
357 769 394 809 aa·
407 758 432 808 te
445 749 588 826 &notura
602 749 746 809 exuditur
759 748 850 808 Filias
863 749 929 808 Dei.
973 749 1033 810 Ubi
1046 749 1187 828 particula
1200 747 1236 808 lai

47 841 86 890 est
106 841 165 890 nota
186 828 415 907 consequentia,
438 847 498 888 non
517 828 729 906 consequentis,
749 827 825 906 siqui
843 849 895 888 eur
916 829 954 887 sit
971 828 1121 889 vocandus
1142 829 1237 891 Filius

47 909 101 986 Dei,
115 930 166 972 uon
179 927 282 986 cmuoe,
299 909 372 988 qnia
389 918 543 986 autequam
562 909 768 987 conciperetur,
784 909 847 987 jam
867 907 956 968 fuisse
978 908 1092 986 dicitur,
1107 910 1157 970 Jo.
1171 911 1191 969 i.
1209 914 1235 988 l,

45 990 157 1130 ffiii.
177 992 214 1128 {3
238 989 322 1048 unde
345 1007 405 1050 non
426 988 498 1048 dicit
518 988 688 1068 simpliciter
708 989 770 1065 etii,
786 987 838 1049 sod
857 990 1002 1052 abitinas-ar
1021 990 1173 1066 vocabilior,
1194 990 1235 1050 ld.

101 1071 177 1129 'ests
196 1070 266 1128 itur.

77 1149 226 1210 XXVIII.
250 1149 322 1208 Non
344 1147 410 1208 ideo
424 1147 519 1208 Filius
536 1146 592 1207 Dei
606 1147 713 1208 dicitur
726 1147 867 1226 Christus,
901 1147 952 1208 uia
970 1168 989 1207 a
1009 1149 1096 1208 Patre
1110 1150 1236 1211 sanctifi-

45 1241 119 1306 catus,
140 1229 189 1290 Jo.
211 1250 242 1289 x.
257 1232 311 1306 36,
335 1228 408 1288 alias
427 1229 505 1288 anim
530 1227 694 1289 Filiationis
715 1229 843 1288 rationes
903 1228 955 1304 dit,
979 1237 1041 1288 tum
1065 1229 1102 1288 ab
1125 1231 1237 1292 unitate

45 1311 168 1385 aarum,
179 1330 210 1369 r.
220 1312 271 1384 30,
284 1318 351 1369 tum
365 1309 402 1368 ab
415 1308 568 1368 identitate
582 1327 709 1386 operum,
721 1328 750 1368 v.
762 1310 816 1384 383
839 1308 891 1369 sed
899 1309 965 1368 ideo
974 1309 1168 1370 sanctificatus
1182 1320 1235 1387 est,

44 1391 75 1448 id
87 1389 119 1448 ed
137 1409 243 1450 munus
265 1388 477 1449 Mediatorium
497 1397 689 1465 comentatus,
705 1388 774 1466 quia
795 1389 889 1449 Filius
908 1388 972 1464 init,
987 1388 1067 1466 quod
1086 1389 1158 1450 alias
1173 1411 1235 1452 sus·

46 1469 121 1530 tinere
131 1489 188 1530 nou
200 1469 371 1548 pontisset:
392 1468 453 1528 Nec
467 1467 533 1528 ideo
548 1467 649 1544 Filius,
665 1467 734 1546 quia
747 1467 870 1530 dilectus
884 1469 970 1530 Matt.
985 1469 1027 1528 iii
1044 1473 1090 1546 17,
1105 1470 1158 1530 sed
1170 1471 1237 1531 ideo

46 1549 158 1624 dilcuus,
156 1551 242 1688 1{luia
257 1549 367 1625 Filius,
382 1558 415 1609 nt
427 1548 582 1608 verborum
596 1549 684 1609 series
698 1548 792 1608 docet.

81 1629 155 1688 XXI
191 1673 198 1688 .
221 1629 300 1690 Cum
317 1628 475 1690 Generatio
489 1628 546 1688 ista
557 1628 635 1706 bype
670 1627 772 1706 hysica
785 1629 824 1689 sit
836 1627 1034 1688 diversissima
1047 1649 1065 1688 a
1078 1630 1239 1707 generatio-

48 1709 119 1768 nibus
136 1709 265 1788 physicis
279 1717 313 1769 et
327 1709 427 1784 finitis,
449 1727 598 1787 perperam
613 1647 785 1768 Adversarii
798 1729 836 1769 ex
856 1709 921 1769 istis
934 1709 973 1768 ad
993 1709 1073 1768 illam
1087 1729 1239 1788 argumen-

48 1797 135 1864 tantur,
149 1789 234 1867 quasi
247 1789 313 1849 ulla
329 1789 379 1848 vel
391 1789 522 1865 mutatio,
537 1787 586 1848 vel
606 1788 793 1867 imperiectio,
808 1788 858 1848 vel
877 1789 1021 1864 alienatio,
1036 1789 1085 1848 vel
1104 1789 1240 1867 prioritas

50 1877 143 1928 natura
162 1877 211 1930 aut
230 1869 379 1948 temporis
400 1869 431 1928 in
451 1868 547 1928 Deum
567 1879 719 1948 propterca
740 1867 864 1944 caderet,
888 1869 957 1946 quia
977 1869 1071 1928 omnis
1091 1869 1240 1946 generatio

49 1948 226 2009 substantissis
240 1959 290 2010 est
304 1948 429 2009 mutatio
443 1969 461 2008 a
473 1968 532 2008 non
545 1967 609 2008 esse
622 1947 661 2008 ad
674 1967 747 2023 esse,
762 1948 831 2025 quia
844 1947 938 2008 omnis
952 1949 1068 2026 genitus
1081 1957 1126 2008 est
1144 1959 1238 2027 poste-

49 2027 96 2086 rior
112 2029 253 2106 gignente,
274 2029 350 2108 quie
369 2029 421 2107 qui
440 2029 537 2167 gignit
557 2037 668 2108 partem
691 2027 859 2088 substantias
883 2027 967 2087 alteri
988 2027 1188 2104 communicat,
1210 2037 1240 2090 et

49 2107 146 2184 genitus
157 2109 356 2170 essenfifflter
376 2116 421 2168 est
461 2109 573 2168 lversus
593 2129 611 2168 a
633 2108 790 2186 gignente:
812 2106 885 2167 Haec
905 2106 983 2166 enim
1003 2113 1033 2166 et
1053 2106 1160 2167 similia
1172 2127 1238 2185 qun

49 2195 165 2263 pstrrntm
176 2209 214 2250 ex
228 2187 421 2268 generatione
432 2189 565 2265 bumana,
581 2188 656 2247 male
666 2186 866 2248 trahuntnrad
880 2185 1095 2264 generationem
1109 2186 1238 2246 divinem

51 2267 232 2342 perpendam,
245 2275 279 2335 εἰς
294 2267 367 2329 ἄλλο
380 2267 452 2341 fisa.
495 2269 557 2328 Nec
570 2268 596 2328 si
609 2267 795 2328 conferuntur
816 2267 1016 2345 genemtimes
1029 2265 1093 2326 ista
1107 2266 1183 2326 inter
1195 2287 1236 2344 se,

52 2361 483 2504 tribuunt-nb?
496 2346 1238 2506 illudImilssssilnisiii'ilimpiliii

52 2507 252 2569 mancationem
267 2509 414 2586 eswntioe,
428 2507 567 2589 quicquid
580 2507 655 2586 impe
682 2507 824 2568 sotionem
837 2507 964 2586 aliquam
980 2514 1069 2585 notat,
1086 2506 1187 2568 sedulo
1201 2509 1238 2568 ab
1355 2537 1357 2542 ·

52 2590 375 2730 “diffidfflie
387 2668 512 2746 fatigent
527 2665 699 2728 Scholastici
713 2666 744 2726 in
757 2670 841 2728 modo
848 2667 1036 2746 φ’
1018 2667 1025 2681 ’
1046 2667 1130 2728 istius
1144 2667 1239 2746 inqui-

53 2745 125 2805 rendo
137 2755 165 2808 et
177 2749 364 2828 explicando,
379 2767 445 2810 cum
460 2748 569 2807 sitnon
582 2746 669 2807 modo
682 2745 845 2823 ineffabilis,
861 2746 913 2809 sed
926 2755 956 2806 et
969 2749 1152 2813 &arsames
1167 2749 1238 2826 ipsis

55 2821 167 2902 Angelis.
208 2830 417 2890 “Indecorum
440 2836 487 2888 est
507 2827 665 2906 quaerere,”
690 2827 785 2905 inquit
809 2827 989 2887 Athanasius
1013 2839 1114 2888 contra
1135 2829 1238 2888 Arian.

57 2903 71 2933 “
78 2907 207 2980 quomodo
217 2930 256 2970 ex
268 2911 336 2970 Deo
347 2909 476 2968 Verbum
488 2907 534 2984 sit,
546 2916 596 2968 aut
606 2907 751 2984 quemodo
762 2907 800 2966 sit
811 2907 867 2966 Dei
879 2905 1022 2983 splendor,
1034 2914 1084 2967 aut
1094 2909 1239 2985 quomodo

57 2982 139 3059 gignat
152 2987 238 3066 Deus,
254 2999 286 3051 et
299 2989 367 3068 quis
381 2989 419 3049 sit
432 2987 536 3046 modus
549 2987 743 3065 generationis
758 2984 823 3046 Dei.
858 2986 1003 3044 Insaniret
1015 2987 1091 3045 enirn
1107 2988 1157 3063 qui
1169 2989 1241 3047 talia

58 3061 162 3156 fuderat,
177 3071 317 3164 qnoniam
330 3066 578 3162 remineffabilem
592 3075 623 3161 et
642 3066 787 3160 propriam
800 3064 907 3125 divinas
921 3073 1040 3171 miim’
1055 3073 1085 3124 et
1098 3065 1241 3159 duntanat

58 3149 235 3289 liridi?
249 3147 781 3290 ‘ttttbt'ttlltttultl
790 3143 1173 3301 tilliumtguiiifliiss
1187 3145 1242 3284 lt

59 3306 168 3403 emmri
176 3309 269 3370 Filius
279 3329 314 3418 ιιι
324 3328 359 3368 ec
368 3307 447 3387 quod
456 3305 624 3385 unigenitus
634 3312 747 3366 estnon
756 3311 861 3383 potest,
872 3302 941 3382 quia
953 3303 1076 3381 ingeniti
1086 3311 1131 3364 est
1144 3303 1241 3383 Imago

60 3395 216 3550 suffit?
229 3397 443 3528 eSiiiuilitudines
456 3485 521 3544 que
538 3463 669 3526 adhiberi
688 3464 782 3524 solent
795 3461 833 3522 ad
852 3461 941 3540 hujus
957 3461 1092 3540 Mysterii
1114 3463 1240 3543 explica-

62 3542 157 3626 P⁰¹¹0m,
170 3548 268 3624 petitas
282 3547 333 3607 vel
352 3548 566 3624 adlevataque
586 3565 617 3605 se
639 3543 732 3622 ipsam
753 3542 952 3622 intelligendo,
976 3543 1021 3602 sni
1043 3543 1199 3621 imaginem
1212 3551 1242 3605 et

65 3615 139 3680 ticam
150 3627 253 3689 excitat
275 3627 306 3686 in
329 3626 432 3705 seipso,
454 3645 519 3704 que
540 3625 571 3683 in
590 3632 687 3684 mente
700 3643 814 3701 semper
826 3631 924 3683 manet
936 3623 1013 3684 unde
1026 3632 1141 3700 manat;
1162 3624 1211 3683 vel
1225 3645 1244 3683 a

65 3693 123 3774 Sole,
134 3721 151 3761 a
161 3723 215 3784 quo
232 3707 347 3786 jugiter
360 3713 496 3766 emanant
508 3703 590 3780 radii,
604 3713 639 3764 nt
657 3721 712 3763 nec
726 3703 765 3764 sit
784 3711 850 3763 aute
871 3703 946 3780 illos,
967 3723 1021 3763 nec
1042 3703 1151 3780 absque
1165 3703 1241 3780 illis3

67 3790 165 3848 possm
182 3795 330 3866 uteunque
351 3785 446 3846 facere
467 3783 506 3844 ad
531 3782 666 3862 Myetsrii
687 3782 773 3844 istius
786 3783 1017 3858 illustrationem,
1034 3801 1131 3858 eoque
1150 3783 1244 3860 magle

69 3857 130 3987 {iffi
142 3862 283 3962 Scriptura
295 3865 334 3926 ed
347 3885 397 4004 clas
410 3885 468 3960 nou
482 3863 572 4002 ssmgl
583 3862 698 4002 νὶιὲῖτιιι
710 3862 962 4012 ιῗιρὶωηδὲἓθιιιιι
973 3861 1150 4000 Ἠωῖοἰ
1158 3868 1245 3998 m

71 3943 363 4105 Pam
373 3960 873 4100 mmmmmodigiiiiiiiiiu
883 3961 982 4080 istiu?
978 3959 1244 4078 determinationem

70 4092 181 4160 exhibere
193 4114 348 4208 nequeunt.
391 4103 478 4165 Unde
494 4103 551 4180 bic,
566 4103 592 4162 si
609 4103 732 4180 uspiam,
748 4101 843 4161 sobrie
862 4098 947 4159 nobis
961 4106 1006 4157 est
1019 4097 1196 4174 sepiendum,
1212 4107 1246 4158 ut

70 4179 174 4239 aresti
184 4189 220 4261 τῇ
231 4190 276 4250 ὅτι.
293 4184 372 4262 quod
385 4183 495 4244 clarum
509 4182 597 4242 estin
613 4181 769 4259 scriptura
784 4178 821 4238 de
835 4178 921 4237 modo
935 4177 991 4236 isto
1004 4176 1090 4254 plene
1103 4175 1188 4236 nobis
1201 4177 1245 4234 in·

71 4259 293 4332 muretensem
306 4263 479 4338 deliniendo,
490 4262 539 4322 vel
553 4261 639 4321 stiam
653 4257 826 4338 inquirendo
840 4257 927 4316 anxie
939 4274 1000 4316 non
1008 4255 1179 4334 cogitemus,
1194 4255 1247 4316 sed

72 4323 130 4410 ⁰⁰⁰»
141 4339 185 4417 qui
197 4345 275 4406 solus
288 4363 320 4405 se
333 4342 543 4424 perfectissime
555 4341 647 4418 novit,
662 4338 745 4400 illum
758 4337 964 4415 relinquamus.
1040 4359 1044 4374 ·
