3174 5174
281 357 339 414 502
757 367 848 410 nocue
863 368 1013 410 sarriana.
1275 347 1390 429 [curer.
1401 369 1457 412 vm.

282 514 312 572 in
325 521 417 572 morte
432 520 576 590 prestant,
597 511 706 569 arrimas
731 530 829 570 eorum
851 511 881 568 in
904 511 998 580 sinum
1022 508 1131 568 Christi
1153 505 1316 584 deferendo,
1330 519 1360 569 nt
1378 512 1456 570 anima

283 594 387 652 Lazari
400 593 437 652 ab
451 593 521 670 ipsis
535 593 565 649 in
579 593 672 650 sinum
688 588 816 650 Abrahae
830 590 980 668 deportata
994 598 1046 664 est,
1063 589 1136 648 Luc.
1152 588 1232 664 xvi.;
1256 591 1294 647 Et
1307 590 1381 666 qnod
1398 591 1457 668 ipsis

281 673 312 731 in
327 673 540 732 consumatione
555 671 645 730 seculi
659 679 726 729 sunt
740 671 906 748 exhibituri,
927 668 1133 746 congregando
1154 667 1265 745 fideles,
1286 679 1321 727 ut
1339 669 1458 730 sistantu

284 752 398 812 Christo
411 750 599 828 glorificandi.

281 855 451 960 ternu
544 828 1071 986 gtttttlt.‘.⁰tt¹¹tbtfi⁰.li
1080 830 1200 968 {Iit
1205 831 1335 967 Ἥ.
1345 829 1459 986 lut

309 973 395 1030 ΜΨ
405 973 436 1018 “b
446 977 510 1018 ΟΜ·
543 989 581 1047 ab
595 991 658 1067 ipsa
672 989 831 1064 nativitate,
847 990 897 1066 qni
911 929 1065 1066 perp‘eluus
1082 988 1121 1046 sit
1135 1007 1238 1046 corum
1256 929 1350 1047 domes
1365 997 1392 1047 et
1406 1009 1460 1046 cus·

278 1076 325 1126 tos
338 1087 430 1144 usquc
444 1067 482 1126 ad
495 1077 630 1144 mortem;
646 1089 711 1146 quae
725 1077 839 1145 recepta
853 1078 897 1127 est
911 1068 988 1145 apud
1003 1067 1173 1126 Pontificios
1188 1067 1337 1142 sententia,
1352 1069 1394 1126 cui
1405 1067 1458 1126 reli-

280 1147 395 1224 giosum
409 1147 590 1224 Angelorum
606 1149 723 1224 cultum,
739 1156 768 1206 et
782 1149 952 1206 nominatim
966 1147 1075 1224 Angeli
1089 1147 1207 1206 comitis
1220 1148 1407 1225 quotidianam
1419 1167 1459 1204 re·

278 1227 455 1285 nerationem
470 1236 731 1304 superstruxerunt.
768 1229 829 1285 Nos
843 1247 921 1302 vero,
936 1229 1004 1286 licet
1018 1245 1213 1303 agnoscamus
1228 1227 1357 1304 Angelos
1369 1228 1396 1284 in
1408 1245 1459 1284 cus

280 1306 388 1364 todiam
403 1313 432 1364 et
446 1307 610 1383 presidium
625 1307 687 1365 dari
706 1307 848 1380 fidelibus,
872 1316 905 1366 ut
923 1316 1008 1366 antea
1028 1306 1202 1384 probatum;
1226 1307 1287 1365 Nec
1309 1305 1459 1366 diffiteamur

281 1393 375 1444 certos
389 1386 522 1463 Angelos
535 1407 620 1464 posse
643 1386 764 1446 subinde
778 1387 917 1446 destinari
939 1395 968 1445 et
989 1387 1064 1446 mitti
1086 1386 1124 1444 ad
1144 1385 1258 1460 fideles,
1273 1387 1319 1444 vcl
1339 1386 1374 1443 ad
1391 1405 1458 1443 rere

280 1464 368 1524 landa
381 1465 513 1542 quaedam
524 1467 579 1525 Dei
590 1467 734 1544 mysteria,
749 1468 797 1525 vel
811 1467 849 1524 ad
863 1486 913 1524 eos
927 1466 1062 1526 solandos
1075 1474 1105 1524 et
1118 1465 1322 1544 protegendos,
1337 1475 1367 1524 ut
1380 1465 1458 1524 visum

281 1543 312 1601 in
327 1545 503 1604 Patriarchis
516 1547 629 1624 sapius,
645 1547 675 1604 in
690 1546 820 1620 Daniele,
835 1547 856 1606 J
858 1547 974 1624 osepho,
991 1547 1092 1621 Maria,
1108 1553 1138 1605 et
1163 1546 1247 1605 aliis:
1269 1545 1407 1622 Negamus
1424 1555 1458 1602 ta·

281 1643 348 1682 men
361 1633 438 1683 recte
452 1625 519 1684 inde
533 1627 632 1702 colligi
645 1645 729 1703 posse
744 1624 891 1703 Angelum
906 1626 1053 1685 custodem
1068 1634 1096 1684 et
1117 1626 1274 1684 tutelarem
1294 1626 1389 1702 cuique
1407 1643 1458 1682 esec

280 1703 494 1780 assignandum,
510 1707 558 1764 vel
573 1707 743 1765 sententiam
761 1707 855 1782 istam,
877 1705 1010 1782 quamvis
1029 1705 1118 1763 variis
1142 1705 1279 1764 Patribus
1299 1725 1353 1764 non
1373 1703 1457 1781 displi-

278 1782 377 1857 cuerit,
393 1792 530 1861 tanquam
541 1783 592 1857 ipe
606 1799 669 1856 scas
684 1786 771 1864 recipi
785 1805 880 1863 posse.

615 1867 784 1924 ,Rationes
814 1873 889 1940 sunt,
914 1868 939 1924 1.
961 1863 1036 1940 Quia
1058 1864 1219 1942 Scriptura,
1244 1885 1307 1942 qnae
1334 1863 1410 1923 toties
1426 1861 1456 1919 ds

539 1945 698 2004 ministerio
713 1945 894 2023 Angelorum
912 1965 982 2022 arga
1002 1945 1102 2003 fideles
1122 1945 1262 2023 loquitur,
1283 1945 1405 2021 nuspiam
1421 1950 1457 2000 ts·

541 2045 606 2084 men
620 2025 751 2084 meminit
764 2025 873 2102 Angeli
886 2023 1022 2098 custodis,
1034 2025 1113 2101 qnod
1126 2033 1227 2084 tamen
1238 2045 1295 2083 non
1307 2021 1454 2094 reticuisset,

279 2101 306 2162 si
319 2111 429 2164 certum
443 2113 487 2166 cst
501 2105 603 2182 cuique
617 2105 746 2164 fidelium
760 2105 797 2163 ab
811 2105 873 2182 ipso
883 2115 947 2163 ortu
961 2112 1071 2162 certum
1084 2105 1213 2182 aliquem
1226 2104 1366 2181 Angelum
1379 2102 1455 2176 assig-

278 2183 350 2258 nari,
366 2185 416 2260 qni
429 2193 567 2262 perpetuo
581 2204 631 2242 eos
644 2185 804 2259 comitetur,
822 2193 962 2243 eteorum
977 2203 1074 2242 curam
1088 2193 1183 2260 gerat.
1226 2185 1289 2242 lmo
1303 2184 1365 2242 dum
1381 2179 1455 2258 spiri·

278 2267 326 2319 tus
340 2263 394 2320 hos
407 2282 425 2319 a
439 2263 502 2322 Deo
516 2264 606 2322 libere
626 2264 683 2321 huc
703 2264 773 2322 illuc
793 2263 868 2323 mitti
888 2271 1010 2322 testatur
1027 2263 1065 2320 ad
1084 2263 1277 2324 ministerium
1297 2281 1395 2336 eorum,
1414 2258 1453 2336 qui

278 2339 400 2398 salutern
414 2341 560 2400 haeredare
574 2341 688 2417 debent,
705 2342 796 2401 Hebr.
811 2342 830 2400 i.
848 2347 893 2418 14,
909 2343 980 2402 satis
1001 2343 1095 2402 innuit
1119 2345 1209 2403 certis
1232 2343 1386 2402 hominibus
1406 2357 1454 2396 non

276 2435 340 2476 esse
353 2419 488 2495 alligatos
502 2427 531 2479 et
545 2421 695 2479 obnoxios.
1544 2441 1545 2446 ’

284 1925 381 1986 Negans
391 1929 513 1976 sententia

338 1987 464 2044 probatur.

317 2495 377 2554 XI.
399 2501 427 2556 2.
443 2498 517 2572 Quia
530 2517 605 2557 unus
619 2499 753 2576 Angelus
768 2519 843 2578 saepe
857 2501 895 2559 ad
909 2501 1065 2562 multorum
1085 2500 1216 2562 fidelium
1231 2501 1381 2563 custodiam
1398 2495 1453 2554 mit·
1544 2515 1545 2530 ¹

276 2573 353 2650 titur,
370 2583 399 2634 et
412 2577 509 2653 plures
523 2579 573 2636 uni
592 2577 780 2638 destinantur.
825 2581 909 2639 Unus
931 2579 1065 2659 Angelus
1088 2582 1241 2642 obsidione
1263 2581 1450 2656 Jerosolymam

276 2653 371 2730 solvit,
389 2655 428 2714 Is.
443 2657 575 2732 xxxvii.;
596 2677 671 2716 unus
685 2656 820 2735 Angelus
838 2669 1056 2721 castrametatur
1069 2661 1145 2720 circa
1160 2663 1293 2722 timentes
1308 2659 1449 2726 Dominum,

277 2733 384 2792 Psalm.
399 2735 502 2794 xxxiv.
519 2740 546 2795 7.
589 2737 692 2796 Plures
706 2738 792 2797 ctiam
807 2759 883 2817 sape
906 2741 958 2798 uni
972 2741 1162 2814 destinantur,
1178 2742 1291 2820 Angelis
1302 2733 1449 2813 aniam?-

270 2814 332 2890 pict
344 2817 379 2873 dc
393 2823 426 2890 tr,
442 2825 474 2872 ut
486 2825 511 2874 te
524 2817 717 2876 custodientia
731 2819 854 2877 omnebus
868 2820 920 2878 vira
933 2822 994 2896 tuis,
1011 2821 1089 2880 Psal.
1103 2821 1162 2879 xci.
1175 2825 1231 2899 113
1251 2822 1324 2881 circa
1332 2817 1447 2876 Elisaeum

274 2911 358 2952 mons
371 2894 474 2971 plenus
487 2905 548 2955 erat
562 2897 643 2974 cquis
668 2907 697 2956 ct
715 2898 847 2958 curribus
860 2899 964 2976 igneis,
980 2905 998 2958 2
1015 2901 1088 2978 Reg.
1102 2901 1142 2958 vi.
1161 2904 1198 2959 17
1212 2925 1220 2978 ;
1241 2900 1347 2962 Jacobc
1360 2895 1449 2954 0an

275 2973 387 3111 gramm
409 2976 512 3052 Aoqcli
532 2977 597 3053 Dei,
624 2977 749 3054 dicitque
773 2978 827 3054 elle,
853 2999 936 3056 quum
957 2981 1064 3040 uideret
1087 3001 1140 3056 eor,
1165 2983 1251 3041 Acies
1265 2980 1320 3038 Dei
1338 2979 1390 3035 loec
1408 2979 1446 3041 at

305 3073 350 3112 en.
366 3055 459 3113 xxxii.
477 3059 492 3114 1
519 3061 547 3116 2.
705 3102 708 3108 .

315 3132 393 3192 XII.
416 3137 443 3193 3.
460 3101 534 3210 Qdia
557 3137 619 3196 haec
638 3137 781 3197 sententia
802 3137 944 3214 originem
966 3139 1053 3198 habet
1077 3141 1247 3219 Paganamz
1266 3139 1364 3198 Notum
1384 3131 1446 3190 essim

274 3209 423 3288 Ethnicos‚
448 3216 603 3292 unicuique
627 3217 737 3274 homIni
760 3217 933 3294 peculiarem
956 3218 1081 3279 Genium
1106 3239 1156 3280 seu
1181 3222 1343 3279 Damonem
1363 3213 1446 3271 datum

272 3307 336 3347 esse
364 3293 518 3366 censuisse,
548 3314 606 3370 quo
634 3303 766 3371 spectant
792 3297 849 3356 ista
873 3297 974 3355 Ariani
1002 3297 1032 3355 in
1061 3299 1171 3376 Epicte.
1204 3301 1253 3360 lib.
1281 3299 1299 3356 i.
1324 3313 1379 3370 cap.
1407 3291 1445 3356 lb

272 3371 341 3441 0¹35,
357 3370 458 3444 inquil,
476 3373 602 3450 &abesan
622 3376 717 3448 tadnp
731 3377 862 3454 recimer
874 3383 914 3435 riv
926 3377 1031 3435 inciam
1044 3375 1156 3454 darsianus,
1178 3387 1225 3439 ui
1239 3374 1351 3458 captim
1361 3367 1443 3456 wlff·

271 3469 317 3501 rur
330 3449 403 3502 aer'rrlr
415 3451 493 3524 αὐτῇ,
509 3459 553 3507 aori
567 3460 649 3508 πῢτοι
664 3457 800 3529 daciano,
816 3461 860 3514 nal
874 3459 1088 3536 tregentemsi,
1106 3463 1123 3492 “
1135 3461 1218 3519 Deus
1230 3457 1380 3537 prefectum
1391 3465 1445 3505 unt·

271 3524 373 3600 cuique
387 3526 525 3602 imposuit
537 3519 712 3604 peculiarem
730 3533 907 3609 Damonem,
924 3544 953 3594 et
966 3537 993 3594 ei
1014 3537 1133 3596 tradidit
1152 3558 1221 3597 eum
1241 3527 1441 3596 enodandum,

269 3621 391 3680 eumque
415 3605 596 3696 pervigilem,
620 3615 650 3700 et
672 3611 722 3685 qui
746 3610 807 3670 falli
831 3632 889 3671 non
913 3617 1040 3690 posset.''
1082 3617 1166 3691 Quod
1186 3617 1443 3677 confirmantrerrus

271 3679 424 3742 Menandri
439 3683 516 3762 apud
531 3685 658 3746 Ammra.
674 3689 815 3748 Marcelli.
830 3691 861 3750 li.
876 3695 959 3752 xxix.
976 3697 1003 3768 5,
1022 3699 1067 3754 13.

622 3848 735 3906 “Arum
750 3847 843 3922 dunstani
856 3849 923 3932 ἇιὸςὶ
937 3857 973 3927 rq'i
985 3854 1097 3930 γενομένᾳ

628 3927 737 3992 diffunde
753 3930 800 3986 lm
813 3938 982 4006 μυσταγωγὸς
996 3941 1039 3992 τοῦ
1051 3945 1115 4008 βων,

268 4075 377 4168 Utrique
399 4081 506 4141 domini
523 4086 616 4142 statim
630 4095 713 4162 alque
726 4097 808 4146 natue
821 4099 862 4148 eet
885 4093 993 4150 daemon
1007 4100 1047 4149 cat
1070 4093 1152 4150 totius
1174 4095 1237 4152 cita
1257 4093 1355 4149 dunler·
1390 4079 1439 4170 Νβθ

266 4155 353 4215 aliern
377 4155 492 4220 inerunt
505 4162 605 4222 Jndaei
626 4165 663 4223 ab
687 4165 741 4224 hac
764 4171 947 4244 sententiae
967 4171 1072 4246 quibus
1094 4169 1131 4230 ad
1145 4170 1317 4230 Christianos
1337 4159 1437 4228 transid,

266 4251 331 4309 qnae
351 4237 472 4312 proinde
493 4243 596 4335 merito
617 4253 750 4338 suspecta
773 4249 858 4306 nobis
880 4268 944 4307 esse
965 4249 1060 4324 debet,
1076 4270 1111 4308 eo
1124 4250 1173 4308 vel
1193 4249 1298 4339 magis,
1305 4241 1374 4322 quod
1391 4254 1439 4296 non

263 4327 576 4394 ..
762 4327 1436 4465 n

263 4467 364 4544 solent,
387 4491 445 4530 non
465 4487 588 4566 possunt
601 4423 807 4557 ampprobiri.
830 4427 997 4562 Namgqnod
1011 4428 1097 4547 MJdll.
1108 4429 1254 4547 {bibl-ull).
1274 4480 1366 4559 rapat
1377 4491 1436 4563 pls·

260 4547 396 4678 affigo,
410 4551 611 4685 deplanantur,
620 4557 692 4618 bene
706 4563 832 4626 ostendit
847 4564 979 4657 Angelos
992 4567 1122 4642 parvulis
1135 4587 1193 4627 non
1207 4567 1295 4660 minus
1307 4581 1337 4618 ac
1349 4553 1436 4614 adulta

335 4727 339 4732 .
387 4645 469 4684 cuso
491 4649 567 4691 ram.
591 4667 604 4692 t
613 4636 649 4692 cd
663 4657 721 4696 non
734 4649 829 4715 potest
845 4643 944 4720 colligi
958 4655 1066 4703 certum
1087 4655 1115 4704 et
1136 4647 1301 4722 peculiarem
1314 4631 1435 4715 quendam
