3152 5178
127 383 254 434 oum.
269 365 360 450 xm]
582 387 622 428 an
635 387 695 428 nuo
708 386 777 446 urm,
793 387 832 428 nr
844 387 943 429 renuo.
1302 373 1361 432 ate

137 525 302 586 Rectornm
317 537 351 588 et
366 527 610 606 Magistratuum3
633 529 728 589 sedin
743 530 807 590 Deo
820 549 866 590 res
880 529 964 590 aliter
982 527 1124 605 sehabet,
1139 527 1190 606 qui
1204 536 1237 589 et
1247 549 1360 591 summa

137 607 272 684 potentia
286 616 319 667 at
333 629 453 668 summa
465 609 637 669 authoritate
658 619 704 670 est
722 610 889 671 menuctus.
931 609 1004 668 Ideo
1022 609 1048 668 si
1068 617 1218 686 peccatum
1232 609 1295 669 odit
1307 631 1358 671 ne·

142 687 276 764 cessario,
293 688 466 749 necessario
479 688 566 749 debet
578 689 697 767 punire:
719 690 747 750 N
748 690 890 750 eceseario
904 699 1000 750 autem
1011 707 1077 748 eum
1088 688 1183 748 odisse
1196 699 1357 768 peccatum,

144 776 257 828 camut
270 787 312 828 ex
327 787 428 828 amore
439 769 561 847 justitiae
573 769 618 829 illi
631 769 780 848 opposito;
801 770 843 831 Ut
856 770 933 830 enim
943 769 1105 829 necessario
1116 777 1193 829 amat
1203 769 1356 848 justitiam,

144 857 177 908 ut
195 867 256 907 non
278 849 378 926 possit
398 849 480 908 illam
500 869 691 927 uouemere,
718 851 765 910 Ita
786 851 948 910 necessario
967 870 1006 909 ex
1027 858 1130 909 natum
1149 850 1358 910 contrariorum

145 927 274 987 aversari
295 928 387 989 debet
407 937 565 1006 peceatum,
581 939 611 990 et
624 929 785 990 aversando
798 931 921 1007 punire:
942 930 1017 989 Nam
1031 929 1128 1005 utqui
1147 949 1208 988 rem
1222 937 1273 990 aut
1292 949 1356 1007 per-

145 1027 246 1066 sonam
267 1017 358 1084 amat,
380 1009 410 1068 ei
429 1009 503 1068 bene
523 1009 596 1085 vult,
618 1019 649 1069 et
672 1010 698 1069 si
720 1018 817 1089 potest
836 1009 996 1086 benefacit;
1022 1009 1070 1070 Ita
1087 1028 1189 1068 verum
1208 1009 1307 1068 odium
1327 1018 1358 1070 et

146 1088 292 1147 aversatio
307 1088 371 1147 dari
391 1089 501 1167 nequit,
519 1089 589 1168 quin
609 1102 676 1167 post
695 1109 727 1150 se
747 1091 843 1150 mahat
863 1089 1061 1168 depulsionem
1082 1097 1111 1148 et
1132 1089 1356 1148 destructionem

145 1169 292 1227 censurii.
336 1169 423 1228 Alias
440 1169 466 1228 si
485 1179 584 1248 posset
599 1189 657 1228 non
678 1170 788 1247 punire,
807 1179 907 1249 posset
926 1190 985 1230 non
999 1169 1108 1245 odisse;
1131 1167 1157 1227 si
1176 1177 1275 1247 posset
1294 1190 1356 1229 non

142 1248 251 1323 odisse,
266 1257 369 1326 posset
379 1269 484 1325 amare,
498 1250 576 1328 quod
589 1251 739 1310 ἅσὸστιτοι.
774 1250 802 1310 N
803 1272 837 1311 ec
851 1250 876 1309 si
889 1259 1008 1328 peecata
1020 1249 1176 1310 electorum
1189 1268 1249 1308 non
1260 1251 1354 1329 punit,

145 1328 279 1406 sequitur
292 1328 390 1406 ipsum
404 1348 439 1388 ee
451 1329 543 1389 inulta
555 1331 727 1407 relinquere,
741 1331 810 1408 quia
823 1331 854 1389 in
868 1330 982 1390 Christo
996 1329 1118 1408 punivit.

187 1407 267 1466 XII.
281 1407 426 1484 Secundo,
436 1408 466 1467 in
476 1409 513 1468 iis
524 1429 589 1486 qua
598 1409 663 1470 Deo
673 1411 746 1488 justi
760 1411 876 1470 Judieis
890 1413 974 1488 σχίσιν
987 1409 1126 1486 tribuunt,
1140 1417 1174 1468 ut
1185 1409 1259 1470 Gen.
1269 1409 1353 1468 xviii.

146 1489 196 1547 25.
215 1489 265 1547 Aa
278 1489 381 1548 Jadex
394 1490 476 1548 totius
494 1498 579 1548 ter-rte
591 1509 649 1550 aon
661 1499 806 1550 exercent
816 1493 889 1567 jas!
930 1493 1015 1550 Rom.
1029 1488 1070 1548 iii.
1086 1491 1114 1548 6.
1134 1486 1215 1547 Nam
1236 1489 1354 1562 injustas

146 1569 226 1626 Deus
239 1568 293 1645 qai
303 1569 392 1644 iqfert
398 1571 538 1646 poenum!
557 1571 645 1646 Absit,
660 1571 769 1648 alioqui
788 1573 926 1648 qaoarodo
939 1573 1019 1630 Deae
1024 1570 1175 1644 judicaret
1194 1571 1354 1628 mandam!

147 1647 261 1708 Romi
279 1649 327 1724 18,
343 1651 391 1708 32.
412 1650 497 1708 Patet
508 1650 556 1710 ἱνα
568 1651 652 1710 Deis
667 1650 743 1710 eea
756 1653 891 1710 edeam
904 1671 1012 1710 emnem
1025 1650 1193 1726 inpietatem
1206 1658 1234 1707 et
1246 1650 1353 1725 injusti·

144 1727 214 1786 aare
227 1729 381 1804 donuinam,
396 1729 484 1806 quiet
496 1731 547 1790 too
557 1731 677 1790 eaaeJaa
683 1731 744 1790 Dei
754 1739 916 1808 agnoscant,
931 1749 1029 1807 nempe
1043 1749 1088 1788 eos
1102 1729 1152 1806 qui
1164 1728 1355 1804 wliafaoiunt

145 1807 245 1884 ὦμοι
265 1829 325 1867 esee
337 1818 437 1868 morte.
479 1814 496 1868 2
511 1810 613 1870 Thess.
627 1810 647 1870 i.
662 1813 690 1870 6.
704 1813 818 1870 Juetam
842 1820 883 1869 eat
904 1813 985 1886 epod
1006 1810 1100 1868 Deam
1122 1810 1243 1867 reddere
1265 1809 1353 1883 afflie-

145 1889 247 1946 ts'onear
260 1888 296 1946 iis
309 1889 421 1965 quivos
430 1890 566 1966 qffliquat.
601 1890 675 1950 Cum
689 1891 766 1950 enim
780 1891 802 1949 J
803 1890 896 1949 udicis
906 1899 937 1948 et
951 1887 1083 1948 Rectoris
1096 1907 1202 1947 munus
1215 1888 1352 1947 natmnli·

144 1975 190 2026 ter
216 1969 282 2028 Deo
302 1977 457 2047 competat,
485 1971 542 2030 Jus
562 1971 747 2052 iaeaeaqtnalv
766 1969 843 2028 circa
862 1987 985 2045 poenam,
1008 1966 1086 2044 quod
1106 1985 1144 2026 ex
1164 1966 1216 2025 illo
1235 1967 1352 2046 pendet,

143 2047 234 2108 debet
247 2068 313 2108 esse
326 2049 489 2124 essentiale,
505 2059 590 2128 atque
604 2050 678 2110 adeo
691 2051 713 2110 J
715 2049 815 2110 ustitia
834 2048 934 2123 ultrix,
948 2067 1014 2125 quse
1027 2047 1079 2106 illo
1091 2046 1201 2106 nititur.

145 2163 216 2212 2131
227 2165 390 2212 conscientia
452 2128 546 2188 XIII.
570 2131 726 2208 Scriptura
738 2128 935 2188 testimonium
959 2126 1109 2186 confirmat
1132 2124 1259 2186 secundo
1276 2124 1351 2184 Gon-

175 2226 392 2283 marmure-
411 2209 532 2268 set‘entioe
553 2211 691 2270 dictamen
711 2217 741 2270 et
759 2211 934 2286 populorum
957 2227 1122 2280 consensum
1156 2205 1214 2264 Illa
1231 2204 1353 2282 quidem
1451 2215 1453 2220 ’

175 2296 230 2328 ”¹¹¹¹
239 2297 367 2330 mmmm
412 2287 482 2348 dum
496 2289 572 2350 sistit
584 2291 730 2349 hominem
751 2289 788 2349 ad
802 2287 942 2348 Tribunel
955 2287 1021 2364 Dei,
1036 2295 1066 2346 et
1085 2306 1152 2347 eum
1165 2285 1213 2344 vel
1236 2293 1354 2345 accusat

145 2369 195 2428 val
207 2377 332 2429 excusat
345 2368 376 2426 in
389 2367 463 2428 bene
477 2370 524 2428 vel
537 2370 706 2446 malefactis,
732 2369 817 2429 Rom.
832 2369 861 2428 ii.
879 2371 925 2444 14,
953 2370 999 2427 15.
1041 2366 1102 2426 Iste
1116 2385 1186 2426 vero
1200 2385 1252 2442 per
1265 2385 1352 2443 quem

146 2448 222 2526 apud
235 2469 339 2508 omnes
352 2448 475 2527 populos
488 2449 575 2509 etiam
588 2449 746 2510 ferissimos
769 2449 894 2510 obtinuit
917 2448 974 2508 ista
996 2446 1152 2526 persuasio,
1170 2445 1265 2506 Deum
1287 2465 1352 2506 esse

143 2528 257 2606 justum
271 2527 411 2589 Judieem
425 2529 573 2606 scelerum,
594 2539 625 2589 et
644 2529 670 2590 si
690 2549 748 2590 non
768 2537 916 2589 exerceret
935 2529 1011 2588 hano
1034 2526 1188 2605 justitiam,
1209 2545 1269 2584 non
1289 2523 1351 2586 fore

148 2609 252 2667 Deum.
295 2609 375 2667 Hine
389 2605 454 2672 δίκην
467 2607 489 2669 J
490 2609 554 2669 ovis
566 2609 657 2669 filiam
670 2608 824 2685 finxemnt,
839 2629 926 2687 quam
939 2609 1026 2668 rebus
1039 2606 1173 2666 humanis
1186 2605 1352 2684 praefectam

145 2689 310 2763 voluenmt,
320 2688 360 2747 ad
373 2689 553 2749 ulciscendas
566 2689 687 2767 injurias
701 2699 730 2750 et
742 2709 843 2767 poenas
859 2687 1034 2766 infligendas
1057 2687 1116 2746 illis
1138 2686 1189 2764 qui
1211 2685 1351 2746 adverem

141 2767 228 2828 ·Deos
240 2767 441 2846 deliquissent
484 2768 570 2829 Unde
583 2790 653 2830 vero
667 2769 783 2848 publica
795 2768 852 2830 ista
865 2769 1047 2828 conscicntia
1060 2787 1129 2841 vox,
1142 2786 1207 2844 ques
1220 2765 1353 2825 homines

143 2849 243 2925 arguit
252 2857 284 2907 et
296 2857 435 2908 terrorem
448 2848 507 2908 illis
520 2849 646 2910 incutit?
667 2849 753 2911 Unde
766 2869 844 2909 oseca
856 2849 908 2907 illa
920 2848 1041 2907 verbera
1054 2846 1160 2925 quibus
1182 2853 1353 2923 torquentur

146 2939 214 3005 post
226 2927 388 2988 admissum
402 2929 504 3005 scelus,
520 2929 607 2989 etiam
620 2930 729 2989 nemini
742 2929 899 3006 cognitum,
914 2928 1021 2986 nisiex
1032 2925 1154 3002 justitia
1172 2925 1284 2984 ultricis
1304 2923 1352 2983 lir-

144 3008 276 3067 missima
289 3009 483 3086 persuasione,
497 3028 658 3087 perquam,
673 3017 706 3069 ut
719 3019 817 3068 notum
838 3015 883 3066 est
906 3007 977 3084 ipsis
994 3009 1050 3063 &dr
1069 3003 1133 3080 ἴχω
1157 3001 1249 3062 &aa
1272 3001 1347 3079 ’ίμμ

146 3087 190 3146 ita
202 3087 242 3146 ad
255 3088 321 3166 ejus
333 3089 494 3148 vindictam
507 3098 634 3150 tremunt
647 3098 677 3150 et
690 3089 909 3166 expavescunt?
930 3085 1018 3144 Hunc
1038 3104 1108 3143 vero
1121 3085 1270 3160 publicum
1284 3102 1352 3141 con·

144 3187 274 3242 aensmn,
289 3177 323 3228 ut
330 3168 420 3227 variis
432 3169 526 3228 modis
540 3177 678 3229 testatum
691 3167 792 3242 faeere,
808 3167 850 3226 its
862 3165 1020 3244 praesertim
1030 3162 1177 3223 sacrificiis
1185 3162 1352 3240 probarunt,

145 3247 183 3306 de
197 3246 307 3326 quibus
321 3247 443 3308 affirmat
456 3249 566 3308 Plinio
579 3249 610 3308 in
623 3249 661 3309 iis
674 3246 854 3308 consensisse
867 3253 961 3305 totum
974 3243 1122 3318 mundum,
1138 3241 1272 3320 quamvis
1293 3240 1352 3302 dis·

145 3327 264 3386 cordem
279 3336 310 3387 et
323 3327 380 3386 sibi
398 3329 540 3406 ignotum.
582 3328 656 3389 Cum
675 3328 753 3388 enim
767 3325 907 3387 sacrificia
925 3324 957 3383 in
977 3343 1044 3384 eum
1064 3323 1246 3403 potissimum
1264 3321 1353 3382 finem

145 3406 206 3466 sint
225 3407 369 3482 instituta,
382 3417 417 3467 ut
437 3408 474 3467 iia
495 3407 588 3468 divini
612 3407 746 3470 Numinis
769 3407 812 3466 ira
833 3413 1018 3480 averteretur,
1033 3404 1126 3482 liquet
1138 3404 1213 3464 hano
1226 3429 1249 3464 π
1263 3401 1354 3475 lauda

147 3486 351 3627 iiffi
364 3483 1353 3646 tt’ltttttttttttttttttcttlttftttt:

149 3649 314 3727 resumis
329 3647 440 3708 facium
453 3648 571 3728 impulsi
586 3649 653 3725 sint,
668 3655 702 3708 ut
715 3645 913 3708 excellentiori
927 3645 1037 3706 seilicet
1051 3665 1133 3706 sacro
1151 3644 1264 3706 felicius
1284 3643 1352 3704 lita·

149 3737 212 3788 rent
225 3729 300 3788 irato
312 3727 440 3788 Numini.

205 3855 284 3906 ιιι
293 3855 367 3917 1020·
413 3801 1355 3964 antisatuuararmwmffi

153 3966 396 4048 indispenssbilia,
411 3989 476 4046 quae
487 3969 553 4046 jure
569 3934 625 4027 liei
638 3977 746 4028 oetemo
759 3975 789 4026 et
802 3965 927 4026 natumli
947 3965 1086 4040 nituntur,
1111 3981 1229 4022 necesse
1254 3969 1298 4020 est
1321 3971 1355 4021 ut

153 4051 258 4110 metio
271 4049 399 4129 poenalis
407 4069 472 4126 qua
485 4047 544 4108 illis
557 4048 675 4108 additur
687 4046 819 4126 ejusdem
833 4046 871 4104 sit
884 4053 1004 4119 naturae,
1019 4063 1054 4103 eo
1068 4042 1117 4102 vel
1139 4041 1243 4118 magis,
1266 4041 1354 4116 quod,

150 4139 182 4189 ut
193 4139 280 4190 antea
292 4129 458 4208 probatum,
473 4127 558 4188 detur
571 4127 713 4188 connexio
727 4125 890 4186 necessaria
903 4132 934 4183 et
946 4122 1087 4182 naturalis
1107 4121 1182 4180 inter
1204 4128 1356 4198 peceatum

148 4219 178 4269 et
189 4231 316 4288 poenam,
330 4209 441 4268 malum
458 4209 567 4268 morale
581 4217 611 4267 et
623 4208 784 4286 physicum,
800 4201 1044 4282 quemadmodum
1064 4200 1173 4260 bonum
1196 4197 1305 4258 morale
1326 4208 1357 4260 et

147 4290 301 4367 physicum
314 4287 464 4349 indivulso
478 4289 563 4348 'nexu
576 4287 652 4348 inter
665 4307 697 4347 ae
710 4285 890 4365 copulantur.
932 4281 1146 4340 caeremonialia
1160 4299 1230 4338 vero
1254 4278 1356 4340 eodem

149 4370 248 4446 tendit
268 4389 338 4430 oum
362 4377 442 4428 totus
466 4376 620 4446 apparatus
644 4365 849 4428 sacrificiorum
872 4360 1011 4440 legalium
1033 4381 1093 4419 non
1116 4360 1174 4419 alio
1197 4361 1358 4436 respexerit

149 4468 234 4526 quam
247 4450 288 4509 ad
301 4447 512 4510 ostendendam
525 4447 727 4508 necessitatem
740 4443 915 4524 expiationis
935 4448 1126 4520 peccatorum,
1147 4447 1181 4500 ut
1205 4438 1357 4502 satisfieret

148 4529 278 4591 dustitiaa
292 4528 422 4588 divina:
443 4528 505 4588 Nec
518 4528 605 4587 toties
618 4534 736 4604 urgeret
750 4524 860 4585 Paulus
879 4521 1020 4584 sacrificia
1032 4521 1090 4581 ista
1112 4529 1223 4580 reatum
1245 4521 1358 4597 peceati

149 4609 247 4671 tollere
260 4629 324 4669 non
338 4607 477 4686 potuisse,
493 4607 518 4668 si
532 4607 582 4668 ille
595 4607 678 4668 nulla
688 4605 810 4685 justitia
824 4603 1004 4678 necessitate,
1021 4600 1074 4662 sed
1087 4601 1149 4662 sola
1174 4599 1231 4660 Dei
1253 4600 1357 4693 volun·

147 4698 205 4752 tate
217 4689 329 4754 autern
343 4687 457 4768 potuit:
477 4708 544 4750 nam
558 4687 639 4767 quod
650 4707 670 4748 a
681 4686 775 4748 libera
788 4684 845 4748 Dei
868 4684 1018 4752 voluntate
1042 4681 1158 4765 pendet,
1182 4700 1241 4742 non
1263 4699 1359 4742 mmm
