<?xml version="1.0" encoding="UTF-8"?>
<!DOCTYPE html PUBLIC "-//W3C//DTD XHTML 1.0 Transitional//EN"
    "http://www.w3.org/TR/xhtml1/DTD/xhtml1-transitional.dtd">
<html xmlns="http://www.w3.org/1999/xhtml" xml:lang="en" lang="en">
 <head>
  <title>
</title>
<meta http-equiv="Content-Type" content="text/html;charset=utf-8" />
  <meta name='ocr-system' content='tesseract 3.04.00' />
  <meta name='ocr-capabilities' content='ocr_page ocr_carea ocr_par ocr_line ocrx_word'/>
</head>
<body>
  <div class='ocr_page' id='page_1' title='image "./francisciturret01pictgoog_0231.png"; bbox 0 0 3152 5178; ppageno 0'>
   <div class='ocr_carea' id='block_1_1' title="bbox 191 329 1411 415">
    <p class='ocr_par' dir='ltr' id='par_1_1' title="bbox 191 329 1411 415">
     <span class='ocr_line' id='line_1_1' title="bbox 191 329 1411 415; baseline -0.007 -16"><span class='ocrx_word' id='word_1_1' title='bbox 191 340 256 399; x_wconf 77' lang='grc'><strong>176</strong></span> <span class='ocrx_word' id='word_1_2' title='bbox 681 355 923 399; x_wconf 79' lang='lat' dir='ltr'><strong>ncccsrsamns.</strong></span> <span class='ocrx_word' id='word_1_3' title='bbox 1196 329 1322 415; x_wconf 72' lang='lat' dir='ltr'><strong>[osser.</strong></span> <span class='ocrx_word' id='word_1_4' title='bbox 1337 349 1411 392; x_wconf 84' lang='lat' dir='ltr'><strong>vrrt.</strong></span> 
     </span>
    </p>
   </div>
   <div class='ocr_carea' id='block_1_2' title="bbox 127 493 1414 4502">
    <p class='ocr_par' dir='ltr' id='par_1_2' title="bbox 192 493 1412 655">
     <span class='ocr_line' id='line_1_2' title="bbox 192 493 1412 575; baseline -0.005 -17"><span class='ocrx_word' id='word_1_5' title='bbox 192 497 304 572; x_wconf 86' lang='lat' dir='ltr'><strong>finitus,</strong></span> <span class='ocrx_word' id='word_1_6' title='bbox 319 515 386 556; x_wconf 88' lang='lat' dir='ltr'><strong>cum</strong></span> <span class='ocrx_word' id='word_1_7' title='bbox 400 495 473 555; x_wconf 85' lang='lat' dir='ltr'><strong>nihil</strong></span> <span class='ocrx_word' id='word_1_8' title='bbox 494 496 533 557; x_wconf 87' lang='lat' dir='ltr'><strong>sit</strong></span> <span class='ocrx_word' id='word_1_9' title='bbox 547 505 615 558; x_wconf 87' lang='lat' dir='ltr'><strong>ectu</strong></span> <span class='ocrx_word' id='word_1_10' title='bbox 629 497 761 558; x_wconf 79' lang='lat' dir='ltr'><strong>absolute</strong></span> <span class='ocrx_word' id='word_1_11' title='bbox 781 497 925 558; x_wconf 88' lang='lat' dir='ltr'><strong>infinitum</strong></span> <span class='ocrx_word' id='word_1_12' title='bbox 940 502 1044 575; x_wconf 80' lang='lat' dir='ltr'><strong>prater</strong></span> <span class='ocrx_word' id='word_1_13' title='bbox 1058 496 1171 572; x_wconf 88' lang='lat' dir='ltr'><strong>Deum;</strong></span> <span class='ocrx_word' id='word_1_14' title='bbox 1193 493 1245 555; x_wconf 88' lang='lat' dir='ltr'><strong>sed</strong></span> <span class='ocrx_word' id='word_1_15' title='bbox 1259 494 1296 553; x_wconf 92' lang='lat' dir='ltr'><strong>de</strong></span> <span class='ocrx_word' id='word_1_16' title='bbox 1310 495 1412 574; x_wconf 68' lang='lat' dir='ltr'><strong>cifim-</strong></span> 
     </span>
     <span class='ocr_line' id='line_1_3' title="bbox 195 577 521 655; baseline 0 -17"><span class='ocrx_word' id='word_1_17' title='bbox 195 588 253 638; x_wconf 79' lang='lat' dir='ltr'><strong>tate</strong></span> <span class='ocrx_word' id='word_1_18' title='bbox 262 577 388 655; x_wconf 75' lang='lat' dir='ltr'><strong>propria</strong></span> <span class='ocrx_word' id='word_1_19' title='bbox 401 587 429 636; x_wconf 87' lang='lat' dir='ltr'><strong>et</strong></span> <span class='ocrx_word' id='word_1_20' title='bbox 440 577 470 636; x_wconf 82' lang='lat' dir='ltr'><strong>in</strong></span> <span class='ocrx_word' id='word_1_21' title='bbox 483 598 521 638; x_wconf 82' lang='lat' dir='ltr'><strong>sc.</strong></span> 
     </span>
    </p>

    <p class='ocr_par' dir='ltr' id='par_1_3' title="bbox 186 653 1414 1220">
     <span class='ocr_line' id='line_1_4' title="bbox 237 653 1413 740; baseline -0.002 -24"><span class='ocrx_word' id='word_1_22' title='bbox 237 657 298 717; x_wconf 93' lang='lat' dir='ltr'><strong>III.</strong></span> <span class='ocrx_word' id='word_1_23' title='bbox 321 657 388 716; x_wconf 86' lang='lat' dir='ltr'><strong>Non</strong></span> <span class='ocrx_word' id='word_1_24' title='bbox 408 657 505 735; x_wconf 84' lang='lat' dir='ltr'><strong>agitur</strong></span> <span class='ocrx_word' id='word_1_25' title='bbox 523 657 560 717; x_wconf 91' lang='lat' dir='ltr'><strong>de</strong></span> <span class='ocrx_word' id='word_1_26' title='bbox 573 658 709 740; x_wconf 75' lang='lat' dir='ltr'><strong>infinitate</strong></span> <span class='ocrx_word' id='word_1_27' title='bbox 727 657 1019 736; x_wconf 58' lang='lat' dir='ltr'><strong>meoparonem,</strong></span> <span class='ocrx_word' id='word_1_28' title='bbox 1038 664 1069 716; x_wconf 90' lang='lat' dir='ltr'><strong>et</strong></span> <span class='ocrx_word' id='word_1_29' title='bbox 1089 654 1247 716; x_wconf 86' lang='lat' dir='ltr'><strong>secundum</strong></span> <span class='ocrx_word' id='word_1_30' title='bbox 1268 654 1347 732; x_wconf 88' lang='lat' dir='ltr'><strong>quid,</strong></span> <span class='ocrx_word' id='word_1_31' title='bbox 1367 653 1413 714; x_wconf 87' lang='lat' dir='ltr'><strong>de</strong></span> 
     </span>
     <span class='ocr_line' id='line_1_5' title="bbox 194 734 1413 817; baseline -0.004 -19"><span class='ocrx_word' id='word_1_32' title='bbox 194 757 254 816; x_wconf 86' lang='lat' dir='ltr'><strong>qua</strong></span> <span class='ocrx_word' id='word_1_33' title='bbox 267 737 381 814; x_wconf 87' lang='lat' dir='ltr'><strong>dicitur,</strong></span> <span class='ocrx_word' id='word_1_34' title='bbox 395 757 455 796; x_wconf 91' lang='lat' dir='ltr'><strong>non</strong></span> <span class='ocrx_word' id='word_1_35' title='bbox 469 747 513 798; x_wconf 87' lang='lat' dir='ltr'><strong>tot</strong></span> <span class='ocrx_word' id='word_1_36' title='bbox 525 739 596 816; x_wconf 91' lang='lat' dir='ltr'><strong>quin</strong></span> <span class='ocrx_word' id='word_1_37' title='bbox 609 739 701 817; x_wconf 87' lang='lat' dir='ltr'><strong>plura,</strong></span> <span class='ocrx_word' id='word_1_38' title='bbox 717 739 861 817; x_wconf 89' lang='lat' dir='ltr'><strong>quomodo</strong></span> <span class='ocrx_word' id='word_1_39' title='bbox 875 737 1021 816; x_wconf 73' lang='lat' dir='ltr'><strong>quantitas</strong></span> <span class='ocrx_word' id='word_1_40' title='bbox 1034 737 1141 796; x_wconf 88' lang='lat' dir='ltr'><strong>dicitur</strong></span> <span class='ocrx_word' id='word_1_41' title='bbox 1153 737 1183 794; x_wconf 92' lang='lat' dir='ltr'><strong>in</strong></span> <span class='ocrx_word' id='word_1_42' title='bbox 1197 735 1342 795; x_wconf 87' lang='lat' dir='ltr'><strong>infinitum</strong></span> <span class='ocrx_word' id='word_1_43' title='bbox 1359 734 1413 793; x_wconf 87' lang='lat' dir='ltr'><strong>di·</strong></span> 
     </span>
     <span class='ocr_line' id='line_1_6' title="bbox 195 816 1411 896; baseline -0.002 -19"><span class='ocrx_word' id='word_1_44' title='bbox 195 817 340 894; x_wconf 83' lang='lat' dir='ltr'><strong>visibilis3</strong></span> <span class='ocrx_word' id='word_1_45' title='bbox 363 816 416 877; x_wconf 88' lang='lat' dir='ltr'><strong>sed</strong></span> <span class='ocrx_word' id='word_1_46' title='bbox 429 816 466 876; x_wconf 89' lang='lat' dir='ltr'><strong>de</strong></span> <span class='ocrx_word' id='word_1_47' title='bbox 479 820 712 896; x_wconf 73' lang='lat' dir='ltr'><strong>cateporemoticc</strong></span> <span class='ocrx_word' id='word_1_48' title='bbox 729 827 760 878; x_wconf 91' lang='lat' dir='ltr'><strong>et</strong></span> <span class='ocrx_word' id='word_1_49' title='bbox 779 819 931 878; x_wconf 82' lang='lat' dir='ltr'><strong>absoluta:</strong></span> <span class='ocrx_word' id='word_1_50' title='bbox 967 817 1033 876; x_wconf 85' lang='lat' dir='ltr'><strong>Non</strong></span> <span class='ocrx_word' id='word_1_51' title='bbox 1053 817 1090 890; x_wconf 85' lang='lat' dir='ltr'><strong>de</strong></span> <span class='ocrx_word' id='word_1_52' title='bbox 1110 817 1246 896; x_wconf 77' lang='lat' dir='ltr'><strong>infinitate</strong></span> <span class='ocrx_word' id='word_1_53' title='bbox 1261 816 1411 892; x_wconf 78' lang='lat' dir='ltr'><strong>potentia,</strong></span> 
     </span>
     <span class='ocr_line' id='line_1_7' title="bbox 195 895 1414 977; baseline -0.002 -21"><span class='ocrx_word' id='word_1_54' title='bbox 195 917 254 974; x_wconf 93' lang='lat' dir='ltr'><strong>quo</strong></span> <span class='ocrx_word' id='word_1_55' title='bbox 269 917 357 957; x_wconf 90' lang='lat' dir='ltr'><strong>sensu</strong></span> <span class='ocrx_word' id='word_1_56' title='bbox 369 897 497 957; x_wconf 73' lang='lat' dir='ltr'><strong>materia</strong></span> <span class='ocrx_word' id='word_1_57' title='bbox 507 900 652 977; x_wconf 85' lang='lat' dir='ltr'><strong>appetitus</strong></span> <span class='ocrx_word' id='word_1_58' title='bbox 665 907 798 976; x_wconf 89' lang='lat' dir='ltr'><strong>respectu</strong></span> <span class='ocrx_word' id='word_1_59' title='bbox 811 898 966 958; x_wconf 84' lang='lat' dir='ltr'><strong>formarum</strong></span> <span class='ocrx_word' id='word_1_60' title='bbox 980 897 1086 958; x_wconf 82' lang='lat' dir='ltr'><strong>dicitm</strong></span> <span class='ocrx_word' id='word_1_61' title='bbox 1098 917 1163 956; x_wconf 87' lang='lat' dir='ltr'><strong>csse</strong></span> <span class='ocrx_word' id='word_1_62' title='bbox 1176 896 1308 955; x_wconf 90' lang='lat' dir='ltr'><strong>infinitus</strong></span> <span class='ocrx_word' id='word_1_63' title='bbox 1319 917 1326 972; x_wconf 86' lang='lat'>;</span> <span class='ocrx_word' id='word_1_64' title='bbox 1349 895 1414 954; x_wconf 86' lang='lat' dir='ltr'><strong>sed</strong></span> 
     </span>
     <span class='ocr_line' id='line_1_8' title="bbox 195 976 1413 1057; baseline -0.002 -21"><span class='ocrx_word' id='word_1_65' title='bbox 195 977 233 1037; x_wconf 91' lang='lat' dir='ltr'><strong>de</strong></span> <span class='ocrx_word' id='word_1_66' title='bbox 247 978 381 1057; x_wconf 75' lang='lat' dir='ltr'><strong>irytuitate</strong></span> <span class='ocrx_word' id='word_1_67' title='bbox 391 986 456 1036; x_wconf 81' lang='lat' dir='ltr'><strong>actu</strong></span> <span class='ocrx_word' id='word_1_68' title='bbox 470 979 530 1055; x_wconf 85' lang='lat' dir='ltr'><strong>tali,</strong></span> <span class='ocrx_word' id='word_1_69' title='bbox 542 980 700 1040; x_wconf 87' lang='lat' dir='ltr'><strong>secundum</strong></span> <span class='ocrx_word' id='word_1_70' title='bbox 711 999 797 1057; x_wconf 87' lang='lat' dir='ltr'><strong>quam</strong></span> <span class='ocrx_word' id='word_1_71' title='bbox 807 978 932 1038; x_wconf 87' lang='lat' dir='ltr'><strong>essentia</strong></span> <span class='ocrx_word' id='word_1_72' title='bbox 945 997 1004 1037; x_wconf 90' lang='lat' dir='ltr'><strong>non</strong></span> <span class='ocrx_word' id='word_1_73' title='bbox 1017 986 1062 1037; x_wconf 92' lang='lat' dir='ltr'><strong>est</strong></span> <span class='ocrx_word' id='word_1_74' title='bbox 1075 986 1187 1037; x_wconf 89' lang='lat' dir='ltr'><strong>tantum</strong></span> <span class='ocrx_word' id='word_1_75' title='bbox 1197 976 1309 1056; x_wconf 65' lang='lat' dir='ltr'><strong>allgem</strong></span> <span class='ocrx_word' id='word_1_76' title='bbox 1322 977 1413 1035; x_wconf 74' lang='lat' dir='ltr'><strong>inde-</strong></span> 
     </span>
     <span class='ocr_line' id='line_1_9' title="bbox 186 1055 1407 1141; baseline -0.001 -24"><span class='ocrx_word' id='word_1_77' title='bbox 186 1058 284 1137; x_wconf 81' lang='lat' dir='ltr'><strong>finita,</strong></span> <span class='ocrx_word' id='word_1_78' title='bbox 300 1057 353 1117; x_wconf 88' lang='lat' dir='ltr'><strong>sed</strong></span> <span class='ocrx_word' id='word_1_79' title='bbox 365 1076 468 1117; x_wconf 86' lang='lat' dir='ltr'><strong>revere</strong></span> <span class='ocrx_word' id='word_1_80' title='bbox 480 1063 578 1141; x_wconf 58' lang='lat' dir='ltr'><strong>&amp;magn</strong></span> <span class='ocrx_word' id='word_1_81' title='bbox 591 1061 708 1140; x_wconf 81' lang='lat' dir='ltr'><strong>infinita,</strong></span> <span class='ocrx_word' id='word_1_82' title='bbox 723 1079 783 1119; x_wconf 92' lang='lat' dir='ltr'><strong>non</strong></span> <span class='ocrx_word' id='word_1_83' title='bbox 795 1067 908 1120; x_wconf 82' lang='lat' dir='ltr'><strong>tuntum</strong></span> <span class='ocrx_word' id='word_1_84' title='bbox 922 1066 989 1118; x_wconf 90' lang='lat' dir='ltr'><strong>actu</strong></span> <span class='ocrx_word' id='word_1_85' title='bbox 1003 1057 1115 1117; x_wconf 81' lang='lat' dir='ltr'><strong>infinita</strong></span> <span class='ocrx_word' id='word_1_86' title='bbox 1135 1057 1167 1116; x_wconf 90' lang='lat' dir='ltr'><strong>in</strong></span> <span class='ocrx_word' id='word_1_87' title='bbox 1180 1077 1251 1117; x_wconf 87' lang='lat' dir='ltr'><strong>casu</strong></span> <span class='ocrx_word' id='word_1_88' title='bbox 1271 1055 1407 1135; x_wconf 88' lang='lat' dir='ltr'><strong>obliquo,</strong></span> 
     </span>
     <span class='ocr_line' id='line_1_10' title="bbox 195 1136 725 1220; baseline 0.004 -22"><span class='ocrx_word' id='word_1_89' title='bbox 195 1136 249 1198; x_wconf 85' lang='lat' dir='ltr'><strong>sed</strong></span> <span class='ocrx_word' id='word_1_90' title='bbox 263 1137 352 1196; x_wconf 89' lang='lat' dir='ltr'><strong>etiam</strong></span> <span class='ocrx_word' id='word_1_91' title='bbox 365 1145 444 1196; x_wconf 71' lang='lat' dir='ltr'><strong>actara</strong></span> <span class='ocrx_word' id='word_1_92' title='bbox 458 1139 578 1220; x_wconf 71' lang='lat' dir='ltr'><strong>inficiata</strong></span> <span class='ocrx_word' id='word_1_93' title='bbox 592 1141 622 1199; x_wconf 89' lang='lat' dir='ltr'><strong>in</strong></span> <span class='ocrx_word' id='word_1_94' title='bbox 636 1149 725 1201; x_wconf 85' lang='lat' dir='ltr'><strong>recto.</strong></span> 
     </span>
    </p>

    <p class='ocr_par' dir='ltr' id='par_1_4' title="bbox 194 1216 1410 1681">
     <span class='ocr_line' id='line_1_11' title="bbox 237 1216 1410 1296; baseline 0 -20"><span class='ocrx_word' id='word_1_95' title='bbox 237 1218 294 1278; x_wconf 88' lang='lat' dir='ltr'><strong>IV.</strong></span> <span class='ocrx_word' id='word_1_96' title='bbox 316 1217 396 1277; x_wconf 89' lang='lat' dir='ltr'><strong>Huic</strong></span> <span class='ocrx_word' id='word_1_97' title='bbox 419 1218 560 1280; x_wconf 81' lang='lat' dir='ltr'><strong>Infinitati</strong></span> <span class='ocrx_word' id='word_1_98' title='bbox 582 1219 765 1280; x_wconf 83' lang='lat' dir='ltr'><strong>intercedunt</strong></span> <span class='ocrx_word' id='word_1_99' title='bbox 780 1217 934 1296; x_wconf 86' lang='lat' dir='ltr'><strong>Sooiniani,</strong></span> <span class='ocrx_word' id='word_1_100' title='bbox 957 1218 1053 1296; x_wconf 89' lang='lat' dir='ltr'><strong>etqui</strong></span> <span class='ocrx_word' id='word_1_101' title='bbox 1070 1237 1168 1278; x_wconf 89' lang='lat' dir='ltr'><strong>eorum</strong></span> <span class='ocrx_word' id='word_1_102' title='bbox 1187 1216 1318 1295; x_wconf 87' lang='lat' dir='ltr'><strong>juvenca</strong></span> <span class='ocrx_word' id='word_1_103' title='bbox 1339 1225 1410 1276; x_wconf 86' lang='lat' dir='ltr'><strong>arat</strong></span> 
     </span>
     <span class='ocr_line' id='line_1_12' title="bbox 196 1295 1410 1378; baseline 0.001 -22"><span class='ocrx_word' id='word_1_104' title='bbox 196 1295 351 1374; x_wconf 73' lang='lat' dir='ltr'><strong>vorstius,</strong></span> <span class='ocrx_word' id='word_1_105' title='bbox 373 1297 424 1375; x_wconf 89' lang='lat' dir='ltr'><strong>qui</strong></span> <span class='ocrx_word' id='word_1_106' title='bbox 437 1307 471 1358; x_wconf 92' lang='lat' dir='ltr'><strong>ut</strong></span> <span class='ocrx_word' id='word_1_107' title='bbox 484 1301 706 1360; x_wconf 64' lang='lat' dir='ltr'><strong>immensitatem</strong></span> <span class='ocrx_word' id='word_1_108' title='bbox 721 1299 777 1359; x_wconf 91' lang='lat' dir='ltr'><strong>Dei</strong></span> <span class='ocrx_word' id='word_1_109' title='bbox 790 1299 887 1378; x_wconf 87' lang='lat' dir='ltr'><strong>quoad</strong></span> <span class='ocrx_word' id='word_1_110' title='bbox 907 1299 1061 1358; x_wconf 76' lang='lat' dir='ltr'><strong>essentiam</strong></span> <span class='ocrx_word' id='word_1_111' title='bbox 1084 1316 1143 1357; x_wconf 90' lang='lat' dir='ltr'><strong>non</strong></span> <span class='ocrx_word' id='word_1_112' title='bbox 1165 1307 1338 1375; x_wconf 83' lang='lat' dir='ltr'><strong>agnoscunt,</strong></span> <span class='ocrx_word' id='word_1_113' title='bbox 1360 1297 1410 1357; x_wconf 87' lang='lat' dir='ltr'><strong>ita</strong></span> 
     </span>
     <span class='ocr_line' id='line_1_13' title="bbox 195 1378 1408 1458; baseline 0 -22"><span class='ocrx_word' id='word_1_114' title='bbox 195 1379 299 1438; x_wconf 88' lang='lat' dir='ltr'><strong>nolunt</strong></span> <span class='ocrx_word' id='word_1_115' title='bbox 313 1379 409 1438; x_wconf 90' lang='lat' dir='ltr'><strong>Deum</strong></span> <span class='ocrx_word' id='word_1_116' title='bbox 422 1397 486 1439; x_wconf 83' lang='lat' dir='ltr'><strong>esee</strong></span> <span class='ocrx_word' id='word_1_117' title='bbox 500 1389 567 1441; x_wconf 89' lang='lat' dir='ltr'><strong>actu</strong></span> <span class='ocrx_word' id='word_1_118' title='bbox 580 1378 724 1441; x_wconf 84' lang='lat' dir='ltr'><strong>inlinitum</strong></span> <span class='ocrx_word' id='word_1_119' title='bbox 744 1379 919 1458; x_wconf 85' lang='lat' dir='ltr'><strong>simpliciter,</strong></span> <span class='ocrx_word' id='word_1_120' title='bbox 934 1379 1002 1438; x_wconf 91' lang='lat' dir='ltr'><strong>licet</strong></span> <span class='ocrx_word' id='word_1_121' title='bbox 1016 1387 1148 1456; x_wconf 84' lang='lat' dir='ltr'><strong>respectu</strong></span> <span class='ocrx_word' id='word_1_122' title='bbox 1161 1378 1254 1437; x_wconf 90' lang='lat' dir='ltr'><strong>nostri</strong></span> <span class='ocrx_word' id='word_1_123' title='bbox 1268 1379 1311 1437; x_wconf 86' lang='lat' dir='ltr'><strong>sic</strong></span> <span class='ocrx_word' id='word_1_124' title='bbox 1325 1397 1408 1454; x_wconf 83' lang='lat' dir='ltr'><strong>saepe</strong></span> 
     </span>
     <span class='ocr_line' id='line_1_14' title="bbox 195 1457 1407 1536; baseline -0.001 -20"><span class='ocrx_word' id='word_1_125' title='bbox 195 1457 317 1518; x_wconf 87' lang='lat' dir='ltr'><strong>dicatur.</strong></span> <span class='ocrx_word' id='word_1_126' title='bbox 353 1457 591 1520; x_wconf 83' lang='lat' dir='ltr'><strong>Remcnstrsntes</strong></span> <span class='ocrx_word' id='word_1_127' title='bbox 605 1481 683 1536; x_wconf 87' lang='lat' dir='ltr'><strong>vcro,</strong></span> <span class='ocrx_word' id='word_1_128' title='bbox 698 1461 768 1520; x_wconf 88' lang='lat' dir='ltr'><strong>licet</strong></span> <span class='ocrx_word' id='word_1_129' title='bbox 780 1459 928 1536; x_wconf 77' lang='lat' dir='ltr'><strong>indirecte,</strong></span> <span class='ocrx_word' id='word_1_130' title='bbox 944 1459 1002 1518; x_wconf 89' lang='lat' dir='ltr'><strong>illis</strong></span> <span class='ocrx_word' id='word_1_131' title='bbox 1016 1458 1236 1536; x_wconf 73' lang='lat' dir='ltr'><strong>adstipulantur,</strong></span> <span class='ocrx_word' id='word_1_132' title='bbox 1252 1457 1323 1517; x_wconf 88' lang='lat' dir='ltr'><strong>dum</strong></span> <span class='ocrx_word' id='word_1_133' title='bbox 1337 1457 1407 1515; x_wconf 88' lang='lat' dir='ltr'><strong>infi-</strong></span> 
     </span>
     <span class='ocr_line' id='line_1_15' title="bbox 195 1537 1408 1619; baseline 0.001 -25"><span class='ocrx_word' id='word_1_134' title='bbox 195 1537 316 1596; x_wconf 80' lang='lat' dir='ltr'><strong>nitatem</strong></span> <span class='ocrx_word' id='word_1_135' title='bbox 335 1539 472 1615; x_wconf 83' lang='lat' dir='ltr'><strong>potentisc</strong></span> <span class='ocrx_word' id='word_1_136' title='bbox 491 1549 521 1600; x_wconf 90' lang='lat' dir='ltr'><strong>et</strong></span> <span class='ocrx_word' id='word_1_137' title='bbox 538 1540 715 1618; x_wconf 89' lang='lat' dir='ltr'><strong>operationis</strong></span> <span class='ocrx_word' id='word_1_138' title='bbox 734 1540 852 1619; x_wconf 91' lang='lat' dir='ltr'><strong>quidem</strong></span> <span class='ocrx_word' id='word_1_139' title='bbox 872 1540 936 1599; x_wconf 91' lang='lat' dir='ltr'><strong>Deo</strong></span> <span class='ocrx_word' id='word_1_140' title='bbox 956 1539 1133 1617; x_wconf 86' lang='lat' dir='ltr'><strong>adscribunt,</strong></span> <span class='ocrx_word' id='word_1_141' title='bbox 1156 1537 1208 1598; x_wconf 90' lang='lat' dir='ltr'><strong>sed</strong></span> <span class='ocrx_word' id='word_1_142' title='bbox 1228 1537 1408 1597; x_wconf 81' lang='lat' dir='ltr'><strong>infinitatem</strong></span> 
     </span>
     <span class='ocr_line' id='line_1_16' title="bbox 194 1617 882 1681; baseline 0.006 -5"><span class='ocrx_word' id='word_1_143' title='bbox 194 1617 328 1677; x_wconf 75' lang='lat' dir='ltr'><strong>essentiae</strong></span> <span class='ocrx_word' id='word_1_144' title='bbox 341 1617 390 1676; x_wconf 85' lang='lat' dir='ltr'><strong>vel</strong></span> <span class='ocrx_word' id='word_1_145' title='bbox 404 1620 512 1679; x_wconf 90' lang='lat' dir='ltr'><strong>tollunt</strong></span> <span class='ocrx_word' id='word_1_146' title='bbox 525 1620 574 1680; x_wconf 82' lang='lat' dir='ltr'><strong>vel</strong></span> <span class='ocrx_word' id='word_1_147' title='bbox 588 1621 619 1678; x_wconf 91' lang='lat' dir='ltr'><strong>in</strong></span> <span class='ocrx_word' id='word_1_148' title='bbox 632 1619 752 1681; x_wconf 90' lang='lat' dir='ltr'><strong>dubium</strong></span> <span class='ocrx_word' id='word_1_149' title='bbox 766 1628 882 1680; x_wconf 86' lang='lat' dir='ltr'><strong>vocant.</strong></span> 
     </span>
    </p>

    <p class='ocr_par' dir='ltr' id='par_1_5' title="bbox 127 1698 1410 4502">
     <span class='ocr_line' id='line_1_17' title="bbox 194 1698 1409 1858; baseline -0.002 -20"><span class='ocrx_word' id='word_1_150' title='bbox 194 1747 437 1854; x_wconf 58' lang='lat' dir='ltr'><strong>”mett</strong></span> <span class='ocrx_word' id='word_1_151' title='bbox 457 1699 1047 1858; x_wconf 34' lang='lat' dir='ltr'><strong>,altaserram</strong></span> <span class='ocrx_word' id='word_1_152' title='bbox 1055 1698 1409 1857; x_wconf 53' lang='lat' dir='ltr'><strong>lfflllllffit‘l</strong></span> 
     </span>
     <span class='ocr_line' id='line_1_18' title="bbox 193 2017 1407 2178; baseline -0.006 -13"><span class='ocrx_word' id='word_1_153' title='bbox 193 2021 608 2164; x_wconf 55' lang='lat' dir='ltr'><strong>tttlitdttthfittt</strong></span> <span class='ocrx_word' id='word_1_154' title='bbox 622 2020 1118 2162; x_wconf 54' lang='lat' dir='ltr'><strong>ltttdpfftl&#39;ttlttht</strong></span> <span class='ocrx_word' id='word_1_155' title='bbox 1132 2019 1186 2158; x_wconf 72' lang='lat' dir='ltr'><strong>tl</strong></span> <span class='ocrx_word' id='word_1_156' title='bbox 1198 2017 1407 2178; x_wconf 60' lang='lat' dir='ltr'><strong>ttuttttit</strong></span> 
     </span>
     <span class='ocr_line' id='line_1_19' title="bbox 194 2121 1408 2260; baseline -0.006 -15"><span class='ocrx_word' id='word_1_157' title='bbox 194 2206 219 2245; x_wconf 89' lang='lat' dir='ltr'><strong>c.</strong></span> <span class='ocrx_word' id='word_1_158' title='bbox 236 2185 277 2244; x_wconf 84' lang='lat' dir='ltr'><strong>xi.</strong></span> <span class='ocrx_word' id='word_1_159' title='bbox 295 2189 324 2242; x_wconf 87' lang='grc'><strong>7.</strong></span> <span class='ocrx_word' id='word_1_160' title='bbox 338 2125 386 2243; x_wconf 57' lang='lat' dir='ltr'><strong>ln</strong></span> <span class='ocrx_word' id='word_1_161' title='bbox 400 2183 626 2260; x_wconf 72' lang='lat' dir='ltr'><strong>profirnditatem</strong></span> <span class='ocrx_word' id='word_1_162' title='bbox 639 2183 698 2242; x_wconf 83' lang='lat' dir='ltr'><strong>Dei</strong></span> <span class='ocrx_word' id='word_1_163' title='bbox 717 2183 911 2258; x_wconf 60' lang='lat' dir='ltr'><strong>invenissent</strong></span> <span class='ocrx_word' id='word_1_164' title='bbox 929 2183 971 2240; x_wconf 84' lang='lat' dir='ltr'><strong>ad</strong></span> <span class='ocrx_word' id='word_1_165' title='bbox 984 2121 1183 2257; x_wconf 64' lang='lat' dir='ltr'><strong>persectioltem</strong></span> <span class='ocrx_word' id='word_1_166' title='bbox 1199 2179 1408 2258; x_wconf 73' lang='lat' dir='ltr'><strong>Omm&#39;potentis</strong></span> 
     </span>
     <span class='ocr_line' id='line_1_20' title="bbox 188 2261 1410 2342; baseline -0.004 -19"><span class='ocrx_word' id='word_1_167' title='bbox 188 2263 359 2342; x_wconf 70' lang='lat' dir='ltr'><strong>pervenies!</strong></span> <span class='ocrx_word' id='word_1_168' title='bbox 385 2264 472 2322; x_wconf 83' lang='lat' dir='ltr'><strong>altior</strong></span> <span class='ocrx_word' id='word_1_169' title='bbox 485 2263 679 2322; x_wconf 72' lang='lat' dir='ltr'><strong>estaltrhst&#39;mri</strong></span> <span class='ocrx_word' id='word_1_170' title='bbox 698 2264 779 2338; x_wconf 81' lang='lat' dir='ltr'><strong>ooels&#39;s,</strong></span> <span class='ocrx_word' id='word_1_171' title='bbox 795 2263 869 2339; x_wconf 84' lang='lat' dir='ltr'><strong>quid</strong></span> <span class='ocrx_word' id='word_1_172' title='bbox 885 2263 981 2339; x_wconf 73' lang='lat' dir='ltr'><strong>apua!</strong></span> <span class='ocrx_word' id='word_1_173' title='bbox 1004 2261 1178 2337; x_wconf 71' lang='lat' dir='ltr'><strong>profirndior</strong></span> <span class='ocrx_word' id='word_1_174' title='bbox 1198 2261 1318 2337; x_wconf 66' lang='lat' dir='ltr'><strong>ecfer-no,</strong></span> <span class='ocrx_word' id='word_1_175' title='bbox 1334 2261 1410 2337; x_wconf 81' lang='lat' dir='ltr'><strong>quid</strong></span> 
     </span>
     <span class='ocr_line' id='line_1_21' title="bbox 194 2339 1406 2421; baseline -0.002 -18"><span class='ocrx_word' id='word_1_176' title='bbox 194 2344 372 2421; x_wconf 63' lang='lat' dir='ltr'><strong>eognoscat!</strong></span> <span class='ocrx_word' id='word_1_177' title='bbox 394 2341 504 2418; x_wconf 74' lang='lat' dir='ltr'><strong>lottpior</strong></span> <span class='ocrx_word' id='word_1_178' title='bbox 524 2352 604 2400; x_wconf 79' lang='lat' dir='ltr'><strong>terra</strong></span> <span class='ocrx_word' id='word_1_179' title='bbox 617 2361 749 2401; x_wconf 72' lang='lat' dir='ltr'><strong>matura</strong></span> <span class='ocrx_word' id='word_1_180' title='bbox 768 2346 835 2418; x_wconf 81' lang='lat' dir='ltr'><strong>ejus,</strong></span> <span class='ocrx_word' id='word_1_181' title='bbox 856 2351 883 2400; x_wconf 82' lang='lat' dir='ltr'><strong>et</strong></span> <span class='ocrx_word' id='word_1_182' title='bbox 901 2341 987 2401; x_wconf 78' lang='lat' dir='ltr'><strong>latior</strong></span> <span class='ocrx_word' id='word_1_183' title='bbox 1000 2341 1084 2400; x_wconf 81' lang='lat' dir='ltr'><strong>mari.</strong></span> <span class='ocrx_word' id='word_1_184' title='bbox 1126 2341 1228 2419; x_wconf 86' lang='lat' dir='ltr'><strong>Neque</strong></span> <span class='ocrx_word' id='word_1_185' title='bbox 1241 2340 1301 2399; x_wconf 88' lang='lat' dir='ltr'><strong>dici</strong></span> <span class='ocrx_word' id='word_1_186' title='bbox 1315 2339 1406 2400; x_wconf 84' lang='lat' dir='ltr'><strong>debet</strong></span> 
     </span>
     <span class='ocr_line' id='line_1_22' title="bbox 193 2420 1405 2500; baseline -0.003 -17"><span class='ocrx_word' id='word_1_187' title='bbox 193 2425 257 2483; x_wconf 76' lang='lat' dir='ltr'><strong>hac</strong></span> <span class='ocrx_word' id='word_1_188' title='bbox 271 2423 362 2481; x_wconf 84' lang='lat' dir='ltr'><strong>verba</strong></span> <span class='ocrx_word' id='word_1_189' title='bbox 375 2421 414 2480; x_wconf 86' lang='lat' dir='ltr'><strong>ad</strong></span> <span class='ocrx_word' id='word_1_190' title='bbox 426 2420 631 2498; x_wconf 75' lang='lat' dir='ltr'><strong>perfectionem</strong></span> <span class='ocrx_word' id='word_1_191' title='bbox 645 2421 793 2499; x_wconf 74' lang='lat' dir='ltr'><strong>sapientia</strong></span> <span class='ocrx_word' id='word_1_192' title='bbox 809 2421 924 2500; x_wconf 87' lang='lat' dir='ltr'><strong>proprie</strong></span> <span class='ocrx_word' id='word_1_193' title='bbox 945 2431 1083 2499; x_wconf 87' lang='lat' dir='ltr'><strong>spectare,</strong></span> <span class='ocrx_word' id='word_1_194' title='bbox 1097 2428 1131 2480; x_wconf 89' lang='lat' dir='ltr'><strong>nt</strong></span> <span class='ocrx_word' id='word_1_195' title='bbox 1143 2421 1208 2480; x_wconf 83' lang='lat' dir='ltr'><strong>vult</strong></span> <span class='ocrx_word' id='word_1_196' title='bbox 1224 2420 1354 2496; x_wconf 79' lang='lat' dir='ltr'><strong>Orellius,</strong></span> <span class='ocrx_word' id='word_1_197' title='bbox 1368 2420 1405 2479; x_wconf 92' lang='lat' dir='ltr'><strong>li.</strong></span> 
     </span>
     <span class='ocr_line' id='line_1_23' title="bbox 193 2499 1408 2580; baseline -0.003 -17"><span class='ocrx_word' id='word_1_198' title='bbox 193 2503 213 2564; x_wconf 87' lang='lat' dir='ltr'><strong>i.</strong></span> <span class='ocrx_word' id='word_1_199' title='bbox 237 2503 275 2561; x_wconf 83' lang='lat' dir='ltr'><strong>de</strong></span> <span class='ocrx_word' id='word_1_200' title='bbox 290 2501 366 2561; x_wconf 88' lang='lat' dir='ltr'><strong>Reli.</strong></span> <span class='ocrx_word' id='word_1_201' title='bbox 382 2521 407 2560; x_wconf 93' lang='lat' dir='ltr'><strong>c.</strong></span> <span class='ocrx_word' id='word_1_202' title='bbox 422 2499 517 2560; x_wconf 82' lang='lat' dir='ltr'><strong>xxvii.</strong></span> <span class='ocrx_word' id='word_1_203' title='bbox 559 2501 642 2578; x_wconf 89' lang='lat' dir='ltr'><strong>Nam,</strong></span> <span class='ocrx_word' id='word_1_204' title='bbox 657 2510 848 2580; x_wconf 67' lang='lat' dir='ltr'><strong>preterquam</strong></span> <span class='ocrx_word' id='word_1_205' title='bbox 863 2501 942 2579; x_wconf 90' lang='lat' dir='ltr'><strong>quod</strong></span> <span class='ocrx_word' id='word_1_206' title='bbox 964 2500 1047 2560; x_wconf 90' lang='lat' dir='ltr'><strong>locus</strong></span> <span class='ocrx_word' id='word_1_207' title='bbox 1067 2509 1189 2560; x_wconf 85' lang='lat' dir='ltr'><strong>testatur</strong></span> <span class='ocrx_word' id='word_1_208' title='bbox 1209 2501 1258 2578; x_wconf 88' lang='lat' dir='ltr'><strong>agi</strong></span> <span class='ocrx_word' id='word_1_209' title='bbox 1281 2499 1319 2560; x_wconf 89' lang='lat' dir='ltr'><strong>dc</strong></span> <span class='ocrx_word' id='word_1_210' title='bbox 1338 2501 1408 2579; x_wconf 87' lang='lat' dir='ltr'><strong>ipsa</strong></span> 
     </span>
     <span class='ocr_line' id='line_1_24' title="bbox 194 2579 1406 2660; baseline -0.002 -17"><span class='ocrx_word' id='word_1_211' title='bbox 194 2583 252 2643; x_wconf 92' lang='lat' dir='ltr'><strong>Dei</strong></span> <span class='ocrx_word' id='word_1_212' title='bbox 265 2579 618 2660; x_wconf 85' lang='lat' dir='ltr'><strong>incomprehensibilitate,</strong></span> <span class='ocrx_word' id='word_1_213' title='bbox 634 2581 660 2640; x_wconf 89' lang='lat' dir='ltr'><strong>si</strong></span> <span class='ocrx_word' id='word_1_214' title='bbox 679 2581 718 2640; x_wconf 90' lang='lat' dir='ltr'><strong>ad</strong></span> <span class='ocrx_word' id='word_1_215' title='bbox 731 2581 901 2658; x_wconf 88' lang='lat' dir='ltr'><strong>sapientiam</strong></span> <span class='ocrx_word' id='word_1_216' title='bbox 920 2590 1033 2641; x_wconf 88' lang='lat' dir='ltr'><strong>tantum</strong></span> <span class='ocrx_word' id='word_1_217' title='bbox 1049 2581 1212 2658; x_wconf 86' lang='lat' dir='ltr'><strong>respiceret,</strong></span> <span class='ocrx_word' id='word_1_218' title='bbox 1232 2601 1291 2640; x_wconf 90' lang='lat' dir='ltr'><strong>non</strong></span> <span class='ocrx_word' id='word_1_219' title='bbox 1305 2583 1406 2640; x_wconf 90' lang='lat' dir='ltr'><strong>minus</strong></span> 
     </span>
     <span class='ocr_line' id='line_1_25' title="bbox 193 2661 1406 2740; baseline -0.003 -16"><span class='ocrx_word' id='word_1_220' title='bbox 193 2662 350 2740; x_wconf 83' lang='lat' dir='ltr'><strong>stringeret</strong></span> <span class='ocrx_word' id='word_1_221' title='bbox 363 2669 574 2739; x_wconf 85' lang='lat' dir='ltr'><strong>argumentum,</strong></span> <span class='ocrx_word' id='word_1_222' title='bbox 589 2661 658 2738; x_wconf 88' lang='lat' dir='ltr'><strong>quia</strong></span> <span class='ocrx_word' id='word_1_223' title='bbox 671 2661 831 2739; x_wconf 86' lang='lat' dir='ltr'><strong>proprietas</strong></span> <span class='ocrx_word' id='word_1_224' title='bbox 852 2661 971 2721; x_wconf 84' lang='lat' dir='ltr'><strong>infinitas</strong></span> <span class='ocrx_word' id='word_1_225' title='bbox 984 2661 1168 2739; x_wconf 85' lang='lat' dir='ltr'><strong>perfectionis</strong></span> <span class='ocrx_word' id='word_1_226' title='bbox 1187 2670 1297 2720; x_wconf 77' lang='lat' dir='ltr'><strong>naturae</strong></span> <span class='ocrx_word' id='word_1_227' title='bbox 1311 2661 1406 2720; x_wconf 71' lang='lat' dir='ltr'><strong>linita</strong></span> 
     </span>
     <span class='ocr_line' id='line_1_26' title="bbox 193 2741 1409 2820; baseline -0.002 -17"><span class='ocrx_word' id='word_1_228' title='bbox 193 2742 348 2803; x_wconf 84' lang='lat' dir='ltr'><strong>convenire</strong></span> <span class='ocrx_word' id='word_1_229' title='bbox 367 2761 427 2801; x_wconf 92' lang='lat' dir='ltr'><strong>non</strong></span> <span class='ocrx_word' id='word_1_230' title='bbox 444 2748 550 2819; x_wconf 89' lang='lat' dir='ltr'><strong>potest.</strong></span> <span class='ocrx_word' id='word_1_231' title='bbox 590 2741 704 2800; x_wconf 84' lang='lat' dir='ltr'><strong>Eodem</strong></span> <span class='ocrx_word' id='word_1_232' title='bbox 722 2750 853 2820; x_wconf 85' lang='lat' dir='ltr'><strong>spectant</strong></span> <span class='ocrx_word' id='word_1_233' title='bbox 871 2743 936 2818; x_wconf 85' lang='lat' dir='ltr'><strong>ista,</strong></span> <span class='ocrx_word' id='word_1_234' title='bbox 959 2742 1016 2800; x_wconf 81' lang='lat' dir='ltr'><strong>Isa</strong></span> <span class='ocrx_word' id='word_1_235' title='bbox 1031 2741 1072 2801; x_wconf 85' lang='lat' dir='ltr'><strong>xl.</strong></span> <span class='ocrx_word' id='word_1_236' title='bbox 1091 2745 1137 2816; x_wconf 81' lang='lat'><strong>12,</strong></span> <span class='ocrx_word' id='word_1_237' title='bbox 1155 2741 1226 2809; x_wconf 74' lang='lat' dir='ltr'><strong>Qus</strong></span> <span class='ocrx_word' id='word_1_238' title='bbox 1239 2762 1350 2801; x_wconf 75' lang='lat' dir='ltr'><strong>mersans</strong></span> <span class='ocrx_word' id='word_1_239' title='bbox 1364 2751 1409 2800; x_wconf 77' lang='lat' dir='ltr'><strong>est</strong></span> 
     </span>
     <span class='ocr_line' id='line_1_27' title="bbox 188 2819 1407 2902; baseline 0.001 -20"><span class='ocrx_word' id='word_1_240' title='bbox 188 2823 300 2902; x_wconf 73' lang='lat' dir='ltr'><strong>pupillo</strong></span> <span class='ocrx_word' id='word_1_241' title='bbox 314 2841 415 2900; x_wconf 83' lang='lat' dir='ltr'><strong>aquas,</strong></span> <span class='ocrx_word' id='word_1_242' title='bbox 437 2821 499 2899; x_wconf 80' lang='lat' dir='ltr'><strong>quis</strong></span> <span class='ocrx_word' id='word_1_243' title='bbox 518 2824 600 2880; x_wconf 74' lang='lat' dir='ltr'><strong>celos</strong></span> <span class='ocrx_word' id='word_1_244' title='bbox 614 2825 716 2898; x_wconf 82' lang='lat' dir='ltr'><strong>palmo</strong></span> <span class='ocrx_word' id='word_1_245' title='bbox 728 2841 838 2881; x_wconf 70' lang='lat' dir='ltr'><strong>mouns</strong></span> <span class='ocrx_word' id='word_1_246' title='bbox 858 2824 919 2881; x_wconf 70' lang='lat' dir='ltr'><strong>esti</strong></span> <span class='ocrx_word' id='word_1_247' title='bbox 941 2819 995 2880; x_wconf 81' lang='lat' dir='ltr'><strong>&amp;c</strong></span> <span class='ocrx_word' id='word_1_248' title='bbox 1009 2841 1039 2880; x_wconf 88' lang='lat' dir='ltr'><strong>v.</strong></span> <span class='ocrx_word' id='word_1_249' title='bbox 1056 2824 1102 2900; x_wconf 83' lang='lat'><strong>15,</strong></span> <span class='ocrx_word' id='word_1_250' title='bbox 1120 2825 1165 2899; x_wconf 87' lang='grc'><strong>17,</strong></span> <span class='ocrx_word' id='word_1_251' title='bbox 1184 2822 1288 2883; x_wconf 78' lang='lat' dir='ltr'><strong>Gentes</strong></span> <span class='ocrx_word' id='word_1_252' title='bbox 1303 2841 1407 2882; x_wconf 75' lang='lat' dir='ltr'><strong>corma</strong></span> 
     </span>
     <span class='ocr_line' id='line_1_28' title="bbox 194 2899 1011 2982; baseline -0.002 -19"><span class='ocrx_word' id='word_1_253' title='bbox 194 2905 254 2982; x_wconf 59' lang='lat' dir='ltr'><strong>icto</strong></span> <span class='ocrx_word' id='word_1_254' title='bbox 269 2903 352 2982; x_wconf 67' lang='lat' dir='ltr'><strong>quasi</strong></span> <span class='ocrx_word' id='word_1_255' title='bbox 363 2901 440 2962; x_wconf 79' lang='lat' dir='ltr'><strong>stilla</strong></span> <span class='ocrx_word' id='word_1_256' title='bbox 453 2903 550 2978; x_wconf 63' lang='lat' dir='ltr'><strong>emon,</strong></span> <span class='ocrx_word' id='word_1_257' title='bbox 567 2912 594 2961; x_wconf 84' lang='lat' dir='ltr'><strong>st</strong></span> <span class='ocrx_word' id='word_1_258' title='bbox 606 2922 705 2961; x_wconf 83' lang='lat' dir='ltr'><strong>coram</strong></span> <span class='ocrx_word' id='word_1_259' title='bbox 718 2921 750 2961; x_wconf 86' lang='lat' dir='ltr'><strong>eo</strong></span> <span class='ocrx_word' id='word_1_260' title='bbox 764 2903 847 2979; x_wconf 70' lang='lat' dir='ltr'><strong>preci</strong></span> <span class='ocrx_word' id='word_1_261' title='bbox 864 2901 940 2979; x_wconf 73' lang='lat' dir='ltr'><strong>allel,</strong></span> <span class='ocrx_word' id='word_1_262' title='bbox 957 2899 1011 2961; x_wconf 81' lang='lat' dir='ltr'><strong>&amp;c</strong></span> 
     </span>
     <span class='ocr_line' id='line_1_29' title="bbox 312 2981 1404 3062; baseline 0.002 -22"><span class='ocrx_word' id='word_1_263' title='bbox 312 3049 318 3062; x_wconf 33' lang='grc' dir='ltr'>ι</span> <span class='ocrx_word' id='word_1_264' title='bbox 479 2982 536 3041; x_wconf 84' lang='lat' dir='ltr'><strong>VI.</strong></span> <span class='ocrx_word' id='word_1_265' title='bbox 553 2981 686 3042; x_wconf 86' lang='lat' dir='ltr'><strong>Secundo</strong></span> <span class='ocrx_word' id='word_1_266' title='bbox 701 3003 739 3042; x_wconf 86' lang='lat' dir='ltr'><strong>cx</strong></span> <span class='ocrx_word' id='word_1_267' title='bbox 751 3003 861 3041; x_wconf 85' lang='lat' dir='ltr'><strong>summa</strong></span> <span class='ocrx_word' id='word_1_268' title='bbox 871 2983 931 3042; x_wconf 84' lang='lat' dir='ltr'><strong>Dei</strong></span> <span class='ocrx_word' id='word_1_269' title='bbox 937 2981 1117 3060; x_wconf 72' lang='lat' dir='ltr'><strong>perfectione.</strong></span> <span class='ocrx_word' id='word_1_270' title='bbox 1140 2982 1213 3042; x_wconf 82' lang='lat' dir='ltr'><strong>Cum</strong></span> <span class='ocrx_word' id='word_1_271' title='bbox 1227 2981 1305 3041; x_wconf 88' lang='lat' dir='ltr'><strong>enim</strong></span> <span class='ocrx_word' id='word_1_272' title='bbox 1322 2983 1404 3042; x_wconf 88' lang='lat' dir='ltr'><strong>Deus</strong></span> 
     </span>
     <span class='ocr_line' id='line_1_30' title="bbox 221 3047 1403 3155; baseline -0.001 -33"><span class='ocrx_word' id='word_1_273' title='bbox 221 3050 262 3098; x_wconf 60' lang='grc' dir='ltr'><strong>Ε*</strong></span> <span class='ocrx_word' id='word_1_274' title='bbox 273 3047 419 3155; x_wconf 45' lang='grc' dir='ltr'><strong>Ῑίξὲῃξξήθῢ</strong></span> <span class='ocrx_word' id='word_1_275' title='bbox 459 3063 566 3122; x_wconf 85' lang='lat' dir='ltr'><strong>habeat</strong></span> <span class='ocrx_word' id='word_1_276' title='bbox 576 3082 690 3123; x_wconf 90' lang='lat' dir='ltr'><strong>omnem</strong></span> <span class='ocrx_word' id='word_1_277' title='bbox 701 3062 904 3140; x_wconf 83' lang='lat' dir='ltr'><strong>perfectionem</strong></span> <span class='ocrx_word' id='word_1_278' title='bbox 915 3083 980 3140; x_wconf 81' lang='lat' dir='ltr'><strong>quoe</strong></span> <span class='ocrx_word' id='word_1_279' title='bbox 992 3083 1054 3122; x_wconf 87' lang='lat' dir='ltr'><strong>csse</strong></span> <span class='ocrx_word' id='word_1_280' title='bbox 1065 3071 1095 3123; x_wconf 91' lang='lat' dir='ltr'><strong>et</strong></span> <span class='ocrx_word' id='word_1_281' title='bbox 1105 3063 1205 3122; x_wconf 84' lang='lat' dir='ltr'><strong>haberi</strong></span> <span class='ocrx_word' id='word_1_282' title='bbox 1214 3071 1321 3141; x_wconf 85' lang='lat' dir='ltr'><strong>potest,</strong></span> <span class='ocrx_word' id='word_1_283' title='bbox 1334 3083 1403 3122; x_wconf 91' lang='lat' dir='ltr'><strong>con-</strong></span> 
     </span>
     <span class='ocr_line' id='line_1_31' title="bbox 460 3143 1403 3223; baseline 0 -21"><span class='ocrx_word' id='word_1_284' title='bbox 460 3151 519 3203; x_wconf 87' lang='lat' dir='ltr'><strong>stat</strong></span> <span class='ocrx_word' id='word_1_285' title='bbox 531 3143 606 3202; x_wconf 90' lang='lat' dir='ltr'><strong>nihil</strong></span> <span class='ocrx_word' id='word_1_286' title='bbox 620 3143 683 3223; x_wconf 89' lang='lat' dir='ltr'><strong>ipso</strong></span> <span class='ocrx_word' id='word_1_287' title='bbox 697 3143 801 3203; x_wconf 85' lang='lat' dir='ltr'><strong>melius</strong></span> <span class='ocrx_word' id='word_1_288' title='bbox 814 3151 844 3202; x_wconf 92' lang='lat' dir='ltr'><strong>et</strong></span> <span class='ocrx_word' id='word_1_289' title='bbox 857 3143 1011 3220; x_wconf 88' lang='lat' dir='ltr'><strong>perfectius</strong></span> <span class='ocrx_word' id='word_1_290' title='bbox 1025 3163 1088 3202; x_wconf 83' lang='lat' dir='ltr'><strong>esee</strong></span> <span class='ocrx_word' id='word_1_291' title='bbox 1107 3144 1156 3202; x_wconf 88' lang='lat' dir='ltr'><strong>vel</strong></span> <span class='ocrx_word' id='word_1_292' title='bbox 1170 3143 1293 3221; x_wconf 81' lang='lat' dir='ltr'><strong>cogitari</strong></span> <span class='ocrx_word' id='word_1_293' title='bbox 1306 3163 1403 3220; x_wconf 89' lang='lat' dir='ltr'><strong>posse,</strong></span> 
     </span>
     <span class='ocr_line' id='line_1_32' title="bbox 194 3221 1403 3305; baseline -0.006 -16"><span class='ocrx_word' id='word_1_294' title='bbox 194 3227 326 3305; x_wconf 79' lang='lat' dir='ltr'><strong>adeoque</strong></span> <span class='ocrx_word' id='word_1_295' title='bbox 352 3243 471 3286; x_wconf 86' lang='lat' dir='ltr'><strong>necesse</strong></span> <span class='ocrx_word' id='word_1_296' title='bbox 492 3232 590 3283; x_wconf 87' lang='lat' dir='ltr'><strong>estut</strong></span> <span class='ocrx_word' id='word_1_297' title='bbox 610 3223 649 3284; x_wconf 89' lang='lat' dir='ltr'><strong>sit</strong></span> <span class='ocrx_word' id='word_1_298' title='bbox 677 3223 815 3299; x_wconf 86' lang='lat' dir='ltr'><strong>infinitus,</strong></span> <span class='ocrx_word' id='word_1_299' title='bbox 837 3223 906 3301; x_wconf 83' lang='lat' dir='ltr'><strong>quis</strong></span> <span class='ocrx_word' id='word_1_300' title='bbox 925 3223 1034 3282; x_wconf 90' lang='lat' dir='ltr'><strong>bonum</strong></span> <span class='ocrx_word' id='word_1_301' title='bbox 1052 3221 1196 3283; x_wconf 86' lang='lat' dir='ltr'><strong>infinitum</strong></span> <span class='ocrx_word' id='word_1_302' title='bbox 1220 3223 1299 3282; x_wconf 86' lang='lat' dir='ltr'><strong>bono</strong></span> <span class='ocrx_word' id='word_1_303' title='bbox 1320 3223 1403 3282; x_wconf 86' lang='lat' dir='ltr'><strong>linito</strong></span> 
     </span>
     <span class='ocr_line' id='line_1_33' title="bbox 195 3302 1403 3381; baseline -0.004 -14"><span class='ocrx_word' id='word_1_304' title='bbox 195 3307 299 3366; x_wconf 89' lang='lat' dir='ltr'><strong>melius</strong></span> <span class='ocrx_word' id='word_1_305' title='bbox 313 3315 366 3365; x_wconf 90' lang='lat' dir='ltr'><strong>cst.</strong></span> <span class='ocrx_word' id='word_1_306' title='bbox 396 3302 527 3378; x_wconf 86' lang='lat' dir='ltr'><strong>Accedit,</strong></span> <span class='ocrx_word' id='word_1_307' title='bbox 544 3302 622 3381; x_wconf 89' lang='lat' dir='ltr'><strong>quod</strong></span> <span class='ocrx_word' id='word_1_308' title='bbox 636 3303 826 3381; x_wconf 86' lang='lat' dir='ltr'><strong>perfectiones</strong></span> <span class='ocrx_word' id='word_1_309' title='bbox 839 3323 904 3380; x_wconf 76' lang='lat' dir='ltr'><strong>quas</strong></span> <span class='ocrx_word' id='word_1_310' title='bbox 918 3302 1004 3362; x_wconf 88' lang='lat' dir='ltr'><strong>rebus</strong></span> <span class='ocrx_word' id='word_1_311' title='bbox 1018 3302 1122 3362; x_wconf 89' lang='lat' dir='ltr'><strong>creatis</strong></span> <span class='ocrx_word' id='word_1_312' title='bbox 1135 3303 1235 3364; x_wconf 87' lang='lat' dir='ltr'><strong>insunt</strong></span> <span class='ocrx_word' id='word_1_313' title='bbox 1251 3303 1403 3362; x_wconf 84' lang='lat' dir='ltr'><strong>includan-</strong></span> 
     </span>
     <span class='ocr_line' id='line_1_34' title="bbox 194 3382 1404 3460; baseline -0.002 -14"><span class='ocrx_word' id='word_1_314' title='bbox 194 3396 243 3446; x_wconf 91' lang='lat' dir='ltr'><strong>tur</strong></span> <span class='ocrx_word' id='word_1_315' title='bbox 256 3385 343 3445; x_wconf 89' lang='lat' dir='ltr'><strong>certis</strong></span> <span class='ocrx_word' id='word_1_316' title='bbox 357 3383 487 3444; x_wconf 91' lang='lat' dir='ltr'><strong>terminis</strong></span> <span class='ocrx_word' id='word_1_317' title='bbox 507 3384 585 3442; x_wconf 88' lang='lat' dir='ltr'><strong>ultra</strong></span> <span class='ocrx_word' id='word_1_318' title='bbox 604 3402 678 3460; x_wconf 90' lang='lat' dir='ltr'><strong>quos</strong></span> <span class='ocrx_word' id='word_1_319' title='bbox 694 3402 753 3442; x_wconf 92' lang='lat' dir='ltr'><strong>non</strong></span> <span class='ocrx_word' id='word_1_320' title='bbox 773 3382 976 3460; x_wconf 87' lang='lat' dir='ltr'><strong>extenduntur,</strong></span> <span class='ocrx_word' id='word_1_321' title='bbox 992 3391 1022 3442; x_wconf 89' lang='lat' dir='ltr'><strong>et</strong></span> <span class='ocrx_word' id='word_1_322' title='bbox 1038 3383 1132 3442; x_wconf 91' lang='lat' dir='ltr'><strong>omnis</strong></span> <span class='ocrx_word' id='word_1_323' title='bbox 1152 3403 1250 3442; x_wconf 84' lang='lat' dir='ltr'><strong>earum</strong></span> <span class='ocrx_word' id='word_1_324' title='bbox 1267 3383 1404 3444; x_wconf 81' lang='lat' dir='ltr'><strong>activitss</strong></span> 
     </span>
     <span class='ocr_line' id='line_1_35' title="bbox 127 3462 1405 3540; baseline -0.004 -14"><span class='ocrx_word' id='word_1_325' title='bbox 127 3533 130 3539; x_wconf 53' lang='grc'>,</span> <span class='ocrx_word' id='word_1_326' title='bbox 196 3473 306 3526; x_wconf 89' lang='lat' dir='ltr'><strong>certam</strong></span> <span class='ocrx_word' id='word_1_327' title='bbox 327 3463 433 3522; x_wconf 88' lang='lat' dir='ltr'><strong>habeat</strong></span> <span class='ocrx_word' id='word_1_328' title='bbox 454 3462 595 3540; x_wconf 76' lang='lat' dir='ltr'><strong>spheram</strong></span> <span class='ocrx_word' id='word_1_329' title='bbox 609 3481 696 3540; x_wconf 87' lang='lat' dir='ltr'><strong>quam</strong></span> <span class='ocrx_word' id='word_1_330' title='bbox 711 3481 845 3539; x_wconf 87' lang='lat' dir='ltr'><strong>superare</strong></span> <span class='ocrx_word' id='word_1_331' title='bbox 862 3483 921 3523; x_wconf 90' lang='lat' dir='ltr'><strong>non</strong></span> <span class='ocrx_word' id='word_1_332' title='bbox 935 3463 1032 3522; x_wconf 82' lang='lat' dir='ltr'><strong>valet:</strong></span> <span class='ocrx_word' id='word_1_333' title='bbox 1056 3462 1115 3523; x_wconf 85' lang='lat' dir='ltr'><strong>Sed</strong></span> <span class='ocrx_word' id='word_1_334' title='bbox 1131 3462 1162 3521; x_wconf 90' lang='lat' dir='ltr'><strong>in</strong></span> <span class='ocrx_word' id='word_1_335' title='bbox 1177 3464 1240 3522; x_wconf 87' lang='lat' dir='ltr'><strong>Dec</strong></span> <span class='ocrx_word' id='word_1_336' title='bbox 1257 3483 1305 3522; x_wconf 85' lang='lat' dir='ltr'><strong>res</strong></span> <span class='ocrx_word' id='word_1_337' title='bbox 1319 3463 1405 3523; x_wconf 88' lang='lat' dir='ltr'><strong>aliter</strong></span> 
     </span>
     <span class='ocr_line' id='line_1_36' title="bbox 196 3541 1404 3622; baseline -0.003 -16"><span class='ocrx_word' id='word_1_338' title='bbox 196 3565 227 3606; x_wconf 87' lang='lat' dir='ltr'><strong>se</strong></span> <span class='ocrx_word' id='word_1_339' title='bbox 249 3545 346 3619; x_wconf 83' lang='lat' dir='ltr'><strong>habet,</strong></span> <span class='ocrx_word' id='word_1_340' title='bbox 370 3561 438 3600; x_wconf 90' lang='lat' dir='ltr'><strong>nam</strong></span> <span class='ocrx_word' id='word_1_341' title='bbox 459 3550 652 3619; x_wconf 69' lang='lat' dir='ltr'><strong>preterquam</strong></span> <span class='ocrx_word' id='word_1_342' title='bbox 676 3541 755 3618; x_wconf 92' lang='lat' dir='ltr'><strong>quod</strong></span> <span class='ocrx_word' id='word_1_343' title='bbox 777 3545 905 3604; x_wconf 89' lang='lat' dir='ltr'><strong>continet</strong></span> <span class='ocrx_word' id='word_1_344' title='bbox 926 3562 1040 3603; x_wconf 88' lang='lat' dir='ltr'><strong>omnem</strong></span> <span class='ocrx_word' id='word_1_345' title='bbox 1068 3543 1162 3602; x_wconf 90' lang='lat' dir='ltr'><strong>omnis</strong></span> <span class='ocrx_word' id='word_1_346' title='bbox 1185 3543 1270 3603; x_wconf 83' lang='lat' dir='ltr'><strong>Entis</strong></span> <span class='ocrx_word' id='word_1_347' title='bbox 1292 3543 1404 3622; x_wconf 90' lang='lat' dir='ltr'><strong>perfec·</strong></span> 
     </span>
     <span class='ocr_line' id='line_1_37' title="bbox 195 3621 1405 3702; baseline -0.002 -16"><span class='ocrx_word' id='word_1_348' title='bbox 195 3626 313 3700; x_wconf 87' lang='lat' dir='ltr'><strong>tionem,</strong></span> <span class='ocrx_word' id='word_1_349' title='bbox 328 3623 417 3682; x_wconf 88' lang='lat' dir='ltr'><strong>habet</strong></span> <span class='ocrx_word' id='word_1_350' title='bbox 429 3641 493 3680; x_wconf 84' lang='lat' dir='ltr'><strong>eam</strong></span> <span class='ocrx_word' id='word_1_351' title='bbox 507 3621 593 3680; x_wconf 91' lang='lat' dir='ltr'><strong>modo</strong></span> <span class='ocrx_word' id='word_1_352' title='bbox 607 3621 842 3699; x_wconf 83' lang='lat' dir='ltr'><strong>eminentissimo,</strong></span> <span class='ocrx_word' id='word_1_353' title='bbox 858 3624 898 3683; x_wconf 91' lang='lat' dir='ltr'><strong>id.</strong></span> <span class='ocrx_word' id='word_1_354' title='bbox 913 3623 963 3702; x_wconf 91' lang='lat' dir='ltr'><strong>qui</strong></span> <span class='ocrx_word' id='word_1_355' title='bbox 977 3642 1091 3683; x_wconf 89' lang='lat' dir='ltr'><strong>omnem</strong></span> <span class='ocrx_word' id='word_1_356' title='bbox 1104 3622 1290 3701; x_wconf 84' lang='lat' dir='ltr'><strong>perfectionis</strong></span> <span class='ocrx_word' id='word_1_357' title='bbox 1308 3624 1405 3683; x_wconf 89' lang='lat' dir='ltr'><strong>omnis</strong></span> 
     </span>
     <span class='ocr_line' id='line_1_38' title="bbox 197 3701 929 3786; baseline -0.001 -21"><span class='ocrx_word' id='word_1_358' title='bbox 197 3705 323 3786; x_wconf 86' lang='lat' dir='ltr'><strong>gradum</strong></span> <span class='ocrx_word' id='word_1_359' title='bbox 337 3703 446 3781; x_wconf 85' lang='lat' dir='ltr'><strong>absque</strong></span> <span class='ocrx_word' id='word_1_360' title='bbox 460 3701 521 3760; x_wconf 81' lang='lat' dir='ltr'><strong>ulla</strong></span> <span class='ocrx_word' id='word_1_361' title='bbox 534 3701 705 3762; x_wconf 84' lang='lat' dir='ltr'><strong>limitatione</strong></span> <span class='ocrx_word' id='word_1_362' title='bbox 719 3703 929 3781; x_wconf 88' lang='lat' dir='ltr'><strong>complectitur.</strong></span> 
     </span>
     <span class='ocr_line' id='line_1_39' title="bbox 500 3780 1404 3844; baseline 0.004 -6"><span class='ocrx_word' id='word_1_363' title='bbox 500 3780 574 3841; x_wconf 91' lang='lat' dir='ltr'>VII.</span> <span class='ocrx_word' id='word_1_364' title='bbox 590 3782 782 3843; x_wconf 75' lang='lat' dir='ltr'><strong>confirmatur</strong></span> <span class='ocrx_word' id='word_1_365' title='bbox 795 3784 850 3843; x_wconf 91' lang='lat' dir='ltr'><strong>hoc</strong></span> <span class='ocrx_word' id='word_1_366' title='bbox 862 3783 985 3844; x_wconf 89' lang='lat' dir='ltr'><strong>ulterius</strong></span> <span class='ocrx_word' id='word_1_367' title='bbox 999 3803 1036 3843; x_wconf 87' lang='lat' dir='ltr'><strong>ex</strong></span> <span class='ocrx_word' id='word_1_368' title='bbox 1050 3782 1280 3843; x_wconf 82' lang='lat' dir='ltr'><strong>consideratione</strong></span> <span class='ocrx_word' id='word_1_369' title='bbox 1296 3783 1404 3843; x_wconf 77' lang='lat' dir='ltr'><strong>Poten-</strong></span> 
     </span>
     <span class='ocr_line' id='line_1_40' title="bbox 232 3861 1406 3944; baseline -0.007 -12"><span class='ocrx_word' id='word_1_370' title='bbox 232 3883 268 3933; x_wconf 79' lang='lat' dir='ltr'><strong>nt</strong></span> <span class='ocrx_word' id='word_1_371' title='bbox 277 3883 396 3944; x_wconf 63' lang='lat' dir='ltr'><strong>puncta</strong></span> <span class='ocrx_word' id='word_1_372' title='bbox 459 3861 509 3922; x_wconf 80' lang='lat' dir='ltr'><strong>tire</strong></span> <span class='ocrx_word' id='word_1_373' title='bbox 524 3863 599 3924; x_wconf 89' lang='lat' dir='ltr'><strong>Dei:</strong></span> <span class='ocrx_word' id='word_1_374' title='bbox 621 3862 694 3922; x_wconf 82' lang='lat' dir='ltr'><strong>Cum</strong></span> <span class='ocrx_word' id='word_1_375' title='bbox 715 3863 791 3922; x_wconf 88' lang='lat' dir='ltr'><strong>enim</strong></span> <span class='ocrx_word' id='word_1_376' title='bbox 806 3863 864 3939; x_wconf 85' lang='lat' dir='ltr'><strong>illn,</strong></span> <span class='ocrx_word' id='word_1_377' title='bbox 879 3873 913 3923; x_wconf 89' lang='lat' dir='ltr'><strong>ut</strong></span> <span class='ocrx_word' id='word_1_378' title='bbox 926 3871 1030 3924; x_wconf 76' lang='lat' dir='ltr'><strong>catera</strong></span> <span class='ocrx_word' id='word_1_379' title='bbox 1047 3863 1193 3938; x_wconf 86' lang='lat' dir='ltr'><strong>attribute,</strong></span> <span class='ocrx_word' id='word_1_380' title='bbox 1210 3862 1406 3924; x_wconf 81' lang='lat' dir='ltr'><strong>identificatur</strong></span> 
     </span>
     <span class='ocr_line' id='line_1_41' title="bbox 461 3943 1405 4021; baseline 0.002 -19"><span class='ocrx_word' id='word_1_381' title='bbox 461 3962 527 4002; x_wconf 90' lang='lat' dir='ltr'><strong>cnm</strong></span> <span class='ocrx_word' id='word_1_382' title='bbox 541 3943 674 4019; x_wconf 85' lang='lat' dir='ltr'><strong>essentia,</strong></span> <span class='ocrx_word' id='word_1_383' title='bbox 689 3963 808 4004; x_wconf 88' lang='lat' dir='ltr'><strong>necesse</strong></span> <span class='ocrx_word' id='word_1_384' title='bbox 821 3952 866 4003; x_wconf 89' lang='lat' dir='ltr'><strong>cst</strong></span> <span class='ocrx_word' id='word_1_385' title='bbox 886 3944 1018 4004; x_wconf 84' lang='lat' dir='ltr'><strong>essentiae</strong></span> <span class='ocrx_word' id='word_1_386' title='bbox 1039 3963 1105 4004; x_wconf 89' lang='lat' dir='ltr'><strong>cnm</strong></span> <span class='ocrx_word' id='word_1_387' title='bbox 1126 3943 1189 4021; x_wconf 88' lang='lat' dir='ltr'><strong>ipsa</strong></span> <span class='ocrx_word' id='word_1_388' title='bbox 1202 3943 1325 4003; x_wconf 87' lang='lat' dir='ltr'><strong>eandem</strong></span> <span class='ocrx_word' id='word_1_389' title='bbox 1340 3965 1405 4004; x_wconf 87' lang='lat' dir='ltr'><strong>csse</strong></span> 
     </span>
     <span class='ocr_line' id='line_1_42' title="bbox 197 4023 1406 4101; baseline -0.002 -16"><span class='ocrx_word' id='word_1_390' title='bbox 197 4023 348 4101; x_wconf 82' lang='lat' dir='ltr'><strong>rationem,</strong></span> <span class='ocrx_word' id='word_1_391' title='bbox 364 4031 451 4100; x_wconf 86' lang='lat' dir='ltr'><strong>atquc</strong></span> <span class='ocrx_word' id='word_1_392' title='bbox 472 4023 544 4082; x_wconf 86' lang='lat' dir='ltr'><strong>adeo</strong></span> <span class='ocrx_word' id='word_1_393' title='bbox 558 4023 700 4083; x_wconf 81' lang='lat' dir='ltr'><strong>infinitam</strong></span> <span class='ocrx_word' id='word_1_394' title='bbox 715 4043 786 4100; x_wconf 88' lang='lat' dir='ltr'><strong>csse,</strong></span> <span class='ocrx_word' id='word_1_395' title='bbox 804 4043 863 4082; x_wconf 89' lang='lat' dir='ltr'><strong>non</strong></span> <span class='ocrx_word' id='word_1_396' title='bbox 878 4043 960 4083; x_wconf 87' lang='lat' dir='ltr'><strong>secus</strong></span> <span class='ocrx_word' id='word_1_397' title='bbox 981 4043 1015 4084; x_wconf 84' lang='lat' dir='ltr'><strong>ec</strong></span> <span class='ocrx_word' id='word_1_398' title='bbox 1035 4023 1133 4084; x_wconf 86' lang='lat' dir='ltr'><strong>illam:</strong></span> <span class='ocrx_word' id='word_1_399' title='bbox 1155 4023 1406 4085; x_wconf 84' lang='lat' dir='ltr'><strong>infinitamsutcm</strong></span> 
     </span>
     <span class='ocr_line' id='line_1_43' title="bbox 198 4103 1406 4182; baseline 0 -18"><span class='ocrx_word' id='word_1_400' title='bbox 198 4123 264 4164; x_wconf 86' lang='lat' dir='ltr'><strong>esec</strong></span> <span class='ocrx_word' id='word_1_401' title='bbox 277 4103 436 4182; x_wconf 86' lang='lat' dir='ltr'><strong>potentiam</strong></span> <span class='ocrx_word' id='word_1_402' title='bbox 450 4103 518 4162; x_wconf 85' lang='lat' dir='ltr'><strong>inde</strong></span> <span class='ocrx_word' id='word_1_403' title='bbox 538 4112 625 4181; x_wconf 90' lang='lat' dir='ltr'><strong>patet,</strong></span> <span class='ocrx_word' id='word_1_404' title='bbox 642 4103 720 4181; x_wconf 88' lang='lat' dir='ltr'><strong>quod</strong></span> <span class='ocrx_word' id='word_1_405' title='bbox 735 4105 799 4162; x_wconf 88' lang='lat' dir='ltr'><strong>Deo</strong></span> <span class='ocrx_word' id='word_1_406' title='bbox 819 4103 893 4162; x_wconf 90' lang='lat' dir='ltr'><strong>nihil</strong></span> <span class='ocrx_word' id='word_1_407' title='bbox 913 4105 951 4164; x_wconf 90' lang='lat' dir='ltr'><strong>sit</strong></span> <span class='ocrx_word' id='word_1_408' title='bbox 971 4103 1168 4182; x_wconf 85' lang='lat' dir='ltr'><strong>impossibile;</strong></span> <span class='ocrx_word' id='word_1_409' title='bbox 1189 4104 1246 4163; x_wconf 91' lang='lat' dir='ltr'><strong>hoc</strong></span> <span class='ocrx_word' id='word_1_410' title='bbox 1266 4105 1345 4163; x_wconf 87' lang='lat' dir='ltr'><strong>enim</strong></span> <span class='ocrx_word' id='word_1_411' title='bbox 1369 4105 1406 4164; x_wconf 90' lang='lat' dir='ltr'><strong>dc</strong></span> 
     </span>
     <span class='ocr_line' id='line_1_44' title="bbox 199 4182 1404 4263; baseline 0 -19"><span class='ocrx_word' id='word_1_412' title='bbox 199 4185 330 4262; x_wconf 85' lang='lat' dir='ltr'><strong>potentia</strong></span> <span class='ocrx_word' id='word_1_413' title='bbox 342 4183 425 4243; x_wconf 85' lang='lat' dir='ltr'><strong>linita</strong></span> <span class='ocrx_word' id='word_1_414' title='bbox 437 4192 467 4242; x_wconf 92' lang='lat' dir='ltr'><strong>et</strong></span> <span class='ocrx_word' id='word_1_415' title='bbox 480 4203 546 4262; x_wconf 84' lang='lat' dir='ltr'><strong>quae</strong></span> <span class='ocrx_word' id='word_1_416' title='bbox 558 4183 713 4244; x_wconf 87' lang='lat' dir='ltr'><strong>terminum</strong></span> <span class='ocrx_word' id='word_1_417' title='bbox 726 4182 852 4261; x_wconf 79' lang='lat' dir='ltr'><strong>aliquem</strong></span> <span class='ocrx_word' id='word_1_418' title='bbox 865 4184 954 4244; x_wconf 86' lang='lat' dir='ltr'><strong>habet</strong></span> <span class='ocrx_word' id='word_1_419' title='bbox 966 4183 1024 4244; x_wconf 88' lang='lat' dir='ltr'><strong>dici</strong></span> <span class='ocrx_word' id='word_1_420' title='bbox 1037 4204 1097 4243; x_wconf 91' lang='lat' dir='ltr'><strong>non</strong></span> <span class='ocrx_word' id='word_1_421' title='bbox 1109 4191 1216 4262; x_wconf 86' lang='lat' dir='ltr'><strong>posset.</strong></span> <span class='ocrx_word' id='word_1_422' title='bbox 1259 4185 1404 4263; x_wconf 87' lang='lat' dir='ltr'><strong>Denique,</strong></span> 
     </span>
     <span class='ocr_line' id='line_1_45' title="bbox 201 4263 1406 4343; baseline 0.002 -21"><span class='ocrx_word' id='word_1_423' title='bbox 201 4264 228 4322; x_wconf 87' lang='lat' dir='ltr'><strong>ai</strong></span> <span class='ocrx_word' id='word_1_424' title='bbox 242 4263 299 4322; x_wconf 89' lang='lat' dir='ltr'><strong>Dei</strong></span> <span class='ocrx_word' id='word_1_425' title='bbox 312 4264 437 4324; x_wconf 82' lang='lat' dir='ltr'><strong>essentis</strong></span> <span class='ocrx_word' id='word_1_426' title='bbox 450 4263 533 4323; x_wconf 85' lang='lat' dir='ltr'><strong>finita</strong></span> <span class='ocrx_word' id='word_1_427' title='bbox 545 4273 597 4338; x_wconf 86' lang='lat' dir='ltr'><strong>est,</strong></span> <span class='ocrx_word' id='word_1_428' title='bbox 612 4283 730 4323; x_wconf 88' lang='lat' dir='ltr'><strong>neccsse</strong></span> <span class='ocrx_word' id='word_1_429' title='bbox 749 4271 794 4324; x_wconf 89' lang='lat' dir='ltr'><strong>est</strong></span> <span class='ocrx_word' id='word_1_430' title='bbox 807 4272 840 4323; x_wconf 89' lang='lat' dir='ltr'><strong>ut</strong></span> <span class='ocrx_word' id='word_1_431' title='bbox 860 4263 897 4322; x_wconf 86' lang='lat' dir='ltr'><strong>ab</strong></span> <span class='ocrx_word' id='word_1_432' title='bbox 914 4265 1012 4342; x_wconf 80' lang='lat' dir='ltr'><strong>aliqua</strong></span> <span class='ocrx_word' id='word_1_433' title='bbox 1025 4283 1113 4326; x_wconf 86' lang='lat' dir='ltr'><strong>causa</strong></span> <span class='ocrx_word' id='word_1_434' title='bbox 1125 4263 1249 4323; x_wconf 88' lang='lat' dir='ltr'><strong>limitata</strong></span> <span class='ocrx_word' id='word_1_435' title='bbox 1263 4265 1310 4340; x_wconf 86' lang='lat' dir='ltr'><strong>sit,</strong></span> <span class='ocrx_word' id='word_1_436' title='bbox 1326 4263 1406 4343; x_wconf 91' lang='lat' dir='ltr'><strong>quod</strong></span> 
     </span>
     <span class='ocr_line' id='line_1_46' title="bbox 201 4341 1405 4423; baseline 0.002 -23"><span class='ocrx_word' id='word_1_437' title='bbox 201 4341 238 4400; x_wconf 88' lang='lat' dir='ltr'><strong>dc</strong></span> <span class='ocrx_word' id='word_1_438' title='bbox 259 4361 294 4401; x_wconf 88' lang='lat' dir='ltr'><strong>eo</strong></span> <span class='ocrx_word' id='word_1_439' title='bbox 307 4342 366 4402; x_wconf 87' lang='lat' dir='ltr'><strong>diei</strong></span> <span class='ocrx_word' id='word_1_440' title='bbox 385 4344 551 4422; x_wconf 86' lang='lat' dir='ltr'><strong>nequitqui</strong></span> <span class='ocrx_word' id='word_1_441' title='bbox 570 4343 680 4403; x_wconf 86' lang='lat' dir='ltr'><strong>nullam</strong></span> <span class='ocrx_word' id='word_1_442' title='bbox 698 4343 786 4403; x_wconf 86' lang='lat' dir='ltr'><strong>habet</strong></span> <span class='ocrx_word' id='word_1_443' title='bbox 806 4363 922 4403; x_wconf 84' lang='lat' dir='ltr'><strong>causam</strong></span> <span class='ocrx_word' id='word_1_444' title='bbox 937 4345 1121 4423; x_wconf 88' lang='lat' dir='ltr'><strong>superiorem,</strong></span> <span class='ocrx_word' id='word_1_445' title='bbox 1143 4343 1196 4404; x_wconf 89' lang='lat' dir='ltr'><strong>sed</strong></span> <span class='ocrx_word' id='word_1_446' title='bbox 1215 4343 1345 4404; x_wconf 90' lang='lat' dir='ltr'><strong>omnium</strong></span> <span class='ocrx_word' id='word_1_447' title='bbox 1360 4353 1405 4404; x_wconf 90' lang='lat' dir='ltr'><strong>est</strong></span> 
     </span>
     <span class='ocr_line' id='line_1_47' title="bbox 202 4421 1404 4502; baseline 0.003 -24"><span class='ocrx_word' id='word_1_448' title='bbox 202 4439 299 4478; x_wconf 81' lang='lat' dir='ltr'><strong>causa.</strong></span> <span class='ocrx_word' id='word_1_449' title='bbox 341 4422 421 4500; x_wconf 83' lang='lat' dir='ltr'><strong>Ergo</strong></span> <span class='ocrx_word' id='word_1_450' title='bbox 435 4444 470 4483; x_wconf 90' lang='lat' dir='ltr'><strong>eo</strong></span> <span class='ocrx_word' id='word_1_451' title='bbox 478 4423 595 4484; x_wconf 85' lang='lat' dir='ltr'><strong>tandem</strong></span> <span class='ocrx_word' id='word_1_452' title='bbox 604 4421 815 4484; x_wconf 87' lang='lat' dir='ltr'><strong>deveniendum</strong></span> <span class='ocrx_word' id='word_1_453' title='bbox 829 4433 882 4498; x_wconf 76' lang='lat' dir='ltr'><strong>cst,</strong></span> <span class='ocrx_word' id='word_1_454' title='bbox 891 4434 925 4485; x_wconf 93' lang='lat' dir='ltr'><strong>ut</strong></span> <span class='ocrx_word' id='word_1_455' title='bbox 934 4424 1063 4485; x_wconf 88' lang='lat' dir='ltr'><strong>dicamus</strong></span> <span class='ocrx_word' id='word_1_456' title='bbox 1072 4443 1137 4484; x_wconf 87' lang='lat' dir='ltr'><strong>cum</strong></span> <span class='ocrx_word' id='word_1_457' title='bbox 1149 4423 1314 4498; x_wconf 85' lang='lat' dir='ltr'><strong>Veteribus,</strong></span> <span class='ocrx_word' id='word_1_458' title='bbox 1325 4423 1404 4502; x_wconf 88' lang='lat' dir='ltr'><strong>quod</strong></span> 
     </span>
    </p>
   </div>
   <div class='ocr_carea' id='block_1_3' title="bbox 200 4496 1404 4602">
    <p class='ocr_par' dir='ltr' id='par_1_6' title="bbox 200 4496 1404 4602">
     <span class='ocr_line' id='line_1_48' title="bbox 200 4496 1404 4602; baseline 0.007 -47"><span class='ocrx_word' id='word_1_459' title='bbox 200 4496 299 4600; x_wconf 44' lang='grc' dir='ltr'><strong>ᾅπὶυςοι</strong></span> <span class='ocrx_word' id='word_1_460' title='bbox 314 4507 358 4557; x_wconf 81' lang='lat' dir='ltr'><strong>est</strong></span> <span class='ocrx_word' id='word_1_461' title='bbox 368 4508 397 4602; x_wconf 66' lang='lat' dir='ltr'><strong>qt</strong></span> <span class='ocrx_word' id='word_1_462' title='bbox 410 4504 625 4596; x_wconf 49' lang='lat' dir='ltr'><strong>&amp;primord</strong></span> <span class='ocrx_word' id='word_1_463' title='bbox 639 4505 710 4598; x_wconf 58' lang='lat' dir='ltr'><strong>lnior,</strong></span> <span class='ocrx_word' id='word_1_464' title='bbox 720 4508 846 4598; x_wconf 54' lang='lat' dir='ltr'><strong>uulfehre</strong></span> <span class='ocrx_word' id='word_1_465' title='bbox 859 4505 928 4599; x_wconf 65' lang='lat' dir='ltr'><strong>,uires</strong></span> <span class='ocrx_word' id='word_1_466' title='bbox 942 4507 1017 4564; x_wconf 76' lang='lat' dir='ltr'><strong>adrev</strong></span> <span class='ocrx_word' id='word_1_467' title='bbox 1031 4505 1194 4567; x_wconf 60' lang='lat' dir='ltr'><strong>enelamur</strong></span> <span class='ocrx_word' id='word_1_468' title='bbox 1208 4505 1220 4566; x_wconf 79' lang='lat' dir='ltr'><strong>l</strong></span> <span class='ocrx_word' id='word_1_469' title='bbox 1235 4505 1344 4598; x_wconf 48' lang='lat' dir='ltr'><strong>ineptis,</strong></span> <span class='ocrx_word' id='word_1_470' title='bbox 1359 4507 1404 4562; x_wconf 68' lang='lat' dir='ltr'><strong>eal</strong></span> 
     </span>
    </p>
   </div>
   <div class='ocr_carea' id='block_1_4' title="bbox 0 0 1586 5178">
    <p class='ocr_par' dir='ltr' id='par_1_7' title="bbox 0 0 1586 5178">
     <span class='ocr_line' id='line_1_49' title="bbox 0 0 1586 5178; baseline 0 0"><span class='ocrx_word' id='word_1_471' title='bbox 0 0 1586 5178; x_wconf 95' lang='lat' dir='ltr'><strong> </strong></span> 
     </span>
    </p>
   </div>
  </div>
 </body>
</html>
