3174 5174
137 387 263 438 eumer.
277 365 324 448 v.]
580 385 619 426 nu
634 385 836 428 rnovrnaarm
850 387 910 428 nm.
950 399 954 408 ·
1291 375 1350 434 453

136 532 314 606 objecmrnm
327 528 417 604 specie
427 524 635 604 distinctorum,
651 536 684 588 ut
696 527 793 606 quoad
806 531 919 588 modum
931 547 1081 587 concarata
1094 527 1181 588 etiam
1194 529 1347 608 particula·

139 611 217 669 riter
230 617 306 686 agat,
322 616 352 665 et
364 615 452 684 prout
465 607 530 666 vult
544 616 694 666 concurrat
707 628 772 666 cum
788 608 882 667 causis
896 607 1038 667 secundis.

185 689 260 747 XV.
284 687 424 762 Quamvis
442 688 522 746 Deus
545 695 696 746 conservet
709 689 888 746 voluntatem
902 688 1031 762 liberam,
1046 695 1133 765 prout
1149 707 1215 746 eam
1229 691 1346 766 crearit,

137 787 203 827 non
210 767 341 844 sequitur
349 766 428 824 illam
440 767 599 843 gubernare
606 767 710 825 debere
721 768 849 844 generali
859 777 970 826 tantum
977 787 1131 836 concursu3
1148 767 1222 842 Quia
1230 769 1349 828 libertas

138 847 304 906 voluntatis
311 865 371 904 non
385 854 430 904 est
439 846 571 904 absoluta
580 855 609 904 et
622 846 827 923 independens,
839 848 890 906 sed
899 847 1022 906 limitata
1033 856 1062 906 et
1070 842 1237 924 dependens
1246 866 1264 904 a
1273 849 1346 924 Deo,

140 928 182 986 ad
197 928 282 1004 cnjus
296 925 491 984 conditionem
510 925 623 1001 sufficit,
643 926 721 1002 quod
743 927 829 985 horno
853 927 968 1004 proprio
981 935 1070 1001 motu,
1097 935 1126 984 et
1145 929 1169 985 ia
1191 927 1348 1008 πςοωςξηυς

138 1017 230 1083 agat,
250 1005 331 1083 quod
344 1023 403 1064 non
417 1005 529 1064 tollitur
541 1025 593 1082 per
613 1005 754 1064 influxum
769 1007 921 1082 specialem
936 1015 965 1064 et
979 1006 1207 1082 determinatum,
1223 1009 1347 1084 quinon

137 1086 248 1145 evertit
261 1093 395 1144 naturam
408 1103 511 1160 rerum,
528 1085 580 1142 sed
594 1085 797 1144 convenienter
811 1087 872 1163 agit
885 1086 998 1144 illarum
1012 1086 1244 1164 proprietatibus.

182 1165 275 1224 XVI.
298 1164 434 1223 Potentia
447 1184 512 1240 quae
527 1163 658 1224 absolute
672 1173 701 1223 et
713 1165 878 1224 omnimode
897 1175 941 1224 est
955 1165 1121 1224 indifferens
1133 1174 1165 1224 ct
1178 1165 1345 1225 indetermi-

138 1253 219 1319 nata,
234 1263 329 1322 neque
343 1244 461 1302 aliunde
485 1243 637 1320 dependet,
663 1264 720 1302 non
734 1253 830 1321 potest
848 1244 1031 1304 determinari
1045 1265 1062 1304 a
1077 1245 1265 1305 Providentia
1279 1246 1345 1306 Dei.

139 1324 201 1383 Sed
216 1325 353 1383 voluntas
366 1323 493 1382 bumana
507 1343 564 1382 non
579 1323 619 1381 ita
632 1323 738 1382 dieitur
750 1324 925 1399 indifferens,
941 1324 992 1383 sed
1009 1325 1166 1384 secundum
1181 1325 1260 1402 quid,
1275 1345 1345 1402 qua-

136 1413 233 1478 tenus,
258 1404 284 1461 ai
307 1403 337 1460 in
361 1423 391 1461 se
419 1411 571 1480 spectetur,
594 1403 788 1462 indifferenter
812 1425 842 1462 se
864 1404 952 1463 babet
976 1403 1013 1462 ad
1035 1405 1116 1463 varia
1129 1404 1251 1482 objecta,
1277 1405 1346 1466 licet

134 1483 255 1544 aliunde
270 1482 457 1560 dependente
467 1483 530 1541 Deo
544 1492 573 1542 et
587 1484 649 1559 ejus
664 1483 858 1559 Providentia,
874 1503 962 1561 aqua
975 1491 1020 1542 est
1033 1493 1062 1542 et
1075 1493 1216 1543 movetur.
1239 1483 1344 1558 Quam-

136 1565 185 1622 vis
204 1582 275 1621 vero
300 1563 424 1640 seipsam
447 1562 624 1635 determinet,
648 1582 706 1620 non
728 1562 827 1622 obstat
846 1572 944 1621 tamen
967 1564 1121 1640 quominus
1140 1563 1346 1624 determinetur

135 1645 228 1703 etiam
243 1662 260 1701 a
275 1643 347 1717 Deo,
363 1642 432 1719 quia
440 1642 640 1700 determinatio
650 1642 705 1699 Dei
719 1661 777 1700 non
792 1642 921 1702 excludit
930 1643 1196 1702 determinationem
1210 1642 1345 1702 bominis.

182 1723 291 1780 XVII.
314 1720 384 1780 Alia
398 1729 442 1780 est
455 1721 664 1796 determinatio,
680 1740 744 1797 quac
765 1721 798 1779 fit
817 1742 869 1798 per
888 1723 1006 1780 modum
1021 1742 1112 1780 causa
1126 1723 1272 1798 efficiatis,
1288 1723 1347 1781 alia

138 1821 195 1880 per
208 1802 325 1860 modum
339 1802 584 1878 measa-matis,
601 1811 630 1860 et
642 1801 796 1876 subjectiva
802 1825 815 1874 ,·
837 1801 966 1860 Effectus
980 1801 1206 1860 determinantur
1220 1822 1237 1858 a
1251 1802 1346 1862 causis

140 1881 279 1940 secundis
297 1901 349 1958 per
363 1881 480 1939 modum
495 1901 589 1939 causae
603 1880 731 1938 formalis
756 1889 785 1939 et
798 1879 962 1956 materialis,
979 1879 1030 1938 sed
1044 1900 1061 1938 a
1074 1899 1162 1939 causa
1181 1881 1274 1958 prima
1293 1901 1346 1958 per

142 1960 261 2019 modum
274 1981 367 2019 causas
381 1961 539 2019 efficientis.

183 2040 307 2099 XVIII.
324 2042 419 2100 Causa
432 2039 621 2117 particularis,
632 2057 698 2116 quse
709 2039 853 2098 concurrit
865 2038 978 2097 influxu
992 2038 1166 2116 particulari,
1179 2037 1345 2097 denomine-

136 2129 188 2179 tur
208 2120 245 2178 ab
259 2119 364 2179 effectu
383 2140 443 2194 suo,
459 2119 575 2196 quando
596 2139 653 2176 non
674 2127 786 2177 tantum
805 2127 850 2177 est
870 2118 1003 2194 efficiens,
1025 2117 1077 2176 sed
1097 2119 1184 2176 etiam
1203 2118 1345 2195 proxima,

138 2199 278 2276 formalis,
295 2208 324 2258 et
338 2200 507 2277 subjectiva,
523 2207 552 2257 et
566 2219 630 2276 quae
648 2198 780 2275 producit
793 2199 823 2255 in
838 2199 932 2274 seipsa
946 2197 1096 2274 effectum
1121 2197 1179 2256 Sed
1194 2197 1274 2256 Deus
1287 2217 1346 2256 non

141 2288 236 2358 potest
250 2279 309 2338 dici
323 2279 379 2338 boc
393 2299 479 2338 sensu
493 2299 580 2337 causa
593 2278 781 2356 particularis,
797 2278 865 2336 licet
879 2277 991 2336 influxu
1004 2276 1170 2355 particulari
1183 2283 1344 2354 concurrat,

140 2360 209 2437 qnia
222 2379 282 2417 non
295 2367 342 2418 est
356 2379 443 2418 causa
456 2358 595 2436 proxima,
610 2378 664 2418 nec
678 2357 815 2433 formalis,
831 2357 883 2418 sed
895 2367 1008 2418 tantum
1019 2357 1153 2434 efficiens,
1169 2353 1278 2435 quae‘in
1288 2357 1345 2417 alio

138 2460 158 2498 o
197 2449 286 2498 ratur.
305 2447 306 2450 ’

158 2459 277 2578 peXIX.
301 2517 435 2577 Influxus
449 2519 593 2595 generalis
605 2537 754 2596 perperam
768 2517 948 2577 necessarius
961 2518 1105 2592 statuitur,
1116 2517 1166 2576 vel
1178 2516 1216 2576 ad
1228 2515 1345 2576 liberta-

136 2608 198 2658 tem
217 2599 345 2658 bominis
360 2599 537 2674 salvandam,
552 2599 601 2656 vel
622 2598 659 2656 ad
680 2598 878 2658 causalitatem
895 2599 1007 2676 peccati
1021 2618 1038 2656 a
1053 2598 1116 2656 Deo
1130 2596 1344 2673 removendam,

137 2680 209 2758 quia
221 2689 358 2746 neutmm
372 2678 501 2756 sequitur
511 2698 549 2738 ex
562 2677 674 2738 influxu
687 2678 861 2757 particulari,
877 2688 909 2740 ut
922 2678 953 2737 in
967 2677 1154 2756 sequentibus
1167 2675 1345 2755 probabitur.

617 2917 813 2994 numano
833 2918 872 2978 v.

601 3094 806 3136 necessumst]
821 3093 881 3136 DEI.

148 3241 197 3298 Aa
211 3243 291 3300 Deua
306 3247 458 3298 concurrat
470 3257 531 3297 cum
545 3236 783 3312 remunerandis,
798 3254 855 3293 aaa
868 3233 951 3290 modo
965 3251 1100 3292 concursu
1108 3232 1290 3309 particulari,
1306 3241 1333 3290 et

454 3317 626 3392 simultatem,
641 3319 692 3375 scd
703 3317 787 3374 etiam
795 3313 929 3392 proruto?
950 3313 1033 3372 Affir.

181 3479 207 3536 Ι.
230 3479 304 3538 Cum
319 3477 447 3552 Quaestio
462 3475 497 3536 de
514 3476 659 3536 Canauna
672 3476 732 3535 Dei
743 3475 781 3535 sit
794 3493 832 3534 ex
846 3471 1030 3550 difficillimis,
1052 3492 1117 3550 quae
1138 3472 1169 3532 in
1185 3473 1346 3552 'lbaologia

136 3567 302 3632 oooumant,
324 3557 355 3616 in
369 3576 426 3634 qua
439 3556 618 3634 explicanda,
640 3556 664 3614 si
684 3556 797 3634 uspiam
817 3554 895 3631 alibi,
917 3554 1078 3614 laboratum
1100 3553 1161 3627 snit,
1177 3560 1206 3612 et
1219 3562 1346 3612 enamm

137 3638 394 3717 periculosissime,
409 3635 582 3715 peculiarem
597 3645 626 3695 et
639 3645 802 3696 accuratam
816 3634 1044 3713 disquisitionem
1059 3633 1195 3711 postrdat.

447 3716 488 3774 II.
505 3715 555 3773 Ad
571 3716 684 3776 Statum
695 3715 870 3791 Quaestioms
881 3713 1020 3789 Observa,
1034 3716 1060 3770 1.
1074 3713 1246 3772 Concursum
1256 3709 1346 3769 alium

155 3783 296 3887 cmm
305 3783 326 3828 P
326 3783 369 3840 ¹¹5·
406 3812 469 3854 esse
483 3797 639 3872 Plyaicam,
655 3815 713 3874 qno
730 3795 796 3872 quis
815 3813 867 3872 per
881 3793 998 3852 modum
1020 3811 1113 3850 causa
1133 3788 1262 3881 physicae
1277 3808 1344 3882 con-

405 3876 495 3934 currit
511 3884 543 3934 et
560 3877 630 3952 agit,
653 3875 684 3932 id
703 3883 755 3948 est,
770 3893 839 3931 vere
854 3879 883 3930 et
897 3871 1049 3929 efficaciter
1062 3890 1096 3927 ac
1115 3867 1231 3926 reahter
1250 3867 1346 3928 mflu1t

187 3977 221 4024 Et
231 3978 336 4024 merua.
404 3955 435 4012 in
449 3953 581 4014 effectum
595 3953 721 4031 positivo
735 3951 861 4028 quodem
871 3949 1000 4024 influxn;
1019 3947 1120 4006 Alium
1130 3949 1345 4024 moralemque

404 4053 457 4112 per
468 4033 587 4094 modum
601 4051 695 4092 causa
708 4031 826 4090 moralis
839 4036 982 4107 operatur,
997 4027 1037 4086 id.
1053 4025 1208 4100 suadendo,
1222 4026 1273 4085 vel
1287 4025 1344 4084 dis-

137 4112 299 4188 suadendo,
319 4113 369 4171 vel
389 4114 503 4192 objecta
523 4122 553 4173 et
573 4112 737 4172 occasiones
768 4106 962 4189 proponendo,
982 4106 1032 4166 vel
1052 4105 1235 4166 removendo.
1279 4105 1346 4164 Non

138 4195 238 4273 agitur
251 4193 300 4252 bic
314 4191 350 4252 de
366 4194 514 4254 concursu
526 4193 638 4268 morali,
654 4191 706 4251 sed
718 4191 849 4269 physico.

437 4273 507 4332 III.
529 4277 557 4333 2.
581 4273 754 4333 Concursum
774 4270 862 4328 alium
882 4287 946 4328 essa
966 4266 1126 4343 mediatum,
1149 4264 1237 4324 alium
1251 4265 1344 4323 imma·

139 4339 333 4444 ssfflffiff
340 4339 384 4384 ³¹¹¹·
405 4354 522 4412 dictam.
564 4353 659 4412 Causa
678 4353 755 4412 enim
774 4357 871 4428 potest
891 4347 949 4406 dici
969 4367 1064 4425 agere,
1084 4346 1132 4404 vel
1152 4345 1279 4420 mediate,
1297 4345 1347 4404 vel

405 4433 571 4509 immediate,
594 4441 656 4492 tum
680 4430 776 4509 quoad
798 4428 978 4506 suppositum,
1003 4437 1065 4486 tum
1089 4425 1185 4504 quoad
1208 4425 1345 4484 uirtutum.

139 4513 199 4572 Illa
213 4532 303 4572 causa
316 4513 378 4592 agit
398 4513 563 4573 immediata
577 4513 781 4572 immediatiouc
798 4509 941 4588 suppositi,
963 4509 1038 4567 inter
1057 4525 1144 4584 quam
1165 4513 1194 4564 et
1212 4503 1346 4564 effectum

139 4593 257 4653 nullum
271 4593 351 4654 aliud
365 4593 546 4671 suppositum
561 4592 706 4672 singrdare
719 4612 771 4670 per
785 4610 816 4650 se
831 4589 991 4650 subsistens
1005 4588 1185 4668 interjectum
1201 4594 1253 4662 est,
1268 4585 1347 4663 quod

139 4673 224 4752 prius
244 4673 276 4732 in
291 4693 322 4734 se
336 4673 457 4750 recipiat
470 4674 612 4733 actionem
626 4672 748 4750 agentis,
763 4679 796 4731 ut
810 4690 884 4749 aqua
901 4690 965 4747 quaa
986 4689 1102 4729 manum
1116 4667 1209 4728 abluit
1222 4674 1252 4726 et
1264 4665 1347 4725 refri-⁴
