3158 5190
281 341 320 398 64
757 357 849 400 socos
863 357 1022 400 saousous.
1300 337 1429 421 [cursu.
1446 361 1489 402 rr.

278 496 361 574 varii,
377 497 426 574 qui
440 497 462 558 J
463 499 602 576 osephum
616 496 757 574 videraut,
780 497 863 576 cujru
876 517 981 575 parens
1003 499 1120 558 Seruum
1134 497 1255 574 viderat,
1271 499 1322 576 qui
1336 519 1431 578 usque
1453 502 1492 560 ad

278 577 465 636 centesimum
474 587 586 636 'annum
599 577 668 637 vita
682 597 742 636 suae
754 577 849 655 potuit
862 579 1046 637 romaricum
1058 577 1250 636 Mathusalem
1261 577 1300 636 ad
1310 578 1383 638 illud
1393 599 1494 658 nsque

278 663 392 733 tempus
413 657 574 734 superstite,
589 657 640 735 qui
660 665 690 716 et
709 657 771 735 ipse
794 656 941 715 Adamum
964 657 1096 731 viderat3
1118 656 1195 715 unde
1208 656 1291 716 nullo
1304 659 1427 734 negotio
1449 660 1492 718 rei

279 734 386 794 veritas
406 735 454 793 vel
474 735 586 794 falsitas
612 735 788 812 deprehendi
801 735 903 813 potuit.
958 739 987 796 3.
1018 735 1050 795 Si
1071 736 1169 794 Moses
1190 735 1331 813 impostor
1350 737 1415 814 fuit,
1440 741 1492 816 qni

281 812 426 872 Israelites
455 814 587 892 decipere
611 814 744 890 voluerit,
772 815 899 892 speravit
925 813 1124 892 proculdubio,
1153 834 1184 874 se
1206 815 1359 874 mendacia
1381 835 1437 876 sna
1462 825 1493 877 et

278 891 395 952 handen
416 893 555 953 Israelitis
575 913 797 970 persuasurum:
818 893 870 954 sed
890 913 948 970 quo
961 894 1079 974 tandem
1099 901 1183 972 pacto
1203 895 1298 972 potuit
1312 894 1343 952 in
1357 896 1492 955 animum

278 990 363 1030 snum
382 971 526 1048 inducere,
552 993 583 1032 se
604 992 807 1051 persuasurum
828 972 887 1032 illis
911 981 956 1032 tot
977 981 1114 1050 tantaque
1132 973 1273 1050 prodigia,
1296 991 1364 1050 quae
1385 975 1437 1034 vel
1460 976 1492 1033 iu

278 1050 413 1128 AEgypto
426 1052 474 1110 vel
495 1052 525 1110 in
545 1052 659 1112 deserto
680 1053 756 1112 iacta
775 1053 918 1128 dicuntur,
934 1053 959 1112 si
972 1052 1046 1110 nihil
1067 1052 1125 1111 tale
1146 1053 1339 1130 contigisset?
1359 1054 1491 1113 maxime

277 1147 343 1188 cum
357 1130 396 1189 ad
408 1149 459 1189 eos
480 1131 625 1207 scriberet,
640 1132 691 1208 qui
704 1132 753 1190 vel
775 1132 860 1192 auriti
882 1132 931 1191 vel
951 1131 1058 1191 oculati
1078 1138 1167 1190 testes
1186 1151 1284 1190 eorum
1298 1151 1364 1190 esse
1378 1133 1489 1192 debue

277 1218 353 1285 runt,
369 1219 399 1269 et
412 1229 478 1269 eum
491 1211 528 1270 de
542 1211 578 1270 iis
598 1211 744 1287 scriberet,
760 1231 818 1270 nou
832 1230 897 1288 quae
910 1210 1002 1270 multa
1021 1217 1090 1268 ante
1111 1209 1209 1269 secula
1221 1217 1305 1286 gesta
1319 1219 1412 1288 erant,
1437 1213 1490 1270 sed

276 1287 328 1347 illo
341 1289 404 1366 ipso
424 1298 560 1366 tempore,
582 1309 641 1348 non
661 1291 735 1348 elam
758 1299 787 1350 et
808 1291 839 1348 in
862 1290 978 1367 angulo,
993 1298 1024 1349 et
1047 1307 1143 1348 eoram
1156 1289 1256 1366 paneis
1277 1289 1414 1366 testibus,
1439 1292 1489 1368 qui

276 1365 361 1426 facile
374 1369 518 1447 corrumpi
537 1370 706 1446 potuissent,
729 1370 780 1428 sed
800 1369 895 1448 palam
915 1376 945 1428 et
964 1367 1079 1446 publice
1093 1368 1147 1428 sub
1168 1368 1260 1426 oculis
1281 1377 1488 1428 sexcentorum

275 1447 398 1506 millium
414 1448 570 1522 hominurn,
586 1456 616 1507 et
628 1448 755 1508 hostium
775 1449 862 1508 etiam
882 1448 1009 1525 ipsorum
1029 1446 1296 1523 infensissimorum,
1311 1447 1363 1523 qui
1384 1458 1488 1525 potue·

275 1533 343 1583 runt
356 1525 505 1584 mendacia
518 1526 608 1603 ipsius
622 1531 767 1602 arguere?
807 1526 857 1585 An
870 1527 965 1604 potuit
985 1545 1099 1603 sperare
1118 1525 1231 1585 nullum
1245 1533 1392 1603 repertum
1407 1527 1444 1584 iri
1459 1527 1488 1585 in

275 1603 382 1680 populo
396 1605 447 1680 qui
460 1603 496 1663 de
510 1603 574 1663 istis
587 1604 740 1680 dubitaret,
755 1605 804 1664 vel
818 1605 868 1681 qui
881 1604 919 1663 ab
933 1605 1086 1682 AEgyptiis
1106 1624 1201 1664 rerum
1215 1613 1364 1682 gestarum
1378 1607 1487 1665 verita·

276 1689 334 1740 tem
348 1701 406 1740 non
419 1682 599 1760 requireret?
638 1683 689 1742 An
710 1683 847 1744 credibile
861 1691 914 1758 est,
930 1703 968 1742 ex
987 1691 1069 1743 tanto
1089 1683 1237 1742 hominum
1257 1703 1389 1758 numero,
1412 1705 1488 1763 quos

275 1759 397 1853 subinde
411 1760 562 1820 durissime
576 1769 713 1839 tanquam
728 1771 843 1856 gentem
856 1762 993 1856 rebellem
1008 1770 1037 1822 et
1050 1761 1219 1854 indomitam
1232 1761 1412 1840 increpabat,
1428 1765 1486 1823 imo

274 1858 598 1980 ffimshliiffliib
612 1840 1487 1999 irremissibiliter-tituta

274 2006 430 2076 potueruut
443 1999 582 2059 adversus
595 2000 698 2078 ipsum,
713 2001 857 2061 neminem
877 2000 1005 2060 futurum
1017 1997 1106 2059 fuisse
1127 1999 1178 2077 qui
1191 2015 1273 2059 suam
1287 1999 1331 2057 illi
1352 1999 1486 2060 baudem

274 2085 305 2137 et
318 2077 505 2158 imposturam
518 2099 579 2139 non
593 2081 755 2158 objecisset,
778 2099 844 2140 cum
856 2079 943 2139 toties
957 2077 1096 2138 adversus
1109 2078 1205 2156 ipsum
1217 2087 1277 2138 tam
1291 2079 1393 2156 iniqua
1407 2099 1484 2140 mur·

274 2175 388 2218 murare
401 2167 432 2218 et
444 2160 583 2219 rebellare
598 2163 775 2221 cernentur?
815 2158 948 2237 Denique
962 2158 988 2216 si
1007 2157 1192 2236 impostorem
1212 2158 1281 2235 egit,
1298 2159 1485 2220 commodum

275 2236 393 2313 aliquod
407 2237 468 2296 sine
489 2237 586 2312 dubio,
601 2239 650 2297 vel
670 2239 792 2316 gloriam
813 2237 862 2297 val
884 2257 953 2316 opos
967 2236 1034 2296 inde
1056 2236 1192 2314 captavit,
1206 2245 1240 2296 nt
1252 2235 1303 2295 vel
1323 2237 1484 2316 Imperium

275 2314 332 2374 sibi
345 2323 376 2374 et
386 2315 510 2393 posteris
524 2315 712 2393 confirmaret,
728 2317 905 2376 vallandam
919 2316 1066 2395 sapientia
1086 2323 1116 2374 et
1135 2314 1259 2375 heroica
1272 2316 1393 2376 virtutis
1406 2317 1485 2395 apud

275 2393 406 2452 homines
425 2403 663 2471 consequeretur3
686 2395 738 2455 sed
761 2415 848 2472 quam
868 2395 980 2454 alienus
998 2414 1016 2454 a
1037 2394 1112 2455 lucri
1131 2394 1181 2454 vel
1201 2395 1302 2473 gloriae
1323 2395 1484 2474 cupiditate

275 2471 374 2531 Moses
388 2471 483 2549 fuerit,
497 2480 527 2531 et
539 2493 586 2532 res
605 2473 670 2552 ipsa
688 2474 802 2551 clamat,
817 2483 848 2534 et
868 2475 1017 2534 sinceritas
1030 2494 1088 2552 qua
1106 2473 1222 2552 propria
1234 2481 1355 2552 peecata
1369 2494 1433 2554 sua,
1454 2485 1484 2535 et

274 2550 504 2612 incredulitatem
517 2551 648 2630 inprimis
661 2561 720 2612 tom
734 2553 859 2632 ingenua
873 2553 1033 2630 conflatur,
1049 2553 1120 2614 satis
1132 2560 1264 2614 tenatur.

315 2629 393 2690 XX.
416 2631 475 2692 Sed
495 2631 568 2691 forte
591 2632 729 2693 Isra'elitae
750 2633 906 2693 falsitatem
929 2653 1023 2692 rerum
1048 2653 1113 2710 qua
1137 2653 1155 2691 a
1177 2632 1261 2692 Mose
1282 2631 1484 2694 referebantur

274 2718 472 2788 agnoscentes,
495 2722 701 2773 consenserunt
721 2714 752 2772 in
773 2712 903 2773 banalem
924 2720 954 2772 et
975 2713 1169 2790 imposturam,
1185 2711 1223 2771 nd
1246 2712 1387 2790 majorem
1401 2713 1483 2790 genti

274 2789 396 2866 gloriam
410 2790 627 2851 conciliandam.
670 2792 729 2852 Sed
736 2793 803 2871 quis
811 2792 927 2852 credere
937 2793 1014 2851 ausit
1027 2791 1242 2852 lsraeiitastam
1251 2791 1370 2851 insanos
1380 2791 1481 2866 fuisse,

272 2875 305 2928 ut
319 2870 480 2930 consentire
492 2890 551 2930 non
564 2872 723 2932 recusarint
742 2873 772 2931 in
792 2881 852 2931 tam
865 2871 1009 2949 insignem
1030 2871 1217 2949 imposturam
1229 2890 1281 2949 per
1300 2889 1388 2948 quam
1406 2872 1482 2950 jugo

272 2949 431 3028 ἇβιπιίκτρ
446 2950 533 3029 Legh
547 2950 708 3011 durissima
729 2951 962 3030 subjiciebantur,
979 2951 1004 3010 si
1022 2950 1153 3028 persuasi
1166 2969 1234 3010 vere
1254 2949 1379 3010 finissem
1391 2951 1481 3010 talem

274 3029 384 3107 Legem
404 3031 491 3090 fuisse
512 3049 622 3091 merum
646 3031 739 3091 Mesia
757 3032 972 3090 commentum?
1012 3029 1070 3087 Vel
1091 3049 1129 3087 an
1142 3029 1203 3088 ulla
1222 3029 1285 3088 veri
1307 3029 1404 3107 specie
1422 3030 1481 3089 dici

272 3117 369 3186 potest
388 3131 427 3170 ex
447 3111 592 3170 sexcentis
611 3111 759 3171 hominum
779 3111 907 3170 millibus
921 3107 959 3168 ad
972 3127 1062 3168 unum
1082 3127 1182 3169 omnes
1195 3107 1226 3166 in
1239 3108 1328 3167 talem
1347 3107 1481 3168 fraudem

273 3191 511 3266 consensissent
529 3209 614 3250 namo
634 3199 764 3268 repertus
784 3189 870 3250 fuerit
889 3190 940 3266 qui
953 3188 1005 3247 tali
1026 3188 1196 3247 consiliose
1218 3187 1409 3266 opposuerit?
1451 3193 1480 3248 2.

272 3265 397 3326 Tantum
412 3269 494 3328 abest
513 3277 547 3328 ut
566 3270 688 3347 gloriam
709 3278 739 3329 et
758 3269 874 3330 laudem
893 3267 971 3346 apud
984 3267 1057 3326 alios
1077 3268 1134 3327 sibi
1146 3266 1214 3326 inde
1228 3265 1425 3343 conciliarent,
1447 3277 1481 3327 ut

271 3354 372 3402 contm
385 3346 483 3404 odium
496 3354 526 3406 et
539 3356 736 3426 contemptum
750 3348 876 3408 omnium
896 3347 999 3406 merito
1012 3347 1043 3406 in
1056 3366 1088 3407 se
1102 3352 1299 3406 accerserent:
1320 3345 1386 3422 quis
1400 3347 1480 3406 enim

272 3421 378 3481 dixerit
391 3424 429 3483 ad
443 3425 532 3484 decus
546 3427 640 3502 gentis
660 3427 840 3504 pertinuisse,
856 3434 1004 3485 uteorum
1024 3445 1170 3486 murmura
1183 3433 1213 3485 et
1225 3433 1344 3504 peccata
1364 3425 1478 3504 gravis-

271 3499 346 3559 sima
358 3502 450 3560 oculis
465 3503 614 3562 hominum
628 3513 847 3582 exponerentur,
862 3512 895 3564 ut
908 3515 1097 3582 arguerentur
1106 3514 1244 3582 tanquam
1257 3505 1479 3586 αλιςκςιίχιλα

270 3586 300 3638 et
313 3578 501 3657 ingratissimi
514 3582 686 3660 mortalium,
701 3591 735 3642 ut
747 3603 840 3661 poena
854 3584 1044 3643 severissimae
1057 3584 1163 3662 quibus
1178 3585 1259 3644 Deus
1273 3603 1371 3645 eorum
1380 3586 1478 3662 perui·

269 3658 378 3718 caciam
398 3668 429 3721 et
448 3661 634 3721 rebellionem
653 3663 733 3722 ultus
753 3670 815 3722 erat
827 3681 886 3720 non
911 3664 1000 3723 semel
1018 3673 1241 3740 recenserentur,
1263 3664 1322 3723 imo
1338 3663 1404 3742 quis
1417 3683 1479 3725 non

269 3738 425 3800 videthaec
438 3741 469 3799 in
482 3748 620 3800 aeternum
629 3741 725 3818 gentis
737 3742 874 3821 probrum
884 3742 1011 3803 cedere?
1045 3743 1221 3820 Unoverbo,
1237 3743 1477 3819 causanullaest,
1562 3751 1563 3812 ἑ

268 3820 470 3914 compopulus
489 3829 549 3881 tam
573 3819 653 3880 durae
677 3821 807 3899 cervicis,
827 3819 1003 3895 storacium,
1022 3821 1111 3900 Legis
1129 3822 1340 3882 molestissimae
1358 3829 1389 3881 et
1410 3842 1478 3900 quaa
1562 3829 1563 3846 ¹

250 3897 415 3959 'mmrmam
442 3900 698 3979 transgressionem
725 3909 785 3962 tam
812 3921 912 3962 savem
939 3900 1138 3976 ulciscebatur,
1157 3901 1262 3979 jugum
1291 3901 1364 3961 adeo
1391 3901 1477 3961 facile

267 3977 364 4040 subire
383 3980 532 4056 voluisset,
554 3979 611 4040 uisi
624 3979 661 4040 de
682 3980 833 4041 diviuime
847 3981 1007 4042 vocationis
1021 3981 1122 4058 Musis,
1147 3988 1177 4040 et
1190 3981 1311 4040 vedmte
1332 3980 1476 4042 dictorum

266 4059 331 4136 ejus
343 4079 498 4139 persuasus
510 4060 620 4122 finisset

268 4177 388 4224 cermalo
429 4183 508 4226 munst
568 4139 663 4202 XXI.
687 4141 837 4202 Conversio
856 4141 963 4202 Maedi
981 4151 1008 4201 et
1026 4140 1180 4218 Ewnoeai
1196 4159 1334 4201 moseres
1348 4139 1474 4200 chrisci-

296 4237 415 4288 smcsurc
446 4241 507 4284 mvr-
527 4240 606 4281 mum
621 4229 667 4281 est
680 4221 849 4281 Divinitatis
863 4221 927 4299 ejus
940 4229 1158 4298 argumentum
1181 4220 1322 4279 Namnisi
1335 4219 1402 4278 Viri
1418 4219 1475 4278 Dei

295 4292 390 4336 'm‘
399 4299 487 4347 W*-
528 4301 650 4360 fuissem
670 4299 814 4379 Apostoli,
830 4307 860 4360 et
873 4300 1019 4360 coelestem
1039 4299 1190 4359 veritatm
1212 4299 1385 4374 attulissent,
1408 4299 1474 4376 capi

266 4371 362 4432 animo
375 4394 433 4435 non
446 4387 542 4455 potest
555 4379 606 4457 qni
618 4379 681 4439 fieri
694 4380 828 4458 potuerit,
842 4387 987 4440 uteorum
1001 4378 1131 4438 doctrina
1139 4379 1175 4438 iis
1184 4378 1319 4460 omnibus
1330 4377 1475 4456 praesidiis

266 4449 413 4530 destituta,
429 4455 533 4531 quibus
554 4457 684 4518 doctrina
702 4459 799 4536 aliqua
818 4459 985 4518 humanibus
1004 4458 1197 4518 commendari
1212 4466 1241 4516 et
1253 4458 1408 4536 propagari
1421 4476 1472 4535 po-

265 4539 331 4607 test,
346 4541 376 4591 et
389 4531 425 4592 iis
439 4535 572 4594 omnibus
586 4536 672 4597 rebus
686 4537 912 4616 pertinacissime
933 4544 1099 4616 oppugnata
1112 4537 1217 4614 quibus
1231 4536 1370 4594 doctrinae
1384 4537 1473 4596 alieni
1562 4577 1563 4606 ι

264 4611 361 4670 resisti
373 4620 477 4690 potest,
492 4615 666 4675 authoritate
680 4617 834 4695 Majornm,
851 4615 1057 4678 consuetudine
1073 4616 1256 4696 Populorum,
1272 4615 1372 4673 favore
1387 4615 1471 4674 Prin·
1562 4627 1563 4652 ³

264 4690 368 4770 cipum,
384 4692 547 4770 eloquentia
568 4693 728 4773 Oratorem,
750 4696 909 4757 subtilitate
931 4695 1180 4775 Philosophorum,
1202 4693 1470 4756 accommodatione
1562 4741 1563 4752 ι
