3174 5174
135 351 247 400 oonsr.
262 327 319 408 ru]
643 345 682 384 ns
698 346 838 388 saccaro.
912 351 915 356 ¹
1284 332 1340 388 541

137 491 267 567 adeoque
281 486 396 545 veniale
410 502 468 543 non
484 491 536 542 est.
559 483 657 543 Gratis
671 502 741 543 vero
755 485 925 563 supponitur
939 484 1062 544 Paulum
1077 505 1163 564 agere
1177 497 1289 548 tautum
1306 487 1343 547 de

137 577 256 648 peccato
280 563 408 644 graviori
431 569 579 640 pugnante
602 583 667 622 cum
689 563 783 640 gratia
803 572 833 622 et
846 583 912 622 cum
930 562 1060 640 justitia;
1083 565 1158 639 Quia
1178 565 1293 628 disserit
1306 568 1343 628 de

139 649 244 727 quovis
257 653 386 724 peccato,
401 643 487 700 etiam
502 641 538 700 de
552 641 682 719 reliquiis
696 649 878 720 peccatorum
895 642 925 699 iu
939 644 1085 718 regenitis,
1096 653 1129 703 ut
1142 648 1275 724 exemplo
1291 668 1343 707 sno

140 726 315 804 comprobat,
332 723 387 780 Ro.
403 721 463 795 vii,
478 720 644 780 exclamans
659 721 712 779 sub
726 721 821 796 finem,
843 722 935 779 Miser
948 740 997 797 epo
1011 721 1100 796 Ιιοιιιο,
1116 725 1177 798 quis
1191 745 1233 784 me
1247 727 1347 802 eripiet

140 827 178 866 ear
191 807 243 864 tito
257 821 375 879 corpore
389 800 505 858 mortib?
526 800 566 859 Et
580 819 684 876 scopus
695 800 758 876 ejus
771 801 827 858 hoc
840 799 957 872 evincit,
973 799 1023 877 qui
1037 808 1081 859 est
1095 801 1274 864 Christianos
1295 806 1344 864 de·

140 884 250 944 hortari
264 903 282 941 a
294 879 430 960 peccatis,
451 898 510 937 non
524 878 697 954 quibusdam
717 887 839 954 tantum,
862 879 913 937 sed
935 878 1076 954 omnibns,
1099 880 1167 956 quia
1186 901 1245 940 non
1266 885 1345 943 alind

140 962 317 1042 stipendium
329 959 439 1019 habent
451 977 537 1034 quam
551 965 681 1017 mortem.

357 1102 373 1116 ..
463 1035 553 1094 VIII.
578 1036 721 1112 Secundo,
743 1036 810 1095 Hoc
824 1035 918 1113 ipsum
938 1035 1042 1114 probat
1061 1035 1235 1098 horrendum
1257 1040 1346 1118 Legis

141 1106 204 1154 2⁰¹
215 1105 288 1208 ¹³⁰3}
304 1117 382 1150 ’Μ
403 1135 534 1190 carmen;
557 1116 726 1174 Maledictis
740 1116 789 1192 qui
801 1136 856 1175 aon
876 1117 1068 1191 per-mamerit
1085 1117 1114 1176 in
1137 1119 1259 1178 omuibus
1283 1139 1347 1196 quse

275 1196 281 1209 '
403 1195 515 1269 acriptoe
527 1203 592 1252 sunt
605 1195 633 1252 in
648 1195 718 1252 libro
731 1195 816 1270 Lapis
829 1195 920 1270 injus,
942 1195 1030 1254 Deut.
1044 1195 1137 1254 xxvii.
1152 1199 1200 1272 26,
1224 1199 1289 1258 Gal.
1305 1199 1345 1259 iii.

144 1279 192 1336 10.
216 1273 248 1334 Si
262 1273 355 1332 omnis
369 1273 511 1332 aberratio
525 1291 543 1331 a
557 1273 636 1349 Lege
650 1272 882 1332 maledictionem
900 1282 1033 1350 meretur,
1049 1283 1079 1334 et
1099 1294 1183 1335 omne
1197 1286 1346 1352 peccatum

143 1363 188 1414 ost
200 1354 299 1429 inputa,
320 1353 433 1411 nullum
455 1351 540 1411 datur
559 1361 709 1428 peccatum
730 1352 817 1412 etiam
836 1353 996 1428 minimum,
1018 1353 1097 1430 quod
1116 1354 1347 1414 maledictionem

144 1453 202 1492 non
217 1432 338 1491 inferat:
359 1430 421 1490 Nec
435 1429 494 1489 dici
508 1439 604 1508 potest
618 1431 731 1490 Mosam
745 1451 831 1508 agere
845 1440 958 1494 tantum
972 1431 1008 1490 de
1026 1433 1154 1509 peccatis
1174 1434 1346 1511 quibusdam

144 1511 335 1590 gravioribus,
348 1509 386 1570 de
400 1510 505 1586 quibus
520 1517 619 1585 egerat
633 1510 662 1567 in
682 1528 758 1568 vers.
772 1509 954 1587 praecedent,
968 1522 1039 1587 puta
1059 1510 1096 1570 de
1117 1511 1288 1588 idololatria,
1303 1514 1346 1572 in-

145 1599 235 1664 cestu,
256 1589 421 1648 homicidio.
447 1589 483 1646 R.
509 1588 584 1663 Quia
602 1588 743 1667 particula
766 1589 937 1648 universalis
962 1589 1058 1648 omnia
1082 1591 1288 1668 complectitur,
1314 1601 1348 1652 ut

145 1669 255 1728 Paulus
269 1667 403 1746 explicat,
420 1667 486 1726 Gal.
501 1667 542 1726 iii.
559 1670 605 1743 10,
626 1667 678 1726 ubi
691 1667 729 1725 ad
746 1687 862 1726 sensum
874 1667 969 1744 magis
989 1688 1075 1744 quam
1090 1668 1127 1726 ad
1142 1689 1243 1729 sonum
1257 1672 1346 1749 respi-

147 1749 236 1822 ciens,
253 1767 290 1806 ex
304 1746 409 1805 LXX.
423 1746 505 1805 addit
519 1754 787 1824 syncategoremata
799 1745 975 1806 universalia
988 1748 1076 1805 omnia
1089 1757 1119 1806 et
1132 1749 1161 1806 in
1176 1751 1306 1826 οτιιιιῶιιι,
1319 1759 1349 1810 et

147 1828 231 1905 Lapis
245 1826 412 1903 simpliciter
424 1825 599 1886 mentionem
613 1825 690 1901 facit,
712 1845 771 1884 non
784 1826 869 1902 Lapis
882 1827 971 1901 liujus,
993 1834 1026 1885 ut
1043 1825 1226 1886 comminatio
1247 1829 1285 1887 sd
1304 1837 1347 1888 to·

146 1915 208 1967 tam
223 1905 332 1982 Legem
351 1903 531 1966 extendatur.
574 1904 635 1963 Nec
657 1905 683 1962 si
697 1905 792 1982 reipsa
805 1911 835 1963 et
848 1903 884 1962 de
898 1904 974 1963 facto
989 1925 1088 1963 omnes
1101 1915 1266 1982 peccatores
1289 1927 1348 1968 non

146 1984 364 2058 maledicuntur,
387 1983 517 2061 sequitur
529 1993 679 2061 peccatum
709 2003 792 2042 omne
821 1983 901 2042 illam
931 2003 990 2042 non
1010 1985 1130 2060 mereri;
1162 1985 1214 2045 sed
1235 1994 1347 2046 tantum

145 2064 262 2124 veniam
275 2063 354 2123 illius
368 2082 406 2122 ex
419 2062 513 2139 gratia
527 2063 664 2123 obtinere.

467 2140 527 2200 IX.
549 2141 656 2217 Tertio,
672 2141 746 2218 Quia
760 2142 810 2220 qui
817 2143 944 2220 impiapit
957 2143 986 2202 in
1000 2162 1055 2203 uno
1064 2151 1215 2220 precepto,
1230 2164 1296 2202 reus
1309 2153 1350 2204 est

406 2221 537 2296 omnium,
553 2219 657 2280 Jacob.
672 2221 701 2279 ii.
720 2225 766 2296 10,
778 2222 829 2280 ubi
842 2242 901 2280 non
915 2222 1008 2281 solum
1022 2223 1058 2282 de
1081 2223 1248 2281 criminibus
1262 2243 1348 2300 agere

147 2299 261 2378 Apost,
280 2298 332 2359 sed
352 2299 389 2358 de
409 2301 536 2376 peccatis
556 2300 734 2377 quibuslibet
753 2299 910 2376 indefinite,
933 2309 963 2360 et
982 2301 1072 2360 verba
1091 2301 1183 2378 ipsius
1203 2303 1350 2379 generalia

146 2387 297 2454 testantur,
319 2379 443 2454 quisquis
456 2379 601 2456 inpegerit
622 2379 652 2438 ia
665 2400 730 2456 uno,
752 2389 791 2439 st·
805 2381 970 2457 exemplum
991 2379 1204 2461 remeandi&
1224 2381 1261 2438 ab
1285 2381 1349 2458 ipso

147 2458 304 2518 adductum
328 2457 439 2534 probat
482 2457 540 2516 Cur
553 2479 622 2517 vero
639 2479 729 2518 unum
749 2468 924 2537 praeceptum
945 2459 1082 2518 violando
1102 2461 1188 2518 homo
1210 2460 1261 2519 fiat
1282 2480 1349 2520 reus

147 2537 285 2611 omnium,
309 2537 383 2595 ratio
404 2535 558 2614 multiplex
579 2537 718 2598 redditur.
741 2541 768 2597 1.
789 2538 839 2595 Ab
856 2540 983 2614 authore,
999 2539 1067 2617 quia
1086 2538 1163 2597 idern
1182 2547 1227 2599 est
1247 2539 1350 2599 author

146 2616 275 2676 omnium
288 2622 504 2693 praeceptorum,
518 2615 584 2674 ideo
599 2617 629 2674 in
642 2615 728 2676 unius
741 2617 898 2676 violatione
912 2616 1066 2678 offenditur
1080 2617 1269 2694 Legislatoris
1288 2638 1348 2676 ma-

142 2697 245 2774 jestas.
260 2694 326 2754 aA
336 2695 506 2753 concambire
508 2704 698 2771 peecatorum,
706 2697 774 2774 quia
782 2697 879 2754 omnia
886 2707 1030 2774 precepta
1038 2704 1209 2756 revocantur
1215 2696 1253 2755 ad
1260 2717 1349 2756 unum

146 2783 322 2852 praeceptum
331 2773 485 2848 charitatis,
494 2793 551 2851 quo
560 2774 668 2833 violato
676 2783 739 2834 tota
747 2775 811 2834 Lex
820 2775 953 2834 violatur.
976 2779 1003 2835 3.
1016 2777 1045 2834 A
1050 2778 1112 2854 fine
1119 2777 1212 2852 Lepis,
1219 2795 1283 2852 quse
1291 2797 1350 2836 non

146 2853 306 2932 partialem,
319 2851 370 2911 sed
377 2851 569 2912 universalem
581 2852 772 2912 obedientiam
781 2855 923 2930 postulat;
934 2855 1000 2914 ideo
1008 2855 1059 2932 qui
1072 2874 1162 2914 unum
1172 2855 1271 2931 violat,
1283 2875 1351 2915 reus

147 2941 192 2992 est
205 2931 295 2992 totius
310 2930 398 3008 Legis
412 2931 535 3006 violatae,
550 2951 604 2990 nec
618 2933 742 3010 amplius
756 2951 793 2990 ex
808 2931 887 3010 Lege
901 2934 992 2994 vitam
1005 2941 1101 3010 potest
1114 2933 1253 2992 obtinere.

471 3011 513 3070 X.
536 3011 653 3086 Quarto,
676 3011 750 3084 Quia
763 3011 850 3070 etiam
864 3012 946 3070 verbi
960 3011 1045 3071 otiosi
1059 3012 1132 3070 ratio
1146 3011 1292 3070 reddenda
1305 3019 1350 3070 est

147 3062 292 3110 ΝΜ
301 3060 387 3107 ΜΒ·
410 3087 440 3148 in
455 3089 501 3148 dis
519 3089 632 3166 judicii,
655 3091 740 3149 Matt.
755 3090 806 3147 xii.
829 3093 877 3165 36,
899 3099 1036 3168 tanquam
1057 3090 1094 3148 de
1113 3109 1147 3149 eo
1161 3089 1240 3166 quod
1253 3109 1304 3166 per
1318 3109 1349 3148 se

147 3176 242 3245 potest
257 3187 320 3226 esse
335 3186 421 3226 causa
435 3167 635 3245 damnationis,
657 3168 734 3229 unde
747 3189 776 3226 v.
794 3172 841 3243 37,
863 3177 896 3229 ut
910 3170 1010 3229 innuat
1023 3168 1113 3227 verba
1132 3169 1184 3226 illa
1197 3169 1297 3242 otiosa,
1313 3168 1349 3227 de

148 3247 255 3324 quibus
268 3267 296 3304 v.
312 3250 350 3306 36
372 3246 552 3324 loquebatur,
567 3268 632 3325 qua
656 3268 694 3306 ex
708 3248 949 3308 Adversariorum
970 3247 1125 3325 hypothesi
1146 3256 1213 3316 sunt
1232 3254 1351 3325 peccata

149 3325 281 3399 venialia,
303 3325 490 3386 sufficientem
504 3347 567 3386 esse
588 3347 704 3386 causam
723 3327 978 3403 condemnationis,
1000 3326 1089 3400 addit,
1112 3329 1163 3387 Ex
1180 3327 1351 3386 samoneos

148 3406 202 3464 aaa
208 3406 412 3484 justificaberis,
428 3414 456 3464 et
468 3427 505 3465 aa
517 3408 688 3466 sermonibus
702 3408 755 3466 turb
769 3407 1003 3466 condemnaberis.
1027 3407 1138 3483 Scopus
1153 3405 1259 3465 Christi
1273 3406 1349 3466 idem

149 3483 316 3559 confirmat;
339 3485 388 3560 qui
403 3493 458 3560 „est
479 3485 631 3546 ostendere
654 3485 809 3546 Peccatum
829 3487 859 3544 in
883 3486 1022 3563 Spiritum
1043 3485 1181 3545 Sanctum
1201 3503 1350 3563 nunquam

147 3563 299 3622 remissum
318 3562 363 3638 iri,
385 3574 554 3640 argumento
568 3585 586 3622 a
599 3565 710 3641 minori,
733 3565 840 3642 quiesi
858 3566 979 3626 verbum
993 3564 1117 3626 otiosum
1137 3565 1350 3625 condemnatio·

149 3662 215 3702 nem
228 3650 362 3718 meretur,
377 3651 485 3719 quanto
499 3644 593 3721 magis
607 3654 666 3704 tam
680 3653 763 3704 atrox
776 3644 979 3724 blasphemia?

223 3787 229 3800 ,
307 3787 312 3798 ¹
471 3723 531 3782 XI.
554 3723 669 3799 Quinto,
686 3724 761 3799 Quia
773 3744 858 3794 omne
871 3733 1019 3800 peecatum
1035 3723 1134 3800 glorias
1148 3721 1205 3782 Dei
1214 3723 1348 3782 sdversa-

149 3785 171 3832 ⁶·
181 3786 334 3890 {mm
340 3785 386 3833 ⁰⁰¹
406 3809 461 3876 tur,
478 3811 507 3862 et
520 3805 700 3880 majestatem
714 3803 778 3880 ejus
792 3803 933 3862 infinitam
946 3802 1035 3876 laedit,
1050 3810 1136 3878 atque
1150 3801 1222 3859 adeo
1236 3801 1350 3878 culpam

335 3874 342 3888 '
409 3881 497 3940 habet
511 3901 564 3940 suo
578 3882 664 3941 modo
684 3882 829 3959 infinitum,
855 3882 881 3940 si
900 3901 959 3938 non
979 3880 1123 3939 intensive
1136 3888 1166 3938 et
1186 3879 1348 3954 intrinsece,

149 3959 253 4018 saltem
268 3959 401 4035 ob'ectim,
409 3968 551 4036 quatenus
565 3960 753 4020 committitur
766 3969 866 4019 contra
879 3960 986 4018 bonum
1000 3957 1152 4032 infinitum,
1164 3966 1194 4020 et
1204 3959 1348 4033 retemire,

147 4039 260 4096 rationo
274 4039 439 4115 durationis,
454 4040 523 4116 quia
536 4038 616 4100 labes
630 4041 694 4117 ejus
717 4058 767 4098 seu
781 4038 893 4098 macula
907 4037 991 4097 durat
1004 4037 1035 4094 in
1049 4044 1195 4112 aetemum,
1210 4044 1350 4113 quantum

148 4125 193 4176 est
207 4137 245 4176 ex
263 4125 344 4193 parte
364 4117 519 4194 peccantis,
535 4119 603 4196 quia
616 4119 641 4178 is
661 4139 714 4198 per
727 4138 757 4178 se
772 4137 824 4178 sou
842 4117 966 4196 propriis
979 4117 1090 4175 viribus
1110 4134 1272 4193 expurgare
1286 4133 1349 4173 eam

148 4215 297 4273 nunquam
307 4203 411 4272 potest,
424 4197 500 4256 unde
512 4198 625 4258 seclusa
636 4199 693 4258 Dei
703 4196 920 4257 condemnantis
929 4192 1132 4270 misericordia,
1143 4202 1309 4271 peccantem
1320 4194 1350 4252 in

148 4283 287 4335 aeternum
303 4275 407 4352 Regno
421 4276 532 4335 coelesti
545 4277 720 4351 excluderet,
741 4287 770 4336 et
789 4276 883 4356 poenis
896 4274 1084 4352 internatibus
1098 4273 1260 4350 subjiceret,
1283 4273 1352 4354 quia

159 2194 223 2242 dex
233 2193 286 2241 ἔω.
296 2195 322 2239 ii.
331 2193 368 2239 10.

148 4355 222 4413 nihil
235 4354 417 4432 inquinatum
431 4355 462 4414 in
476 4356 550 4415 illud
563 4357 677 4417 admitti
690 4363 794 4434 potest.
839 4355 869 4416 si
883 4354 1053 4433 erfflculpa
1067 4361 1111 4412 est
1125 4351 1246 4428 infinite,
1266 4371 1352 4428 poena

126 4427 130 4440 '
149 4433 236 4493 etiarn
258 4453 323 4511 qna
337 4434 381 4492 illi
394 4434 517 4494 debetur
530 4435 644 4496 infinita
657 4435 695 4496 sit
709 4444 829 4513 oportet,
856 4433 880 4494 si
894 4451 954 4493 non
968 4433 1106 4508 intensive,
1121 4429 1201 4524 quod
1209 4437 1353 4508 repugnat

64 4571 70 4584 ,
149 4521 287 4572 creatura
300 4511 406 4588 finitae3
432 4522 463 4574 at
476 4517 611 4591 objectiva,
635 4515 703 4593 quia
717 4522 861 4593 separata
878 4515 954 4573 bono
976 4511 1097 4588 infinito,
1111 4510 1206 4570 mmir.
1229 4511 1301 4585 Deo,
1322 4518 1352 4568 et

149 4593 294 4668 antonios,
309 4592 420 4653 rationo
434 4593 602 4655 durationis.
