3250 5176
242 331 303 394 580
739 355 951 401 morosam.
1249 323 1380 419 [eumer.
1394 349 1454 398 xrr.

245 533 268 582 2
303 535 334 582 1,
364 535 487 583 creauere
548 497 609 558 IX.
641 497 791 559 Secundus
818 499 927 578 gradus
950 503 995 559 est
1021 499 1051 560 ia
1071 499 1181 559 Anima
1202 499 1362 575 oratione,
1387 518 1456 577 quie

275 587 490 713 ffipdijupptptiii
508 577 652 718 Iioettitppne
666 579 727 673 ulia
738 579 805 674 labe
819 589 932 719 eppleitur
945 600 963 674 a
978 581 1132 720 Deppdrponp
1148 588 1262 719 carpatur
1274 588 1374 674 temen
1388 599 1457 718 ppm

277 715 347 759 *Μ
506 677 563 798 tt
581 660 867 818 sefflica
886 679 1053 820 iiidice
1072 683 1158 821 ped
1179 681 1386 820 ,terme
1406 681 1457 798 te

248 813 486 894 distinguendum
508 819 546 878 eit
565 819 642 882 inter
653 821 788 880 Animam
806 842 923 898 param,
945 823 1096 899 impuram,
1117 831 1146 881 et
1165 843 1222 882 noa
1238 841 1355 899 param.
1399 821 1460 879 Illa

247 917 327 975 pura
340 897 453 974 dicitur,
475 919 540 978 quae
554 909 656 960 ornata
675 909 721 960 est
740 901 842 961 habitu
863 903 1041 980 sanctitatis3
1063 904 1185 979 impura,
1201 923 1265 980 qum
1280 901 1458 961 contrarium

249 977 380 1038 habitum
394 979 544 1057 injustitie
557 981 662 1057 habet;
683 1002 740 1040 aaa
753 1002 843 1059 para,
853 1003 918 1060 qute
931 983 1000 1042 licet
1013 983 1126 1042 nullum
1139 983 1245 1042 habeat
1258 982 1390 1042 habitum
1404 982 1458 1040 bo-

250 1077 329 1134 nnm,
343 1058 456 1118 nullum
471 1068 567 1120 tamen
579 1061 668 1120 habet
680 1061 798 1139 mnium,
814 1063 866 1122 sed
879 1073 992 1123 creatur
1013 1063 1181 1142 simpliciter
1191 1083 1257 1122 cum
1270 1062 1459 1122 facultatibus

250 1139 447 1216 naturalibus3
469 1141 564 1218 qualis
578 1142 749 1220 supponitur
762 1143 853 1201 creari
867 1163 885 1202 a
899 1143 963 1202 Deo
977 1151 1044 1222 post
1064 1144 1186 1221 lapsum,
1199 1143 1268 1221 qnia
1288 1144 1386 1220 imago
1401 1142 1461 1200 Dei

252 1219 358 1278 amissa
372 1221 462 1280 semel
481 1241 532 1298 per
553 1231 703 1300 peccatum
716 1241 775 1281 non
788 1230 884 1301 potest
897 1225 1021 1302 amplius
1035 1225 1148 1284 restitui
1161 1224 1218 1283 niei
1231 1223 1462 1302 regenerationis

250 1299 390 1361 beneficio
403 1323 456 1380 per
471 1302 609 1380 Spiritum
625 1303 772 1363 Sanctum

295 1381 338 1440 X.
360 1382 499 1457 Quamvis
513 1392 610 1442 autem
630 1384 732 1443 animm
752 1390 885 1443 creentur
902 1405 921 1443 a
935 1385 999 1443 Deo
1012 1383 1158 1444 destitutas
1176 1383 1292 1462 justitia
1304 1382 1460 1462 originali3

255 1463 323 1522 Non
336 1471 488 1541 propterea
502 1463 583 1524 Deus
598 1472 695 1542 potest
708 1464 819 1523 censeri
832 1465 936 1524 author
955 1465 1075 1542 peccati,
1090 1467 1160 1542 quia
1172 1464 1252 1523 aliud
1273 1473 1318 1524 est
1339 1463 1461 1542 impuri·

254 1551 344 1604 tatem
359 1541 518 1620 infundere,
533 1544 613 1604 aliud
626 1545 779 1622 puritatem
793 1563 852 1602 uon
866 1544 943 1622 dare,
958 1565 1016 1622 qua
1026 1546 1112 1605 homo
1126 1565 1157 1604 ee
1168 1544 1319 1621 indignum
1333 1543 1464 1603 reddidit

255 1625 287 1684 in
301 1625 427 1684 Adnmo.
469 1625 531 1684 Nec
544 1633 659 1686 tenetur
673 1625 753 1684 Deus
767 1644 864 1684 creare
878 1625 989 1684 animes
1001 1645 1098 1704 puras,
1113 1625 1171 1684 irno
1189 1625 1351 1703 justissime
1364 1633 1464 1702 potest

256 1725 306 1766 ese
319 1707 350 1764 in
363 1725 478 1783 poenam
491 1705 603 1786 peccati
617 1703 726 1763 Adami
739 1705 792 1762 tali
802 1704 878 1764 dono
891 1707 1005 1784 privare
1017 1729 1025 1766 t
1047 1707 1118 1781 Qua
1132 1705 1256 1782 privatio
1269 1705 1366 1765 Iiccta
1379 1713 1463 1782 parte

256 1785 383 1846 hominis
396 1787 435 1845 sit
449 1779 611 1862 culpabilis,
626 1784 696 1862 quit
709 1793 754 1844 eet
766 1785 892 1863 privatio
905 1785 1086 1846 rectitudinis
1099 1787 1205 1845 debita
1225 1785 1328 1862 inesse,
1343 1805 1403 1844 nou
1416 1791 1463 1843 ta-

256 1887 324 1928 men
337 1874 471 2006 reppectu
486 1865 550 1942 Dei,
565 1865 635 1944 quia
647 1873 692 1926 est
705 1873 788 1925 actus
796 1866 919 1945 justitiae
929 1866 1133 1944 vindicatricis,
1149 1885 1207 1945 quo
1220 1867 1344 1945 primum
1358 1884 1462 1945 pecea-

257 1957 354 2008 catum
401 1945 526 2008 ciscitur.

298 2026 360 2088 XI.
382 2028 466 2088 Licet
474 2035 571 2088 autem
582 2025 699 2086 Anima
708 2046 767 2087 non
777 2027 884 2087 fuerint
896 2027 927 2087 in
938 2026 1062 2104 Adamo,
1074 2027 1171 2105 quoad
1183 2027 1306 2087 eesmtia
1316 2025 1463 2104 oripiaem,

256 2109 327 2188 quio
339 2128 358 2167 a
372 2109 436 2168 Deo
450 2116 592 2184 creantur,
607 2115 685 2168 reete
698 2117 795 2168 tamen
808 2107 944 2168 dicuntur
964 2109 995 2167 in
1016 2109 1080 2186 ipso
1101 2107 1190 2167 fuisse
1209 2107 1305 2186 quoad
1326 2107 1465 2183 oripincm

256 2189 444 2266 admiranda,
458 2195 602 2266 quatenns
615 2187 825 2266 conjungenda
838 2188 955 2248 fuenmt
967 2209 1033 2248 cum
1048 2188 1223 2266 corporibus,
1238 2196 1272 2247 ut
1284 2197 1382 2264 partes
1396 2205 1464 2244 con-

258 2270 399 2330 stitutiva
412 2269 528 2328 illorum
541 2268 691 2328 hominum
701 2268 752 2346 qui
763 2276 831 2328 eunt
840 2268 894 2327 filii
904 2268 989 2346 Ada,
1000 2287 1122 2350 quaeque
1132 2268 1253 2347 proinde
1263 2269 1319 2326 hoc
1328 2275 1464 2344 respectu

257 2349 332 2412 bene
346 2359 501 2410 censentur
513 2368 570 2408 rese
583 2349 614 2407 in
628 2349 753 2408 Adamo.

300 2429 378 2489 XIL
400 2429 463 2489 Nec
475 2427 628 2506 indignum
642 2427 730 2488 debet
743 2425 854 2487 censeri
866 2428 995 2488 bonitate
1009 2428 1117 2506 divina,
1134 2436 1166 2488 ut
1183 2428 1214 2487 in
1228 2446 1332 2506 corpus
1346 2445 1465 2504 corrup·

257 2519 320 2572 tum
333 2507 502 2568 infundatur
515 2507 620 2584 anima,
635 2507 704 2586 quio
717 2507 759 2567 sic
773 2508 809 2566 ab
823 2508 906 2567 initio
920 2517 998 2569 certa
1011 2517 1041 2568 et
1054 2509 1173 2569 immota
1186 2509 1252 2586 lege
1267 2507 1371 2584 sanxit,
1388 2517 1421 2566 nt
1434 2508 1466 2566 in

258 2609 343 2651 omne
357 2607 462 2665 corpus
474 2589 632 2647 humanum
646 2586 845 2664 organizatum
857 2586 1023 2648 infunderet
1035 2589 1177 2668 animam3
1199 2609 1264 2668 qua
1277 2589 1327 2648 Iex
1341 2607 1400 2646 non
1414 2587 1466 2647 de-

257 2669 323 2732 buit
335 2668 446 2728 aboleri
458 2674 576 2747 propter
588 2667 714 2726 hominis
727 2676 886 2745 peccatum.
1256 2721 1262 2728 .

257 2786 280 2833 3
300 2785 331 2832 1n
347 2784 436 2831 unione
450 2783 501 2829 sni-
562 2746 659 2808 XIII.
676 2749 786 2806 Tcrtim
794 2749 1013 2826 propapotioaic
1020 2753 1131 2827 pradia
1141 2757 1186 2810 est
1196 2749 1227 2807 in
1242 2749 1349 2809 Uaioae
1362 2747 1467 2807 anima

289 2858 336 2891 me
366 2857 422 2890 eum
450 2857 502 2889 cor-
522 2848 585 2888 cam
597 2847 737 2906 corpor05
749 2835 820 2888 tunc
833 2829 910 2889 enim
923 2839 1074 2907 peecatum
1088 2830 1167 2908 quod
1180 2830 1273 2889 fuerat
1286 2836 1399 2888 tantum
1413 2827 1466 2886 iai-

288 2917 355 2964 em·
523 2909 617 2970 tiatim
631 2918 660 2969 et
673 2910 849 2988 radicaliter,
863 2909 897 2969 fit
910 2910 968 2970 tale
974 2911 1140 2986 formaliter
1153 2918 1183 2970 ct
1196 2919 1392 2970 coammmata
1423 2908 1468 2968 Ut

260 2991 348 3052 homo
368 3010 419 3069 per
440 2989 526 3050 istam
539 2991 675 3050 unionem
690 2991 874 3051 constituitur
895 2990 1010 3051 inesse
1031 2991 1174 3068 hominis;
1195 2992 1243 3050 Ita
1263 2998 1293 3049 et
1314 2996 1467 3068 peceatum

260 3071 429 3150 completur,
440 3089 499 3131 non
509 3079 622 3132 tantum
632 3071 784 3150 privative,
796 3091 848 3150 per
858 3072 1014 3132 carentiam
1023 3072 1154 3152 justitia,
1165 3071 1217 3130 scd
1230 3069 1318 3130 etiam
1330 3069 1467 3148 positive,

260 3171 313 3230 per
326 3150 462 3212 contrarii
474 3152 592 3212 habitus
604 3151 755 3230 injustitiae
768 3152 949 3230 positionem.

304 3231 395 3291 XIV,
420 3231 528 3292 Mirum
548 3240 645 3292 autem
658 3232 752 3292 videri
771 3252 830 3292 non
851 3232 946 3308 debet,
969 3231 994 3291 si
1015 3231 1112 3291 anIma
1132 3230 1277 3291 inficiatur
1298 3249 1316 3289 a
1337 3247 1467 3308 corpora,

261 3331 329 3371 cum
344 3311 493 3389 Scriptura
507 3320 536 3371 et
549 3311 728 3390 experientia
739 3321 890 3388 testentur,
905 3320 1015 3371 tantam
1026 3333 1089 3372 csse
1103 3313 1179 3371 inter
1188 3313 1313 3370 enimam
1323 3317 1353 3370 et
1363 3329 1470 3388 eorpus

262 3391 425 3466 repudium,
440 3398 473 3450 ut
487 3391 563 3450 sicut
576 3411 680 3469 corpus
694 3393 731 3450 ab
745 3393 841 3450 anima
854 3393 994 3470 afficitnr3
1016 3393 1058 3452 ite
1078 3401 1108 3452 et
1120 3393 1250 3452 vicissim
1264 3392 1391 3449 animae
1405 3409 1469 3448 cor-

262 3491 342 3549 pore.
385 3469 470 3530 Unde
493 3489 587 3529 mores
611 3471 699 3530 animi
724 3471 860 3532 dicuntur
881 3473 964 3550 sequi
985 3479 1242 3551 temperamentum
1267 3471 1403 3549 corporis.
1429 3470 1472 3529 Et

265 3549 414 3626 Scriptura
427 3549 554 3608 animum
567 3569 585 3608 a
599 3569 718 3628 corpore
731 3551 833 3610 vitiato
848 3553 963 3628 gravari
977 3554 1088 3628 asserit,
1105 3553 1175 3612 Luc.
1189 3552 1252 3611 xxi.
1267 3555 1315 3628 34,
1332 3551 1470 3610 “Cavete

263 3629 348 3690 vobIs
361 3649 399 3690 ne
417 3629 535 3708 quando
558 3637 716 3706 graventur
735 3631 824 3689 corda
836 3639 934 3690 vestra
954 3633 1072 3710 crapula
1092 3641 1122 3692 et
1143 3633 1290 3708 ebrietate,
1312 3637 1342 3690 et
1361 3631 1469 3690 sollici-

263 3710 414 3772 tudiuibus
436 3711 525 3789 hujus
546 3709 643 3769 vitve.’'
686 3710 726 3769 Et
749 3710 828 3789 Sapi.
850 3711 890 3769 Ix.
913 3715 959 3790 15,
983 3715 1000 3746 ‘¹
1013 3713 1124 3791 Corpus
1145 3712 1339 3790 corruptum,”
1364 3711 1469 3788 inquit,

264 3795 437 3869 “aggravat
448 3791 584 3867 mimam,
603 3799 633 3850 et
651 3798 798 3851 terrenum
812 3790 990 3852 domicilium
1003 3792 1118 3872 plenam
1133 3813 1265 3853 curarum
1278 3799 1405 3852 mentem
1419 3791 1470 3850 de·

264 3872 392 3951 primit.'’

306 3951 380 4012 XV.
411 3951 444 4013 Si
464 3971 534 4012 vero
555 3952 701 4030 quaritur,
726 3953 872 4031 quomodo
895 3953 999 4032 anima,
1025 3973 1090 4032 qna
1118 3953 1276 4033 spiritualis
1299 3959 1351 4028 est,
1377 3951 1472 4028 poseit

264 4031 344 4092 infici
357 4051 376 4092 s
388 4052 515 4110 corpore,
530 4032 610 4110 quod
623 4040 668 4092 est
680 4051 727 4092 res
741 4033 826 4093 bruta
839 4041 869 4092 et
889 4033 1055 4110 materialis,
1077 4055 1135 4095 non
1155 4041 1252 4112 potest
1271 4032 1347 4092 solvi
1365 4031 1470 4107 nodus,

264 4121 298 4173 nt
310 4112 376 4173 fita
396 4112 552 4188 nonnullis,
567 4111 699 4188 dicendo,
725 4114 850 4172 animam
874 4113 1004 4191 indigere
1025 4134 1144 4192 corpore
1164 4113 1340 4191 organiaeto,
1362 4119 1392 4172 et
1412 4130 1473 4169 non

264 4213 350 4273 posse
363 4193 476 4270 operari
488 4193 546 4252 nisi
558 4213 611 4270 per
623 4211 733 4270 organa
745 4213 898 4272 corporea;
923 4194 1021 4272 itaque
1035 4194 1060 4254 ei
1080 4195 1154 4254 bene
1174 4200 1334 4272 temperata
1353 4191 1412 4251 sint
1425 4209 1472 4250 or-

264 4293 350 4353 gana,
365 4272 508 4334 actionem
521 4272 610 4332 animi
622 4272 686 4332 fieri
699 4281 816 4350 rectam,
842 4274 888 4332 sin
911 4283 1012 4334 contra
1033 4283 1168 4354 corrupta
1191 4273 1249 4334 sint
1262 4281 1292 4332 et
1313 4271 1389 4331 male
1410 4271 1473 4331 die·

263 4353 368 4433 posita,
390 4352 480 4412 enimi
501 4353 695 4430 operationem
717 4352 805 4412 etism
828 4353 981 4433 corrumpi.
1033 4354 1108 4429 Quia
1128 4355 1184 4413 hoc
1205 4363 1304 4432 posset
1324 4359 1473 4429 utcunque

264 4433 359 4494 facere
372 4431 411 4496 ed
424 4431 635 4511 corruptionem
649 4433 792 4492 actualem
806 4453 824 4492 o
860 4433 1005 4494 rationum
1018 4435 1123 4494 anima
1143 4432 1404 4508 demonstrandam,
1420 4431 1473 4491 sed

263 4529 324 4572 non
337 4511 376 4570 od
388 4513 453 4590 ejus
466 4511 678 4590 corruptionem
698 4511 800 4573 habitu
831 4533 885 4590 em,
911 4513 948 4573 de
968 4529 1027 4592 qut
1040 4514 1197 4593 quariturp
1219 4521 1249 4574 et
1266 4513 1309 4573 ita
1321 4519 1472 4591 peccatum
1591 4539 1592 4562 t

264 4589 405 4680 origimle
418 4591 532 4654 nullum
552 4599 665 4654 exteret
685 4592 716 4651 in
739 4593 837 4652 anima
855 4593 1018 4672 infantium,
1042 4595 1095 4655 sed
1108 4593 1225 4655 demum
1247 4593 1370 4654 oriretur
1383 4611 1473 4670 quum

263 4683 360 4726 ammo
372 4686 425 4746 per
438 4688 542 4750 corpus
555 4671 694 4752 inciperet
707 4673 828 4750 operari.
