3158 5180
117 355 227 406 oum.
242 335 313 418 xrs]
590 353 629 392 ns
644 353 821 394 cressione.
1263 341 1322 398 stt

115 495 279 556 munna
291 495 368 554 iuter
385 493 530 572 justitiam
544 499 574 554 et
587 493 686 570 vitam,
711 498 738 553 1.
753 493 899 554 exordiae
908 495 967 554 Dei
975 493 1178 573 quijustitiam
1192 497 1322 556 etritam

114 576 144 635 in
158 576 240 653 Iege
254 573 441 652 inseparabili
454 573 571 633 vinculo
585 575 746 652 conjunxit,
762 583 794 635 ut
806 583 957 653 peccatum
971 582 1001 634 et
1020 583 1142 634 mortem
1156 583 1234 635 arcte
1248 577 1324 636 inter

113 677 143 716 ee
157 655 317 733 copulavit,
333 655 397 713 Fac
409 655 461 712 hot·
474 662 501 711 et
512 654 593 728 omes,
608 655 714 714 Anima
726 673 789 730 quur
799 656 927 731 manat
943 654 1087 714 moriebar.
1129 660 1157 715 2.
1172 675 1210 714 en
1222 658 1267 716 rei
1278 659 1321 734 ἱρ-

111 736 169 794 sine
182 745 299 810 namn,
315 753 380 811 quae
393 733 530 811 postulet,
545 742 578 792 ut
591 753 638 793 res
651 734 838 811 homogenese
852 754 870 793 a
884 754 915 794 se
931 735 1056 794 invicem
1070 753 1129 793 non
1144 744 1321 813 separentur.

112 817 155 874 At
168 815 272 874 borram
285 817 394 873 morale
408 821 453 872 est
465 813 677 890 homogeueum
690 815 760 873 dano
768 815 894 891 physico,
909 822 943 874 ut
956 817 1062 874 mulum
1072 815 1189 874 ethnam
1202 833 1321 894 respon·

110 895 162 954 det
170 895 299 971 physico.
343 893 429 954 Unda
442 892 605 952 necessario
620 913 650 952 se
671 902 894 972 consequuntur,
909 913 964 953 nec
984 902 1106 971 possunt
1119 915 1137 954 a
1151 915 1182 954 se
1196 895 1322 954 invicem

111 975 215 1034 divelli
226 996 234 1049 ;
256 974 334 1032 Nam
346 980 381 1033 ut
394 992 507 1032 summa
516 972 610 1032 virtus
621 991 686 1031 cum
696 973 759 1032 vita
767 973 855 1052 longe
865 974 1026 1033 miserrima
1039 974 1195 1034 consistere
1210 993 1323 1054 semper

111 1073 171 1113 uon
183 1062 290 1132 potest,
307 1052 349 1112 ita
361 1071 415 1112 nec
428 1071 541 1111 summa
553 1053 672 1129 malitia,
688 1073 754 1113 cum
767 1053 895 1131 perfecta
914 1053 1051 1114 felicitate
1064 1062 1161 1131 potest
1179 1056 1321 1133 componi.

112 1135 198 1193 licet
211 1134 290 1192 enim
304 1132 342 1192 ad
355 1140 478 1211 tempus,
493 1141 524 1192 et
536 1152 587 1210 per
601 1132 852 1210 dispensationem,
865 1134 980 1211 justitia
993 1133 1098 1193 etrite
1117 1135 1263 1212 potuerint
1277 1155 1321 1194 se-

199 1214 206 1228 '
232 1221 267 1272 ut
280 1213 311 1272 in
325 1213 440 1272 Christo
454 1212 568 1289 meum,
589 1229 649 1271 non
662 1221 758 1290 potest
771 1221 868 1273 tamen
877 1213 933 1273 boc
943 1213 1073 1273 obtinere
1087 1213 1118 1272 in
1130 1223 1300 1292 perpetuum
1312 1237 1320 1293 ς

110 1233 265 1352 mdo
279 1291 428 1370 sapientias
441 1299 471 1350 et
484 1291 622 1352 bonitatis
637 1293 693 1352 Dei
705 1292 762 1352 boe
775 1293 901 1371 patitur3
923 1311 989 1353 cum
1003 1293 1080 1353 euim
1092 1293 1173 1354 Deus
1186 1313 1245 1354 non
1253 1315 1321 1374 pos·

111 1375 151 1433 sit
164 1393 225 1433 non
239 1373 366 1450 seipsum
390 1391 495 1447 amare,
510 1380 610 1449 utpote
631 1391 811 1451 summopere
831 1373 1005 1450 amandum3
1028 1373 1095 1432 Non
1113 1383 1210 1451 potest
1223 1375 1319 1452 etiam,

111 1453 184 1531 quin
208 1471 291 1512 suam
313 1459 390 1511 amet
403 1459 571 1527 creaturam,
586 1452 617 1510 in
638 1471 697 1530 qua
709 1451 791 1512 videt
813 1472 894 1513 suam
917 1451 1029 1530 fulgere
1050 1454 1226 1532 imaginem,
1252 1455 1322 1515 etsi

111 1539 200 1608 amat,
216 1550 277 1591 uon
289 1539 385 1610 potest
398 1531 497 1590 einen
512 1531 585 1590 bene
599 1531 684 1608 vello,
697 1533 777 1592 atilli
791 1532 1009 1608 benevolendo,
1021 1533 1198 1610 benebcere,
1212 1544 1246 1595 ut
1256 1553 1321 1594 eam

19 1643 26 1654 ·
110 1615 182 1672 vitre
196 1620 228 1672 et
240 1611 428 1671 beatitudinis
442 1629 503 1670 sus
516 1610 686 1689 participem
698 1611 794 1687 facin,
809 1611 926 1690 quando
939 1612 971 1672 id
983 1621 1079 1690 potest
1093 1612 1258 1690 quodvult.

152 1693 193 1752 V.
215 1693 244 1752 3.
260 1691 335 1766 Quia
348 1691 481 1750 Adamus
493 1711 546 1769 per
558 1700 708 1768 peecatum
723 1703 844 1752 mortem
864 1692 1010 1752 counanit
1023 1711 1088 1770 qun
1108 1693 1152 1752 illi
1165 1695 1196 1751 in
1209 1694 1321 1772 peccati

108 1791 230 1852 poenam
243 1770 441 1847 denuntiatur,
457 1771 531 1831 Gen.
546 1771 576 1830 ii.
589 1773 634 1846 17,
650 1778 680 1831 et
697 1770 739 1830 iii.
756 1773 792 1830 19
808 1793 815 1846 ;
837 1769 915 1830 unde
928 1791 980 1849 per
992 1781 1143 1849 peccatum
1157 1773 1263 1832 dicitur
1276 1774 1320 1832 in·

111 1871 224 1928 gressa,
238 1859 271 1910 ut
284 1851 349 1928 ejus
362 1850 546 1928 stipendium,
563 1851 647 1910 Rom.
663 1871 692 1910 v.
709 1854 755 1926 12,
772 1859 802 1910 et
814 1851 854 1909 vi.
869 1854 917 1924 23,
939 1871 958 1909 a
978 1871 1035 1928 qua
1048 1852 1168 1929 proinde
1182 1853 1320 1912 immunis
1345 1901 1348 1907 ,

113 1931 226 2006 luisset,
241 1931 339 1990 sinon
353 1939 501 2008 peccasset
513 1953 520 2006 ;
550 1930 630 2008 quod
643 1929 701 1988 diei
714 1949 774 1989 uon
794 1938 901 2007 posset,
917 1929 942 1988 si
962 1939 1040 1990 esset
1060 1931 1179 2008 sequela
1198 1941 1318 1992 naturae.

114 2011 179 2070 Nee
188 2012 273 2087 jurat
285 2010 428 2088 excipere,
443 2010 493 2087 agi
507 2011 543 2069 de
556 2017 649 2069 morte
670 2019 784 2085 eterna,
800 2028 859 2067 non
883 2011 1053 2087 temporali3
1075 2011 1144 2086 quia
1157 2011 1242 2070 nobis
1262 2031 1320 2070 uon

111 2101 161 2150 est
172 2089 364 2165 limitandum,
380 2089 459 2166 quod
474 2089 598 2167 Spiritus
614 2089 643 2148 S.
658 2107 718 2147 non
730 2089 836 2148 limitat
847 2109 854 2164 3
878 2089 1027 2166 Scriptura
1037 2089 1164 2166 loquitur
1174 2089 1205 2147 in
1215 2109 1321 2167 genere

111 2170 151 2228 de
174 2178 275 2245 morte,
300 2169 381 2246 Ergo
405 2169 460 2228 sub
484 2187 519 2228 ea
541 2169 750 2246 complectitur,
775 2168 914 2246 quioquid
937 2169 1053 2228 nomine
1073 2169 1175 2228 mortis
1188 2170 1270 2230 venit
1289 2171 1321 2229 in

115 2249 284 2327 Scriptum
306 2257 392 2326 atque
406 2249 447 2308 ita
459 2267 519 2308 non
532 2249 628 2308 minua
642 2268 719 2308 mors
732 2248 897 2326 corporalis,
909 2267 997 2326 quam
1011 2257 1118 2308 aeterna
1131 2249 1322 2328 intelligenda

113 2337 168 2404 est,
184 2329 264 2406 quod
277 2329 326 2386 vel
340 2348 378 2388 ex
391 2347 426 2388 eo
439 2337 528 2406 patet,
543 2329 622 2406 quod
635 2328 804 2406 designetur
816 2349 868 2406 per
881 2327 1006 2388 reditum
1019 2328 1050 2386 iu
1070 2328 1227 2406 pulverem,
1244 2330 1320 2390 Gen.

112 2409 153 2468 iii.
171 2413 219 2484 19,
236 2408 316 2468 Ecol.
331 2409 382 2466 xii.
397 2413 425 2484 t,
441 2417 470 2467 et
483 2408 522 2467 ad
534 2408 659 2468 infantes
679 2407 847 2468 extenditur
860 2409 891 2468 iu
907 2408 962 2468 hac
976 2409 1045 2484 vita,
1062 2409 1147 2468 Rom.
1162 2429 1191 2468 v.
1209 2412 1255 2485 14,
1269 2411 1322 2489 qui

112 2489 201 2548 morti
213 2489 366 2566 temporali
380 2488 580 2565 subjiciuntur.
623 2488 743 2548 Frustra
757 2489 845 2549 etiam
865 2488 990 2564 additur,
1007 2489 1179 2548 sententiam
1194 2489 1269 2549 Gen.
1290 2491 1320 2550 ii.

114 2572 162 2645 17,
178 2587 244 2628 esse
257 2576 370 2627 tautum
384 2567 638 2644 comminatoriam,
650 2587 709 2626 non
723 2567 910 2644 definitivam,
927 2557 1070 2646 siquideni
1080 2589 1116 2628 eo
1124 2569 1172 2628 die
1182 2590 1240 2648 quo
1254 2590 1320 2648 pec·

112 2649 193 2708 eavit
207 2647 342 2707 Adumus
355 2668 413 2707 non
428 2655 473 2707 est
486 2655 624 2707 mortuus.
667 2647 742 2723 Quia
750 2649 820 2708 licet
832 2668 892 2708 non
903 2647 1012 2708 inflicta
1025 2648 1112 2708 fuerit
1122 2670 1208 2727 poena
1220 2651 1322 2710 mortis

112 2728 234 2802 bomini,
250 2747 285 2788 eo
298 2735 453 2802 momento,
467 2727 516 2786 vel
530 2727 577 2786 die
591 2747 649 2804 quo
662 2729 802 2805 peccavit,
818 2728 915 2806 quoad
926 2747 1026 2788 omnes
1041 2749 1108 2788 snas
1115 2738 1222 2806 partes,
1234 2731 1322 2808 eoepit

112 2818 213 2867 tamen
227 2807 329 2885 lnfligi,
344 2815 407 2866 tum
428 2806 524 2884 quoad
537 2817 656 2882 restant,
678 2816 708 2867 et
730 2809 871 2868 moriondi
888 2809 1084 2883 menelaum,
1100 2808 1147 2867 cui
1164 2809 1257 2869 fautus
1277 2819 1323 2870 est

112 2889 269 2963 obnoxius,
285 2897 347 2946 tum
361 2887 457 2965 quoad
470 2896 587 2946 mortem
600 2888 783 2964 spiritualem,
798 2897 860 2947 tum
874 2888 970 2966 quoad
983 2889 1066 2946 initio
1073 2889 1171 2946 mortis
1185 2909 1322 2965 corporu-

114 2970 156 3042 ls'a,
172 2987 239 3046 qun
253 2968 283 3026 iu
298 2967 393 3044 seipso
407 2967 532 3044 experiri
546 2967 634 3045 coepit
647 2967 678 3025 in
691 2967 824 3044 miseriis,
839 2974 869 3026 et
881 2967 998 3042 morbis,
1013 2975 1044 3026 et
1057 2967 1123 3026 aliis
1135 2968 1237 3026 mortis
1249 2987 1322 3047 prse-

112 3047 210 3124 ludiia
227 3047 334 3125 quibus
347 3047 496 3124 expositus
510 3046 574 3107 finit.

154 3127 213 3187 VI.
234 3132 263 3188 4.
287 3126 361 3202 Quia
374 3127 453 3204 quod
466 3135 511 3186 est
525 3133 625 3186 contra
637 3133 779 3200 naussum,
798 3143 857 3184 non
877 3131 973 3202 potest
987 3143 1050 3182 esse
1065 3124 1182 3202 sequela
1195 3133 1323 3202 naturae3

113 3228 180 3268 eum
195 3208 295 3267 omnia
306 3207 433 3266 maxime
446 3207 477 3265 in
492 3213 570 3266 statu
582 3204 758 3282 integritatis
772 3205 878 3264 iruerint
888 3203 975 3262 valde
988 3203 1073 3276 bona,
1089 3211 1118 3262 et
1130 3212 1242 3264 naturae
1256 3224 1324 3263 con·

113 3288 272 3347 venientia.
314 3286 358 3346 At
370 3305 448 3345 mora
462 3295 507 3346 est
520 3293 621 3346 contra
633 3294 774 3359 naturam,
790 3291 890 3361 utpote
904 3303 970 3360 quse
987 3281 1110 3342 destruit
1123 3285 1323 3362 compositum,

112 3377 143 3427 et
156 3385 265 3446 corpus
278 3366 310 3424 iu
322 3366 472 3444 pulverem
485 3364 614 3440 resolvit,
629 3384 687 3442 quo
700 3364 735 3426 fit
746 3372 780 3424 ut
792 3363 925 3424 homines
937 3371 1041 3422 natura
1053 3372 1175 3423 mortem
1188 3365 1326 3424 horreant

112 3456 143 3506 et
156 3455 339 3506 crementur.

153 3527 232 3586 VII.
254 3528 283 3585 5.
305 3525 380 3600 Quia
392 3525 481 3586 nulle
494 3524 611 3584 suerum
624 3543 719 3584 eamn
732 3523 833 3584 mortis
846 3523 878 3582 in
891 3522 1008 3582 homine
1021 3530 1088 3582 aute
1109 3523 1240 3600 lapsum;
1263 3524 1325 3583 Nee

113 3607 246 3680 interme,
258 3606 360 3683 quales
381 3614 449 3665 sunt
468 3613 627 3682 moestum,
649 3623 749 3682 pugna
771 3603 935 3680 affectuum,
958 3601 1098 3684 lungula
1118 3603 1280 3678 humorum,
1295 3611 1326 3662 et

113 3687 204 3745 calidi
215 3695 304 3763 atque
314 3685 426 3745 humidi
436 3684 528 3744 nativi
539 3682 676 3760 deiectius,
688 3685 767 3744 uude
776 3685 932 3760 languores
943 3693 973 3743 et
982 3683 1075 3742 morbi
1085 3705 1092 3759 ς
1115 3682 1143 3742 N
1144 3701 1177 3741 ec
1188 3691 1324 3757 externoe,

113 3774 147 3826 ut
161 3765 311 3843 corruptio
324 3765 540 3841 elementorum,
562 3765 690 3824 carentia
703 3765 842 3839 alirnemi
857 3763 966 3822 velnis
987 3771 1115 3836 externa,
1137 3779 1202 3836 quae
1222 3761 1253 3818 in
1273 3761 1325 3819 ho·

114 3847 226 3906 minem
250 3863 338 3923 agere
361 3845 512 3922 potuisset.
565 3845 641 3903 Nam
663 3853 697 3903 ut
724 3842 851 3920 perfecta
874 3841 999 3901 bominis
1023 3839 1192 3900 constitutio
1215 3840 1325 3916 priores

115 3925 312 4004 impediebat,
342 3925 389 3984 lta
409 3925 543 4002 apeoitdis
564 3925 621 3984 Dei
643 3943 712 3982 cura
741 3929 772 3982 et
793 3922 933 3998 protectio
955 3920 1129 3996 posteriores
1149 3919 1325 3979 removebat.

117 4006 198 4065 Hinc
213 4005 376 4066 Concilium
390 4005 534 4064 Milevita.
550 4004 620 4063 Can.
638 4005 664 4077 l,
679 4001 847 4060 Anatherm
860 3998 930 4059 dicit
944 3999 996 4075 illi,
1011 3999 1062 4074 qui
1078 4001 1096 4032 ‘⁸
1106 3997 1214 4057 dinefit
1228 3997 1325 4057 Adam

115 4086 242 4163 primum
256 4086 403 4144 homiuem
416 4084 567 4143 mortalem
580 4083 697 4156 faemm,
710 4081 751 4140 ita
763 4090 797 4140 ut
810 4080 872 4139 sive
886 4087 1026 4156 mearet,
1040 4077 1102 4136 sive
1116 4096 1174 4136 nou
1183 4087 1325 4156 peccaret,

116 4175 278 4226 moreretur
290 4165 322 4223 in
335 4184 463 4244 corpore,
478 4163 661 4301 nonpeoeati
673 4161 786 4236 merito,
802 4158 854 4218 sed
866 4158 1038 4218 necessitate
1050 4157 1191 4250 natnrae.''
1221 4235 1227 4250 ⁸

422 4243 515 4303 VIII.
568 4242 609 4302 lia
620 4249 667 4301 est
679 4239 877 4300 immortalitas
889 4239 1017 4296 mentula
1028 4245 1156 4313 patrm
1177 4236 1248 4297 Aln
1261 4258 1325 4298 con·

154 4311 246 4358 ΜΨ
258 4311 327 4358 ⁸⁰¹⁸·
383 4324 523 4384 ditimtata
540 4323 601 4383 oia.
617 4321 667 4380 llli
687 4319 825 4397 competit
842 4319 990 4392 turpata,
1011 4323 1042 4376 et
1060 4318 1171 4394 mpetu
1187 4337 1326 4394 moerea-

188 4370 293 4416 tionum.

384 4405 466 4463 tomis
479 4412 510 4463 et
523 4403 641 4477 sobolis,
661 4407 692 4461 et
710 4399 747 4460 de
765 4418 801 4458 ea
820 4398 952 4457 Christus
971 4396 1107 4474 loquitur,
1124 4397 1195 4457 Luc.
1210 4417 1261 4456 xx.
1277 4401 1325 4476 35,

117 4488 167 4546 36.
211 4483 273 4546 Sed
288 4483 327 4544 de
347 4484 404 4544 ista
423 4484 531 4562 pariter
544 4482 603 4542 diei
615 4501 674 4542 non
687 4488 791 4558 potest,
807 4477 876 4555 quia
888 4477 919 4536 iu
942 4477 999 4536 ista
1011 4497 1064 4554 pro
1156 4477 1163 4490 '
1179 4477 1327 4540 debuisset

116 4564 474 4644 genushumauum51ieet
483 4563 591 4624 sobolis
601 4560 761 4642 procreatio
771 4577 830 4618 non
839 4557 1025 4636 pertinuisset
1081 4557 1328 4619 conservationem

117 4646 235 4724 speciei,
258 4653 293 4704 ut
312 4643 399 4704 bodie
421 4652 488 4722 post
506 4651 666 4722 peecatum,
686 4649 716 4700 et
737 4647 857 4698 mortem
878 4637 1071 4697 introductum
1087 4637 1117 4694 in
1138 4637 1279 4698 muudum
1297 4639 1328 4697 in
