3152 5178
114 365 217 418 cunam
230 345 340 430 min]
562 369 601 410 nu
616 367 674 411 nno
689 369 757 428 uso,
773 370 811 411 nr
825 369 925 412 rmno.
1264 357 1321 416 211

118 519 175 570 tura
196 528 250 569 sua
271 508 481 586 sanctissima3
501 509 577 571 unde
596 511 670 570 bene
691 510 801 572 dictum
829 519 883 589 est,
908 531 956 572 res
970 509 1117 591 'quasdam
1136 529 1201 572 esse
1219 511 1322 592 boues,

117 591 179 668 quia
193 591 275 649 Deus
293 591 371 665 vult,
394 591 491 668 qualis
509 599 554 651 est
574 591 738 652 observatio
758 593 1001 670 caeremoniam,
1023 601 1053 652 et
1072 591 1209 653 mandata
1227 595 1325 654 omniu

118 670 253 748 positiva3
275 670 351 730 uliae
365 689 437 730 vero
452 671 547 730 Deum
561 672 645 748 velle,
660 671 730 750 quia
739 673 828 749 justae
843 681 911 732 suut
924 681 954 732 et
966 671 1059 748 bonae,
1074 672 1170 751 qualia
1183 681 1229 733 est
1242 693 1323 733 amor

120 749 172 810 Dei
184 759 213 811 et
224 749 363 829 proximi,
379 750 449 828 quia
461 751 534 812 tales
548 760 616 810 sunt
628 771 680 830 per
693 771 725 811 se
738 759 769 811 et
781 760 884 812 natura
897 771 968 829 sua3
991 759 1020 812 et
1034 751 1059 812 si
1116 772 1131 811 r
1143 752 1323 832 impossibile

118 831 194 890 Deus
214 849 266 890 esa
289 849 351 890 non
372 830 548 910 praeciperet,
572 851 631 891 non
659 830 823 892 desinerent
844 851 908 892 esse
927 832 1024 911 juata,
1046 851 1064 892 a
1084 851 1176 911 eoque
1198 851 1216 893 a
1237 834 1323 894 nobis

115 909 379 1050 Prisilnblliones
393 996 461 1050 suut
483 991 510 1049 1.
532 989 607 1066 Quia
625 996 659 1050 ut
672 989 802 1049 daturin
816 991 880 1052 Deo
898 991 920 1052 J
921 992 1021 1052 ustitia
1034 998 1064 1050 et
1080 990 1224 1052 Sanctitas
1237 1001 1322 1053 natu-

113 1071 183 1130 ralis
203 1069 411 1130 antecedenter
438 1069 477 1128 ad
496 1070 675 1132 voluntatem
696 1071 760 1148 ejus
780 1070 920 1148 liberam3
942 1071 984 1130 ita
1004 1071 1126 1132 Bonitas
1146 1079 1176 1132 et
1199 1073 1332 1132 Juatitia

115 1149 232 1210 morulis
246 1170 313 1228 qum
326 1148 464 1209 nudam
477 1148 507 1208 in
513 1150 629 1228 justitia
641 1159 672 1210 et
685 1150 837 1210 sanctitate
852 1150 916 1228 Dei,
928 1160 959 1211 et
968 1151 1046 1212 illius
1060 1152 1148 1213 refert
1155 1150 1320 1230 imaginem,

115 1230 893 1388 ttttttttltddrlnlittlrttzt
904 1232 1149 1390 rttltttlt
1155 1230 1320 1390 tillingl‘d’

115 1409 237 1484 eamque
234 1397 398 1528 betnmnqnarn
414 1389 536 1469 justitiae
556 1398 587 1450 et
606 1356 768 1451 saietitatis
788 1391 919 1469 regulam
932 1391 1169 1470 perfectissimam
1183 1357 1323 1454 ereaturei

136 1490 234 1529 raason
305 1513 313 1528 .

117 1491 135 1548 p
155 1549 194 1609 V.
216 1553 246 1610 2.
262 1549 339 1624 Quia
358 1548 444 1609 datur
456 1549 487 1608 in
502 1551 565 1610 Deo
582 1551 634 1629 J'us
647 1549 766 1629 aliquod
783 1559 922 1612 aeternum
943 1559 974 1612 et
985 1549 1220 1632 indispensabile,
1242 1560 1322 1613 ante-

117 1629 252 1690 cedenter
272 1629 312 1688 ad
332 1649 446 1690 omnem
465 1631 589 1692 liberum
612 1631 771 1691 voluntatis
792 1641 896 1710 aetum,
916 1652 970 1712 par
988 1631 1068 1710 quod
1087 1641 1121 1692 ut
1139 1631 1258 1693 Creator
1271 1632 1327 1700 d0·,

118 1709 237 1769 minium
251 1708 341 1770 habet
354 1709 385 1768 in
399 1709 583 1789 creaturam
604 1710 647 1772 ita
661 1710 799 1772 Creatura
812 1711 899 1772 debet
911 1711 1038 1790 pendere
1052 1712 1153 1789 aDeo,
1166 1732 1224 1771 non
1235 1712 1322 1772 rno'do

118 1789 146 1847 iu
170 1809 277 1867 genere
302 1789 389 1848 Entis
410 1790 506 1868 quoad
526 1791 782 1868 conservationem,
808 1791 860 1851 sed
883 1800 913 1850 et
933 1791 964 1850 in
989 1810 1095 1870 genere
1116 1791 1204 1851 moris
1226 1793 1323 1869 quoad

118 1870 225 1930 cultum
241 1879 271 1930 et
284 1869 487 1946 obedientiam
502 1879 531 1930 et
544 1871 611 1930 talis
624 1879 670 1931 est
683 1879 780 1932 ettam
794 1879 873 1947 areta
884 1871 937 1929 illa
947 1870 1096 1948 obligatio,
1106 1880 1139 1931 ut
1148 1872 1323 1932 contrarium

117 1951 180 2028 ejus
194 1948 390 2022 sitiebas-nur,
406 1969 460 2010 nec
471 1950 557 2010 statui
570 1949 662 2030 possit
676 1951 738 2010 sine
752 1949 962 2028 repugnantia,
984 1969 1042 2008 non
1056 1949 1150 2028 magis
1163 1950 1241 2010 enim
1255 1970 1322 2009 con-

117 2030 515 2188 ldttldtttdt
527 2027 1158 2187 blmtttttlltttltetttttlttt
1168 2029 1322 2168 “dett

117 2191 186 2268 gula
198 2191 298 2268 aliqua
307 2189 430 2268 justitia
443 2189 669 2268 independenter
682 2211 700 2250 a
714 2189 873 2250 voluntate.
1008 2195 1011 2201 '

155 2269 212 2328 VI.
235 2273 264 2330 3.
280 2269 313 2329 Si
325 2270 462 2330 voluntas
476 2270 534 2330 Dei
547 2281 623 2330 asset
636 2270 729 2348 prima
742 2269 844 2348 regule
859 2267 982 2348 justitiae
996 2268 1084 2330 etiam
1098 2267 1135 2329 ab
1155 2267 1322 2348 intrinseco,

119 2358 150 2409 ut
162 2349 236 2408 nihil
255 2353 333 2409 esset
346 2349 456 2410 bonnm
474 2358 504 2410 et
519 2350 633 2428 justum
653 2349 709 2410 nisi
729 2350 798 2428 quia
819 2350 900 2410 Dese
919 2349 1001 2426 vult3
1023 2357 1191 2428 sequeretur
1210 2349 1323 2410 nullum

120 2449 180 2490 esse
194 2429 376 2504 atheismum,
396 2427 531 2508 magiam,
554 2428 792 2508 Epicureismum,
815 2429 913 2490 odium
934 2438 964 2489 et
984 2427 1192 2508 blsaphemiam
1213 2428 1278 2506 Dei,
1294 2437 1328 2498 et

120 2509 175 2568 alia
186 2508 312 2587 idgeuus
333 2509 455 2569 erimina
470 2525 535 2588 quse
550 2510 631 2570 Deus
642 2526 703 2568 non
720 2518 819 2586 posset
831 2509 977 2584 mandare,
999 2517 1029 2569 et
1042 2529 1078 2569 eo
1095 2509 1159 2588 ipsc
1177 2509 1325 2569 moraliter

119 2587 192 2648 bona
204 2589 326 2649 reddere
339 2605 398 2667 qua
411 2598 572 2668 praeapte:
593 2587 731 2667 quicquid
745 2589 821 2649 enim
842 2598 938 2668 potest
952 2589 1054 2649 cadere
1073 2589 1127 2650 sub
1148 2597 1324 2668 praeceptum

122 2669 182 2746 Dei,
197 2677 295 2748 potest
307 2669 396 2729 etiam
409 2669 556 2730 honestari
569 2676 599 2729 ct
609 2670 722 2747 justum
735 2668 827 2729 reddi.
870 2669 919 2729 Sic
935 2669 1016 2730 Deus
1035 2669 1142 2748 poterit
1155 2667 1325 2748 dispensare

119 2748 154 2809 de
166 2749 303 2809 omnibus
315 2749 468 2828 praeceptis
482 2747 631 2828 Deealogi,
647 2757 677 2809 et
709 2749 844 2826 racipere
858 2758 996 2809 creaturae
1010 2757 1043 2808 ut
1053 2748 1152 2808 credat
1160 2748 1255 2808 Deum
1263 2769 1324 2808 non

118 2849 179 2888 cese
193 2829 303 2888 bonum
317 2839 347 2890 et
360 2839 500 2905 sanctum,
519 2847 655 2890 nonense
707 2827 856 2906 erendum,
872 2827 924 2888 sed
943 2827 1040 2907 potius
1061 2827 1127 2888 odic
1147 2847 1323 2906 prosequen-

118 2908 193 2984 dum,
215 2909 276 2968 imo
288 2916 319 2969 et
331 2927 391 2968 non
411 2927 484 2986 esse,
505 2908 584 2987 qnod
597 2907 694 2968 horret
714 2909 828 2968 animus
847 2907 962 2967 referre.
985 2959 987 2964 .
1007 2906 1055 2966 Sic
1076 2907 1157 2966 Deus
1178 2906 1203 2966 si
1223 2907 1322 2984 vellet,
1359 2948 1362 2954 ·

117 2995 214 3066 posset
234 3008 299 3048 esse
319 2989 424 3049 author
443 2996 473 3050 et
493 2988 666 3068 approbator
684 2987 888 3047 inobedientia
906 2985 1040 3062 hominis,
1063 2994 1162 3064 posset
1182 2986 1259 3044 enim
1279 2985 1324 3044 illi

118 3068 255 3128 mandare
274 3069 382 3128 nasibi
400 3068 592 3148 quodcunque
612 3067 790 3148 praecipienti
804 3073 855 3161 aut
867 3064 1125 3159 vetentinobediam
1147 3064 1228 3122 nullu
1246 3065 1324 3122 enim

116 3149 571 3289 attttmdsttlldttl
583 3143 1335 3303 lttltllttttllstltttdnttr:

116 3308 193 3368 tialia
208 3307 241 3366 in
255 3309 327 3384 Deo,
343 3328 398 3369 neo
412 3308 473 3369 ulla
485 3316 563 3369 esset
582 3307 713 3386 urgenda
726 3305 884 3367 necessitas
900 3302 1110 3364 Satisiaetionie
1128 3311 1228 3384 contm
1243 3301 1331 3382 Scri-2

115 3407 194 3464 num,
210 3387 290 3465 quod
302 3387 413 3450 faciunt
426 3397 523 3448 tamen
537 3388 588 3465 qui
601 3388 687 3448 istam
701 3384 874 3446 sententiam
887 3384 1109 3462 amplectuutur.

441 3467 515 3529 VII.
538 3468 618 3527 Deus
631 3485 691 3526 non
705 3465 805 3525 subest
817 3463 870 3524 ulli
884 3463 977 3524 officio
986 3462 1240 3541 mordinatam,
1255 3461 1325 3540 quie

151 3531 245 3637 Ἢ
253 3531 321 3578 ⁸⁰¹²·
378 3547 488 3607 nemini
507 3547 621 3606 debitor
635 3555 688 3622 est,
709 3546 845 3622 nullaque
866 3563 954 3604 causa
973 3551 1019 3604 est
1038 3551 1122 3604 extra
1142 3544 1238 3604 Deum
1259 3562 1324 3620 quae

240 3605 290 3638 '²³²
378 3628 463 3687 nrum
476 3627 568 3705 posen
581 3625 726 3704 oengus:
741 3625 932 3684 samana
940 3624 1064 3702 obligari
1073 3631 1176 3702 peresa,
1189 3623 1258 3702 qua
1268 3622 1324 3681 nn

117 3707 172 3786 ipsi
185 3707 300 3770 debitor
313 3717 366 3786 est,
381 3727 437 3767 nec
450 3714 546 3786 potest
559 3706 685 3784 seipsum
699 3704 860 3782 abnegare3
880 3712 914 3765 ut
934 3703 1029 3764 Filius
1042 3703 1073 3762 in
1087 3703 1195 3762 divinis
1211 3701 1326 3778 obligee

118 3798 165 3848 tur
177 3788 218 3847 ad
229 3790 409 3867 operandum
422 3807 441 3846 a
455 3787 549 3862 Patre,
565 3792 594 3845 et
607 3792 689 3864 pater
702 3783 847 3862 obligatur
860 3784 897 3843 ad
911 3783 1065 3844 amandum
1079 3782 1180 3842 filium.
1224 3780 1272 3839 Sic
1294 3780 1324 3838 in

119 3867 280 3930 actionibus
299 3869 338 3928 ed
356 3875 449 3944 extre,
472 3867 566 3944 posito
585 3863 754 3944 productam
774 3883 837 3924 esse
858 3873 1029 3940 creaturam,
1044 3862 1126 3921 Dens
1145 3879 1207 3920 non
1227 3867 1325 3937 potest

121 3966 179 4006 non
191 3949 234 4008 illi
247 3950 398 4027 imperare,
413 3955 443 4007 et
455 3952 600 4024 praecepta
613 3944 681 4004 dare
691 3944 774 4022 justa
787 3951 817 4004 et
830 3951 938 4003 sancta

162 4027 251 4090 VIII.
272 4029 337 4088 Lex
350 4027 458 4088 dicitur
470 4045 572 4087 norma
585 4024 713 4084 omnium
726 4023 871 4083 actionum
881 4021 1022 4082 bonarum
1037 4027 1067 4079 et
1076 4019 1217 4078 malarum
1230 4019 1328 4094 quoad

120 4109 579 4188 n
601 4101 889 4260 asenna
902 4095 1327 4254 tetrennia
1383 4143 1388 4146 -

119 4207 287 4364 iuiplsieiilii,
310 4203 613 4360 dliltrrilanteeedengtii
626 4263 664 4325 ad
684 4261 864 4323 voluntatem
886 4201 956 4339 Dei?
973 4199 1042 4336 qmii
1060 4255 1198 4317 fundatur
1211 4255 1242 4314 in
1263 4255 1328 4339 ipsa

121 4354 483 4490 nsfftplppusrpplplnteafltte
488 4347 583 4484 eiiceelre
599 4424 692 4482 Deum
708 4419 871 4499 dependere
885 4419 922 4478 ab
936 4417 1033 4494 aliquo
1047 4422 1131 4509 entra
1144 4433 1183 4491 se,
1195 4413 1255 4509 ,aed
1267 4434 1328 4475 uon

125 4506 214 4568 Deum
228 4508 395 4588 dependere
403 4526 422 4564 a
435 4506 537 4584 seipso,
553 4503 640 4563 modo
653 4503 708 4562 hoe
716 4503 859 4584 θωπςιπῧς
870 4498 1058 4576 intelligetur,
1072 4495 1112 4555 rd.
1127 4505 1160 4558 ut
1173 4495 1246 4556 mhil
1256 4496 1329 4564 velit

126 4585 200 4648 Deus
212 4590 269 4649 nisi
280 4589 374 4669 juxta
387 4587 568 4646 muctitatem
581 4591 612 4644 et
621 4583 766 4661 justitiam
780 4602 872 4642 suam.

156 4667 200 4730 X.
221 4665 479 4744 Deus'estexlex
499 4665 611 4742 alege
625 4661 816 4742 quam‘ponit
837 4657 1127 4744 homini,iormaliter
1151 4655 1261 4716 scilieet
1281 4675 1328 4715 su·
