3152 5178
110 347 224 396 ouasr.
240 325 312 410 xm]
549 348 588 390 nn
602 347 661 390 nso
675 347 743 407 uuo,
758 347 798 390 ar
812 347 911 390 seruo.
1269 333 1324 393 191

150 486 252 547 XXI.
273 486 370 552 Aliud
389 495 438 548 est
451 507 513 548 rem
532 507 617 566 posse
630 488 701 566 fieri,
716 488 763 548 vel
778 508 837 548 non
849 486 921 564 lieri,
943 485 983 548 id.
997 505 1057 548 rem
1072 505 1136 549 esse
1148 488 1326 567 possibilem,
1410 553 1414 562 ,

110 567 158 628 vel
171 587 233 627 non
247 587 314 628 esee
332 567 463 628 futuram
483 587 521 628 ex
538 570 711 647 hypothesi5
725 569 826 633 Aliud
842 589 904 628 rem
923 587 1009 646 posse
1022 587 1086 628 esse
1100 568 1187 628 simrrl
1199 567 1326 630 maram

110 658 140 708 et
151 667 212 706 non
225 647 357 708 futuram
367 669 376 708 ι
397 647 486 708 Prius
495 657 577 708 notat
589 657 702 709 tantum
711 649 1013 726 simultatmpotentioe
1023 657 1165 726 quatenus
1175 669 1222 709 res
1231 651 1327 727 potuit

111 729 175 788 lieri
187 727 238 787 vol
252 747 314 787 non
333 727 416 804 fieri3
439 728 588 788 Posterius
605 729 693 790 inlcrt
707 729 864 806 poectum
882 729 1038 804 amulam,
1059 729 1128 806 quia
1144 730 1324 808 supponitur,

110 806 224 885 eliqnid
238 807 329 868 simul
341 827 428 885 posse
442 827 507 868 esse
520 817 550 868 et
562 828 621 868 non
634 827 718 870 esse:
739 809 918 888 Contingent
931 809 1036 868 dicitur
1048 808 1142 888 primo
1155 809 1251 887 modo,
1266 829 1327 870 non

109 886 253 964 seeundo,
267 889 322 966 qui
334 896 380 948 eet
393 887 542 956 dricturae.

148 967 270 1026 XXII.
293 969 389 1027 Datur
402 967 592 1029 contradictio
605 967 681 1028 inter
694 967 765 1028 istas
779 967 852 1028 duas
865 967 1084 1048 propositiones,
1105 967 1192 1026 homo
1207 975 1252 1028 est
1264 988 1325 1028 am·

107 1046 277 1123 bulaturus,
300 1056 331 1106 et
350 1048 437 1108 homo
451 1068 511 1108 non
530 1057 576 1108 est
595 1047 810 1125 ambulaturum
832 1047 961 1108 sednon
981 1047 1153 1125 interimas,
1173 1049 1259 1108 homo
1280 1056 1326 1108 est

108 1127 326 1204 ambulaturus,
349 1137 379 1186 et
397 1137 491 1204 potest
515 1149 572 1188 non
598 1129 764 1187 avocare.-
788 1126 857 1206 qnia
877 1127 970 1206 prima
990 1127 1120 1204 loquitur
1143 1127 1180 1186 de
1209 1130 1326 1188 mente

101 1207 296 1282 Motus,
311 1208 453 1300 posterior
463 1207 500 1267 de
513 1209 629 1268 acritate
634 1207 848 1284 poctttttctto;
868 1208 910 1266 ita
922 1227 981 1266 non
993 1215 1124 1284 pugnant
1137 1207 1213 1266 inter
1223 1228 1253 1268 se
1263 1209 1326 1268 istae

109 1287 176 1346 dura
196 1286 423 1364 propositiones,
444 1295 475 1347 et
494 1297 616 1366 possunt
629 1307 692 1348 esse
711 1287 797 1347 simul
810 1307 905 1364 νοτυς
925 1289 1021 1348 Adam
1034 1296 1110 1346 certo
1128 1297 1169 1346 est
1184 1291 1325 1364 iopam

110 1374 141 1426 et
149 1367 255 1426 Adam
268 1367 366 1443 pouit
377 1389 435 1428 non
448 1369 506 1426 lati
512 1391 525 1442 ,⁰
544 1367 614 1445 quia
626 1368 705 1445 prior
717 1366 845 1446 loquitur
858 1366 895 1426 de
908 1367 951 1426 rei
971 1366 1138 1428 futuritione
1151 1387 1190 1426 ex
1200 1368 1325 1444 decreto,

111 1446 261 1525 posterior
274 1446 312 1506 de
326 1447 368 1505 rei
380 1446 573 1526 possibilitate
593 1467 631 1506 ex
645 1467 740 1506 causae
753 1446 888 1507 secundae
902 1446 1099 1525 disponmne.

152 1525 290 1584 XXIII.
314 1527 514 1588 infallibilitas
534 1534 565 1586 et
584 1527 727 1587 certitudo
748 1537 878 1604 eventus,
899 1547 959 1588 non
971 1527 1049 1587 tollit
1066 1535 1199 1588 naturam
1213 1526 1325 1586 eontin-

113 1605 221 1684 gentise
235 1625 354 1684 rerum3
374 1607 444 1684 qnia
461 1627 508 1666 res
527 1615 650 1684 possunt
662 1607 726 1666 fieri
738 1608 900 1668 necessario
914 1607 1011 1686 quoad
1024 1615 1169 1684 eventurn,
1185 1615 1326 1666 ettamen

114 1687 320 1762 contingenter
333 1686 431 1763 quoad
443 1686 561 1746 modum
578 1686 785 1764 productionis.
828 1688 861 1748 si
873 1687 959 1748 datrrr
971 1687 1152 1766 praescientia
1165 1687 1326 1746 maerorum

114 1765 358 1843 contingentium,
380 1766 477 1824 omnia
492 1766 563 1826 fient
580 1767 742 1827 necessario
761 1769 920 1827 morositate
940 1769 1147 1844 consequentia,
1167 1767 1325 1828 secundum

115 1845 194 1923 quid,
208 1844 447 1922 infallibilitatis3
468 1865 527 1904 non
539 1847 728 1924 consequentes
738 1855 768 1906 et
781 1847 923 1906 absolute.
965 1847 1067 1905 Manet
1081 1867 1150 1923 ergo
1171 1847 1325 1906 discrimen

116 1945 229 2003 semper
243 1924 322 1984 inter
334 1925 497 1985 necessaria
514 1935 544 1984 et
557 1926 762 2004 contingentia,
785 1925 863 2003 quod
876 1926 928 1983 illa
940 1925 1048 1985 habent
1068 1925 1268 1984 necessitatem
1282 1926 1326 1984 in·

115 2005 280 2079 umectam,
297 2003 367 2082 quia
380 2005 511 2065 oriuntur
524 2025 542 2064 a
555 2005 650 2065 causis
663 2005 804 2082 proximis
825 2004 1003 2080 necessariis,
1018 2004 1132 2063 attalia
1149 2005 1260 2064 suntin
1275 2024 1326 2064 se:

116 2085 325 2162 Contingentia
348 2104 428 2160 vero,
453 2104 519 2162 qnae
536 2085 606 2145 iicet
623 2084 825 2144 necessitatem
844 2084 971 2144 habeant
994 2082 1195 2160 extrinsecam,
1217 2083 1327 2142 ratione

117 2171 249 2240 eventus,
265 2171 364 2223 tamen
377 2174 481 2224 natura
493 2184 547 2224 sua
559 2184 611 2242 per
624 2183 727 2224 causas
741 2164 942 2242 contingentes
955 2163 1039 2222 fiunt.

156 2243 287 2303 XXIV.
308 2243 444 2303 intortas
453 2243 612 2303 voluntatis
622 2243 761 2303 evertitur
770 2243 888 2322 quidem
901 2262 953 2322 per
966 2240 1166 2302 necessitatem
1176 2241 1327 2320 physicam

118 2331 148 2384 et
160 2323 330 2398 coactionis,
346 2342 412 2400 qua
430 2332 542 2401 pugnat
555 2343 621 2382 cum
635 2323 749 2382 formali
761 2323 873 2384 ratione
885 2323 1045 2400 libertatis;
1068 2321 1119 2381 sed
1133 2340 1192 2380 non
1211 2342 1264 2399 per
1277 2341 1326 2379 ne·

117 2403 283 2463 cessitatem
297 2403 514 2480 hypotheticam
526 2411 556 2462 et
568 2403 783 2462 infallibilitatis
796 2411 927 2478 eventus,
945 2402 1022 2462 idem
1036 2402 1113 2462 enim
1126 2403 1182 2461 hoo
1195 2409 1328 2480 respectu

199 2491 214 2542 t
227 2501 294 2542 esse
307 2482 432 2542 liberum
447 2491 476 2543 et
486 2483 697 2543 necessarium:
720 2483 806 2543 Unde
820 2482 954 2561 quamvis
967 2482 1095 2542 actiones
1104 2481 1254 2541 hominum
1269 2481 1328 2540 sint

139 2563 225 2638 bera,
240 2561 312 2640 quia
325 2571 429 2640 sponte
441 2562 516 2622 fiunt
530 2571 559 2622 et
572 2563 680 2641 previo
693 2563 813 2622 rationis
824 2562 944 2640 judicio,
963 2581 1023 2622 non
1043 2561 1179 2621 desinunt
1196 2580 1259 2620 esse
1277 2579 1327 2618 ne·

118 2643 250 2701 οοειιιιίω
269 2641 381 2701 ratione
395 2641 504 2702 decreti
518 2650 548 2701 et
563 2641 751 2720 prescientia
766 2643 831 2702 Dei.
861 2642 1046 2702 Praescientia
1059 2650 1156 2700 autem
1171 2640 1227 2699 Dei
1241 2639 1328 2698 infert

118 2721 236 2799 quidem
249 2721 428 2780 lrrtufitionis
447 2730 476 2781 et
490 2731 612 2782 eventus
625 2720 868 2798 infallibilitatem,
884 2730 914 2781 et
931 2722 1132 2782 necessitatem
1150 2738 1327 2797 consequen-

119 2803 174 2878 tiae,
193 2821 255 2861 non
269 2811 368 2860 tamen
381 2801 469 2860 infert
482 2802 660 2861 coactionem
678 2810 729 2862 aut
742 2801 919 2878 violentiam,
941 2821 995 2861 nec
1013 2799 1108 2860 aufert
1126 2799 1271 2859 voluntati
1283 2799 1327 2857 in·

119 2883 275 2941 uinsecam
289 2880 462 2940 libertatem.

156 2960 268 3020 XXV.
292 2960 479 3020 Praescientie
493 2959 550 3020 Dei
563 2959 723 3021 infallibilis
737 2979 796 3020 non
809 2959 896 3019 insert
910 2959 1005 3018 Deum
1019 2977 1082 3018 esse
1097 2976 1212 3017 causam
1226 2977 1327 3034 pecca·

118 3048 222 3117 mrum,
244 3040 316 3118 quia
338 3041 421 3100 Deus
439 3041 555 3119 praescit
574 3051 694 3118 peccata
714 3049 747 3099 ut
767 3048 845 3098 certo
866 3047 1014 3112 eventura,
1029 3058 1059 3096 r.
1081 3057 1111 3114 g.
1131 3036 1327 3095 venditionem

117 3119 243 3198 Josephi
257 3128 288 3180 et
301 3120 486 3179 traditionem
500 3120 615 3197 Christi,
637 3139 697 3179 non
717 3128 854 3195 tanquam
869 3137 887 3176 a
904 3137 935 3176 se
953 3115 1103 3176 efficienda
1123 3134 1181 3192 qua
1199 3123 1328 3192 peecata,

117 3201 168 3260 sed
180 3211 217 3260 nt
230 3199 433 3277 permittenda,
448 3219 467 3258 a
480 3219 511 3258 se
530 3219 601 3259 vero
622 3198 798 3273 ordinanda;
820 3196 871 3275 qui
891 3195 994 3255 modus
1014 3215 1073 3254 non
1091 3194 1185 3273 magis
1204 3194 1235 3252 in
1254 3213 1328 3270 pree-

117 3279 239 3340 scientia
253 3287 284 3339 et
298 3279 423 3354 decreto,
438 3297 524 3372 quam
538 3279 569 3337 in
578 3279 749 3339 executione
762 3295 829 3336 eum
839 3295 921 3336 reum
934 3275 1011 3352 facit,
1027 3275 1096 3354 quia
1105 3294 1160 3334 nec
1169 3273 1326 3349 decretum,

118 3379 172 3419 nec
183 3359 370 3438 praescientia
389 3358 574 3418 intrinsecam
593 3358 794 3418 necessitatem
809 3355 932 3416 afferunt
944 3355 1063 3432 homini,
1085 3353 1138 3414 sed
1151 3360 1263 3414 tantum
1276 3373 1328 3413 ex-

118 3439 275 3500 trinsecam
288 3437 386 3516 quoad
399 3447 545 3498 eventum.

157 3518 289 3578 XXVI.
311 3519 393 3577 Dens
406 3517 537 3576 homines
551 3537 610 3576 non
629 3524 722 3577 tentat
735 3535 774 3576 ex
787 3514 959 3594 ignorantia,
980 3520 1061 3573 ntea
1080 3512 1191 3574 ratione
1205 3532 1328 3591 cognos-

120 3598 256 3676 estquod
271 3606 357 3658 antea
369 3597 513 3672 nescierit,
529 3595 582 3656 sod
595 3617 633 3656 ex
647 3597 858 3674 sapientissima
871 3593 1061 3674 providentia,
1076 3603 1109 3654 nt
1122 3595 1188 3653 aliis
1202 3593 1330 3652 declaret

120 3677 197 3754 quod
207 3686 296 3737 antea
305 3697 356 3736 eos
365 3676 485 3736 latebat.
528 3677 576 3735 Ita
585 3677 709 3736 tentavit
718 3675 926 3750 Abrahamum,
938 3694 996 3733 non
1004 3683 1037 3733 ut
1046 3681 1232 3751 cognosceret
1240 3671 1328 3730 fidem

121 3766 149 3817 ct
161 3756 360 3816 obedientiam
369 3757 435 3834 ejus
447 3757 504 3816 hoc
515 3755 713 3834 experimento
723 3775 810 3833 quarn
819 3764 904 3815 antea
917 3755 1071 3832 ignoraret,
1085 3773 1150 3811 cum
1161 3753 1223 3830 jam
1232 3759 1328 3826 antea,

122 3833 209 3914 (Gen.
225 3836 310 3894 xviii.
327 3836 379 3916 19)
402 3837 483 3896 Deus
496 3835 644 3916 professus
658 3845 735 3896 esset
748 3856 779 3895 se
793 3855 878 3896 nosse
889 3835 954 3912 ejus
961 3833 1107 3911 pietatem,
1122 3831 1174 3890 sed
1184 3838 1217 3890 ut
1229 3837 1327 3887 notam

123 3917 254 3976 redderet
274 3916 384 3976 mundo
399 3924 430 3975 et
443 3916 582 3976 Ecclesia
599 3916 743 3993 insignem
761 3916 826 3993 ejus
846 3915 952 3973 fidem:
994 3912 1056 3971 Nee
1077 3911 1102 3969 si
1121 3910 1235 3982 dicitur,
1252 3909 1327 3967 Gen.

125 3997 193 4056 xxii.
210 3999 257 4056 le.
272 4004 344 4055 tnnc
358 3995 475 4056 novisse
490 3995 572 4054 Deus
584 3993 663 4072 quod
676 3995 771 4073 ipsum
784 3994 908 4069 timeret,
929 3995 1015 4051 Nunc
1028 3989 1144 4067 coqnovi
1163 3989 1239 4064 quod
1251 3987 1331 4046 tinet

124 4076 222 4152 Deera
237 4079 319 4154 pred
329 4095 387 4136 aon
396 4075 549 4152 pepwcr'cti
559 4075 700 4151 antemito
711 4075 776 4154 filio
790 4084 836 4133 teto
852 4081 974 4150 propter
986 4090 1030 4129 me
1037 4092 1050 4142 ,·
1069 4069 1126 4126 hoc
1140 4066 1270 4126 absolute
1284 4065 1329 4124 in-

123 4155 313 4234 telligendum
335 4163 381 4216 est
402 4155 441 4215 de
462 4154 627 4233 cognitione
649 4174 736 4231 quam
760 4154 842 4214 Deus
866 4150 1030 4224 obtinuerit,
1054 4146 1107 4206 sed
1127 4146 1271 4205 transitive
1292 4146 1330 4205 de

121 4237 286 4376 cseglmttilope
308 4255 398 4314 quarn
418 4235 484 4294 aliis
503 4233 624 4309 dederit,
645 4243 680 4296 ut
701 4252 777 4312 sape
798 4231 889 4292 verba
907 4229 1013 4291 similia
1027 4225 1160 4304 usurpari
1181 4224 1277 4286 solent
1298 4225 1330 4284 in

160 4337 307 4455 XPXVII.
329 4394 415 4455 Licet
436 4393 526 4470 Dens,
549 4393 624 4454 Gen.
645 4391 728 4452 xviii.
749 4394 986 4451 21.testeturse
1007 4384 1181 4446 descendere
1194 4384 1272 4444 velle
1291 4384 1330 4446 ad

122 4473 289 4554 videndum,
314 4495 354 4534 an
376 4474 487 4534 clamor
509 4473 643 4533 Sodoma
665 4473 715 4551 qui
737 4471 891 4550 adipsum
913 4476 1033 4528 venerat
1056 4486 1143 4526 verus
1165 4473 1250 4541 esset,
1271 4485 1330 4525 non

122 4556 250 4634 sequitur
274 4575 344 4616 oum
365 4561 453 4615 antea
473 4553 622 4632 ignorasse
636 4552 731 4630 qualis
751 4561 781 4612 et
800 4559 909 4629 quanta
928 4555 1005 4608 esset
1025 4546 1109 4608 istius
1129 4545 1256 4606 civitatis
1277 4546 1330 4604 im-

122 4634 222 4716 picms,
243 4636 315 4716 quia
333 4635 398 4714 jam
418 4633 542 4712 dixerm,
560 4633 723 4693 Clamorem
743 4633 874 4694 dodonem
892 4641 919 4691 ct
934 4629 1102 4690 Gomotrltoe
1120 4626 1331 4702 muttph'catum
