<?xml version="1.0" encoding="UTF-8"?>
<!DOCTYPE html PUBLIC "-//W3C//DTD XHTML 1.0 Transitional//EN"
    "http://www.w3.org/TR/xhtml1/DTD/xhtml1-transitional.dtd">
<html xmlns="http://www.w3.org/1999/xhtml" xml:lang="en" lang="en">
 <head>
  <title>
</title>
<meta http-equiv="Content-Type" content="text/html;charset=utf-8" />
  <meta name='ocr-system' content='tesseract 3.04.00' />
  <meta name='ocr-capabilities' content='ocr_page ocr_carea ocr_par ocr_line ocrx_word'/>
</head>
<body>
  <div class='ocr_page' id='page_1' title='image "./francisciturret01pictgoog_0091.png"; bbox 0 0 3158 5190; ppageno 0'>
   <div class='ocr_carea' id='block_1_1' title="bbox 268 311 1472 394">
    <p class='ocr_par' dir='ltr' id='par_1_1' title="bbox 268 311 1472 394">
     <span class='ocr_line' id='line_1_1' title="bbox 268 311 1472 394; baseline -0.002 -18"><span class='ocrx_word' id='word_1_1' title='bbox 268 318 306 376; x_wconf 78' lang='grc'><strong>36</strong></span> <span class='ocrx_word' id='word_1_2' title='bbox 760 330 984 374; x_wconf 74' lang='lat' dir='ltr'><strong>accusaremus.</strong></span> <span class='ocrx_word' id='word_1_3' title='bbox 1276 311 1403 394; x_wconf 70' lang='lat' dir='ltr'><strong>[ouasr.</strong></span> <span class='ocrx_word' id='word_1_4' title='bbox 1419 333 1472 375; x_wconf 88' lang='lat' dir='ltr'><strong>xrr.</strong></span> 
     </span>
    </p>
   </div>
   <div class='ocr_carea' id='block_1_2' title="bbox 266 471 1475 1034">
    <p class='ocr_par' dir='ltr' id='par_1_2' title="bbox 266 471 1475 1034">
     <span class='ocr_line' id='line_1_2' title="bbox 267 471 1473 556; baseline 0 -21"><span class='ocrx_word' id='word_1_5' title='bbox 267 485 338 552; x_wconf 90' lang='lat' dir='ltr'><strong>turn,</strong></span> <span class='ocrx_word' id='word_1_6' title='bbox 354 474 405 533; x_wconf 86' lang='lat' dir='ltr'><strong>ssd</strong></span> <span class='ocrx_word' id='word_1_7' title='bbox 425 479 556 556; x_wconf 85' lang='lat' dir='ltr'><strong>ereatura</strong></span> <span class='ocrx_word' id='word_1_8' title='bbox 573 472 810 551; x_wconf 70' lang='lat' dir='ltr'><strong>rationalisque</strong></span> <span class='ocrx_word' id='word_1_9' title='bbox 830 472 959 552; x_wconf 77' lang='lat' dir='ltr'>proinde,</span> <span class='ocrx_word' id='word_1_10' title='bbox 981 491 1046 531; x_wconf 89' lang='lat' dir='ltr'><strong>cum</strong></span> <span class='ocrx_word' id='word_1_11' title='bbox 1067 471 1292 534; x_wconf 73' lang='lat' dir='ltr'><strong>ratiocinationis</strong></span> <span class='ocrx_word' id='word_1_12' title='bbox 1312 475 1352 535; x_wconf 88' lang='lat' dir='ltr'><strong>sit</strong></span> <span class='ocrx_word' id='word_1_13' title='bbox 1371 496 1473 554; x_wconf 79' lang='lat' dir='ltr'><strong>capax,</strong></span> 
     </span>
     <span class='ocr_line' id='line_1_3' title="bbox 266 553 1473 632; baseline 0.002 -18"><span class='ocrx_word' id='word_1_14' title='bbox 266 554 354 615; x_wconf 90' lang='lat' dir='ltr'><strong>debet</strong></span> <span class='ocrx_word' id='word_1_15' title='bbox 376 553 538 630; x_wconf 75' lang='lat' dir='ltr'><strong>Scripturas</strong></span> <span class='ocrx_word' id='word_1_16' title='bbox 559 553 687 630; x_wconf 81' lang='lat' dir='ltr'><strong>scrutari,</strong></span> <span class='ocrx_word' id='word_1_17' title='bbox 710 553 760 614; x_wconf 89' lang='lat' dir='ltr'><strong>Jo.</strong></span> <span class='ocrx_word' id='word_1_18' title='bbox 774 572 803 613; x_wconf 87' lang='lat' dir='ltr'><strong>v.</strong></span> <span class='ocrx_word' id='word_1_19' title='bbox 819 555 867 628; x_wconf 83' lang='grc'><strong>39,</strong></span> <span class='ocrx_word' id='word_1_20' title='bbox 889 561 919 612; x_wconf 92' lang='lat' dir='ltr'><strong>et</strong></span> <span class='ocrx_word' id='word_1_21' title='bbox 938 572 997 612; x_wconf 89' lang='lat' dir='ltr'><strong>non</strong></span> <span class='ocrx_word' id='word_1_22' title='bbox 1017 554 1048 611; x_wconf 90' lang='lat' dir='ltr'><strong>in</strong></span> <span class='ocrx_word' id='word_1_23' title='bbox 1068 554 1173 612; x_wconf 82' lang='lat' dir='ltr'><strong>cortice</strong></span> <span class='ocrx_word' id='word_1_24' title='bbox 1186 554 1341 614; x_wconf 87' lang='lat' dir='ltr'><strong>verborum</strong></span> <span class='ocrx_word' id='word_1_25' title='bbox 1355 557 1473 632; x_wconf 81' lang='lat' dir='ltr'><strong>hoerere,</strong></span> 
     </span>
     <span class='ocr_line' id='line_1_4' title="bbox 269 632 1474 718; baseline 0 -23"><span class='ocrx_word' id='word_1_26' title='bbox 269 635 322 695; x_wconf 87' lang='lat' dir='ltr'><strong>sed</strong></span> <span class='ocrx_word' id='word_1_27' title='bbox 341 634 380 693; x_wconf 89' lang='lat' dir='ltr'><strong>ad</strong></span> <span class='ocrx_word' id='word_1_28' title='bbox 392 632 549 692; x_wconf 85' lang='lat' dir='ltr'><strong>medullam</strong></span> <span class='ocrx_word' id='word_1_29' title='bbox 563 634 655 714; x_wconf 88' lang='lat' dir='ltr'><strong>ipsam</strong></span> <span class='ocrx_word' id='word_1_30' title='bbox 675 641 706 692; x_wconf 88' lang='lat' dir='ltr'><strong>et</strong></span> <span class='ocrx_word' id='word_1_31' title='bbox 726 651 843 693; x_wconf 74' lang='lat' dir='ltr'><strong>sensum</strong></span> <span class='ocrx_word' id='word_1_32' title='bbox 862 642 1021 712; x_wconf 86' lang='lat' dir='ltr'><strong>penetrare,</strong></span> <span class='ocrx_word' id='word_1_33' title='bbox 1042 642 1075 693; x_wconf 93' lang='lat' dir='ltr'><strong>ut</strong></span> <span class='ocrx_word' id='word_1_34' title='bbox 1095 653 1133 694; x_wconf 86' lang='lat' dir='ltr'><strong>ex</strong></span> <span class='ocrx_word' id='word_1_35' title='bbox 1146 634 1183 692; x_wconf 89' lang='lat' dir='ltr'><strong>iis</strong></span> <span class='ocrx_word' id='word_1_36' title='bbox 1193 653 1261 718; x_wconf 49' lang='lat' dir='ltr'><strong>¹quae</strong></span> <span class='ocrx_word' id='word_1_37' title='bbox 1278 635 1361 712; x_wconf 82' lang='lat' dir='ltr'><strong>legit,</strong></span> <span class='ocrx_word' id='word_1_38' title='bbox 1377 636 1474 714; x_wconf 86' lang='lat' dir='ltr'><strong>aliqua</strong></span> 
     </span>
     <span class='ocr_line' id='line_1_5' title="bbox 268 713 1473 808; baseline -0.001 -32"><span class='ocrx_word' id='word_1_39' title='bbox 268 716 434 790; x_wconf 70' lang='lat' dir='ltr'><strong>suamquc</strong></span> <span class='ocrx_word' id='word_1_40' title='bbox 447 731 508 771; x_wconf 88' lang='lat' dir='ltr'><strong>non</strong></span> <span class='ocrx_word' id='word_1_41' title='bbox 520 715 592 791; x_wconf 91' lang='lat' dir='ltr'><strong>legit</strong></span> <span class='ocrx_word' id='word_1_42' title='bbox 606 713 757 808; x_wconf 75' lang='lat' dir='ltr'><strong>intelligat,</strong></span> <span class='ocrx_word' id='word_1_43' title='bbox 768 722 802 808; x_wconf 78' lang='lat' dir='ltr'><strong>ut</strong></span> <span class='ocrx_word' id='word_1_44' title='bbox 814 714 888 772; x_wconf 92' lang='lat' dir='ltr'><strong>berre</strong></span> <span class='ocrx_word' id='word_1_45' title='bbox 901 722 984 773; x_wconf 86' lang='lat' dir='ltr'><strong>notat</strong></span> <span class='ocrx_word' id='word_1_46' title='bbox 996 714 1070 806; x_wconf 63' lang='lat' dir='ltr'><strong>clap.</strong></span> <span class='ocrx_word' id='word_1_47' title='bbox 1086 715 1130 806; x_wconf 63' lang='grc' dir='ltr'><strong>ζῶ.</strong></span> <span class='ocrx_word' id='word_1_48' title='bbox 1146 717 1174 790; x_wconf 86' lang='grc'><strong>3,</strong></span> <span class='ocrx_word' id='word_1_49' title='bbox 1190 724 1280 774; x_wconf 63' lang='lat' dir='ltr'><strong>costa</strong></span> <span class='ocrx_word' id='word_1_50' title='bbox 1292 717 1391 808; x_wconf 69' lang='lat' dir='ltr'><strong>Maxi.</strong></span> <span class='ocrx_word' id='word_1_51' title='bbox 1405 736 1429 775; x_wconf 88' lang='lat' dir='ltr'><strong>c.</strong></span> <span class='ocrx_word' id='word_1_52' title='bbox 1445 720 1473 790; x_wconf 85' lang='lat'><strong>3,</strong></span> 
     </span>
     <span class='ocr_line' id='line_1_6' title="bbox 530 793 1246 951; baseline 0.003 -18.4"><span class='ocrx_word' id='word_1_53' title='bbox 530 793 1474 951; x_wconf 47' lang='lat' dir='ltr'><strong>tertiatur</strong></span> 
     </span>
     <span class='ocr_line' id='line_1_7' title="bbox 268 952 1475 1034; baseline 0 -20"><span class='ocrx_word' id='word_1_54' title='bbox 268 954 370 1034; x_wconf 85' lang='lat' dir='ltr'><strong>gitime</strong></span> <span class='ocrx_word' id='word_1_55' title='bbox 384 953 450 1014; x_wconf 88' lang='lat' dir='ltr'><strong>elici</strong></span> <span class='ocrx_word' id='word_1_56' title='bbox 471 961 585 1031; x_wconf 71' lang='lat' dir='ltr'><strong>potest,</strong></span> <span class='ocrx_word' id='word_1_57' title='bbox 609 954 655 1013; x_wconf 89' lang='lat' dir='ltr'><strong>Ita</strong></span> <span class='ocrx_word' id='word_1_58' title='bbox 668 973 734 1012; x_wconf 92' lang='lat' dir='ltr'><strong>curn</strong></span> <span class='ocrx_word' id='word_1_59' title='bbox 748 952 976 1031; x_wconf 89' lang='lat' dir='ltr'><strong>sapientissimus</strong></span> <span class='ocrx_word' id='word_1_60' title='bbox 997 953 1043 1029; x_wconf 89' lang='lat' dir='ltr'><strong>sit,</strong></span> <span class='ocrx_word' id='word_1_61' title='bbox 1059 953 1110 1030; x_wconf 92' lang='lat' dir='ltr'><strong>qui</strong></span> <span class='ocrx_word' id='word_1_62' title='bbox 1127 953 1261 1031; x_wconf 69' lang='lat' dir='ltr'><strong>previdit</strong></span> <span class='ocrx_word' id='word_1_63' title='bbox 1275 954 1417 1032; x_wconf 91' lang='lat' dir='ltr'><strong>quiequid</strong></span> <span class='ocrx_word' id='word_1_64' title='bbox 1437 976 1475 1014; x_wconf 82' lang='lat' dir='ltr'><strong>ex</strong></span> 
     </span>
    </p>
   </div>
   <div class='ocr_carea' id='block_1_3' title="bbox 269 1029 1569 1193">
    <p class='ocr_par' dir='ltr' id='par_1_3' title="bbox 269 1029 1569 1193">
     <span class='ocr_line' id='line_1_8' title="bbox 269 1029 1569 1111; baseline -0.001 -17"><span class='ocrx_word' id='word_1_65' title='bbox 269 1034 368 1094; x_wconf 91' lang='lat' dir='ltr'><strong>Verbo</strong></span> <span class='ocrx_word' id='word_1_66' title='bbox 389 1031 498 1093; x_wconf 88' lang='lat' dir='ltr'><strong>deduci</strong></span> <span class='ocrx_word' id='word_1_67' title='bbox 518 1035 620 1111; x_wconf 78' lang='lat' dir='ltr'><strong>potuit,</strong></span> <span class='ocrx_word' id='word_1_68' title='bbox 636 1034 677 1092; x_wconf 86' lang='lat' dir='ltr'><strong>ita</strong></span> <span class='ocrx_word' id='word_1_69' title='bbox 690 1033 827 1110; x_wconf 82' lang='lat' dir='ltr'>loquutus</span> <span class='ocrx_word' id='word_1_70' title='bbox 847 1041 899 1109; x_wconf 86' lang='lat' dir='ltr'><strong>est,</strong></span> <span class='ocrx_word' id='word_1_71' title='bbox 915 1041 949 1093; x_wconf 88' lang='lat' dir='ltr'><strong>ut</strong></span> <span class='ocrx_word' id='word_1_72' title='bbox 968 1032 1093 1092; x_wconf 88' lang='lat' dir='ltr'><strong>voluerit</strong></span> <span class='ocrx_word' id='word_1_73' title='bbox 1114 1053 1165 1111; x_wconf 92' lang='lat' dir='ltr'><strong>pro</strong></span> <span class='ocrx_word' id='word_1_74' title='bbox 1180 1033 1280 1092; x_wconf 88' lang='lat' dir='ltr'><strong>Verbo</strong></span> <span class='ocrx_word' id='word_1_75' title='bbox 1300 1052 1354 1094; x_wconf 90' lang='lat' dir='ltr'><strong>suo</strong></span> <span class='ocrx_word' id='word_1_76' title='bbox 1374 1035 1475 1095; x_wconf 88' lang='lat' dir='ltr'><strong>haberi</strong></span> <span class='ocrx_word' id='word_1_77' title='bbox 1568 1029 1569 1034; x_wconf 64' lang='grc'>’</span> 
     </span>
     <span class='ocr_line' id='line_1_9' title="bbox 528 1112 1569 1193; baseline -0.002 -18"><span class='ocrx_word' id='word_1_78' title='bbox 528 1113 608 1193; x_wconf 89' lang='lat' dir='ltr'><strong>quod</strong></span> <span class='ocrx_word' id='word_1_79' title='bbox 618 1133 655 1173; x_wconf 85' lang='lat' dir='ltr'><strong>ex</strong></span> <span class='ocrx_word' id='word_1_80' title='bbox 666 1112 751 1173; x_wconf 88' lang='lat' dir='ltr'><strong>dictis</strong></span> <span class='ocrx_word' id='word_1_81' title='bbox 761 1113 889 1190; x_wconf 89' lang='lat' dir='ltr'><strong>legitime</strong></span> <span class='ocrx_word' id='word_1_82' title='bbox 900 1112 1057 1189; x_wconf 79' lang='lat' dir='ltr'><strong>colligitur.</strong></span> <span class='ocrx_word' id='word_1_83' title='bbox 1096 1117 1125 1172; x_wconf 83' lang='lat'><strong>4.</strong></span> <span class='ocrx_word' id='word_1_84' title='bbox 1146 1115 1255 1172; x_wconf 64' lang='lat' dir='ltr'><strong>Prosci</strong></span> <span class='ocrx_word' id='word_1_85' title='bbox 1268 1113 1473 1191; x_wconf 80' lang='lat' dir='ltr'><strong>haereticoram,</strong></span> <span class='ocrx_word' id='word_1_86' title='bbox 1568 1173 1569 1184; x_wconf 59' lang='grc'>,</span> 
     </span>
    </p>
   </div>
   <div class='ocr_carea' id='block_1_4' title="bbox 267 1177 1569 1512">
    <p class='ocr_par' dir='ltr' id='par_1_4' title="bbox 290 1177 1569 1282">
     <span class='ocr_line' id='line_1_10' title="bbox 290 1177 1474 1282; baseline -0.002 -27"><span class='ocrx_word' id='word_1_87' title='bbox 290 1177 482 1282; x_wconf 46' lang='grc' dir='ltr'><strong>Ρηζξέζηῄ·</strong></span> <span class='ocrx_word' id='word_1_88' title='bbox 529 1195 579 1274; x_wconf 90' lang='lat' dir='ltr'><strong>qui</strong></span> <span class='ocrx_word' id='word_1_89' title='bbox 593 1202 626 1254; x_wconf 92' lang='lat' dir='ltr'><strong>ut</strong></span> <span class='ocrx_word' id='word_1_90' title='bbox 639 1193 742 1252; x_wconf 87' lang='lat' dir='ltr'><strong>melius</strong></span> <span class='ocrx_word' id='word_1_91' title='bbox 756 1193 895 1252; x_wconf 84' lang='lat' dir='ltr'><strong>adversus</strong></span> <span class='ocrx_word' id='word_1_92' title='bbox 909 1193 1094 1253; x_wconf 86' lang='lat' dir='ltr'><strong>Orthodoxos</strong></span> <span class='ocrx_word' id='word_1_93' title='bbox 1108 1213 1218 1252; x_wconf 90' lang='lat' dir='ltr'><strong>errores</strong></span> <span class='ocrx_word' id='word_1_94' title='bbox 1232 1213 1300 1254; x_wconf 91' lang='lat' dir='ltr'><strong>suos</strong></span> <span class='ocrx_word' id='word_1_95' title='bbox 1314 1203 1474 1272; x_wconf 79' lang='lat' dir='ltr'><strong>urerentur,</strong></span> 
     </span>
    </p>

    <p class='ocr_par' dir='ltr' id='par_1_5' title="bbox 267 1273 1569 1512">
     <span class='ocr_line' id='line_1_11' title="bbox 529 1273 1569 1354; baseline 0 -20"><span class='ocrx_word' id='word_1_96' title='bbox 529 1274 798 1351; x_wconf 76' lang='lat' dir='ltr'><strong>consequentiarum</strong></span> <span class='ocrx_word' id='word_1_97' title='bbox 824 1292 908 1332; x_wconf 86' lang='lat' dir='ltr'><strong>usum</strong></span> <span class='ocrx_word' id='word_1_98' title='bbox 936 1273 1054 1331; x_wconf 91' lang='lat' dir='ltr'><strong>omnino</strong></span> <span class='ocrx_word' id='word_1_99' title='bbox 1080 1273 1277 1354; x_wconf 78' lang='lat' dir='ltr'><strong>repudiabant,</strong></span> <span class='ocrx_word' id='word_1_100' title='bbox 1305 1282 1339 1334; x_wconf 91' lang='lat' dir='ltr'><strong>ut</strong></span> <span class='ocrx_word' id='word_1_101' title='bbox 1366 1273 1475 1334; x_wconf 73' lang='lat' dir='ltr'><strong>‘Ariani</strong></span> <span class='ocrx_word' id='word_1_102' title='bbox 1568 1335 1569 1340; x_wconf 8' lang='grc' dir='ltr'>χ</span> 
     </span>
     <span class='ocr_line' id='line_1_12' title="bbox 268 1341 1569 1432; baseline 0 -18"><span class='ocrx_word' id='word_1_103' title='bbox 268 1361 296 1414; x_wconf 72' lang='grc' dir='ltr'><strong>εὶ</strong></span> <span class='ocrx_word' id='word_1_104' title='bbox 310 1354 433 1432; x_wconf 63' lang='grc' dir='ltr'><strong>δμώων</strong></span> <span class='ocrx_word' id='word_1_105' title='bbox 445 1355 599 1432; x_wconf 82' lang='lat' dir='ltr'><strong>negabant,</strong></span> <span class='ocrx_word' id='word_1_106' title='bbox 611 1372 646 1413; x_wconf 89' lang='lat' dir='ltr'><strong>eo</strong></span> <span class='ocrx_word' id='word_1_107' title='bbox 660 1353 740 1430; x_wconf 91' lang='lat' dir='ltr'><strong>quod</strong></span> <span class='ocrx_word' id='word_1_108' title='bbox 749 1357 872 1426; x_wconf 69' lang='grc' dir='ltr'><strong>αὖτιλιξά</strong></span> <span class='ocrx_word' id='word_1_109' title='bbox 885 1373 945 1412; x_wconf 84' lang='lat' dir='ltr'><strong>non</strong></span> <span class='ocrx_word' id='word_1_110' title='bbox 953 1353 1147 1413; x_wconf 80' lang='lat' dir='ltr'><strong>contineretur</strong></span> <span class='ocrx_word' id='word_1_111' title='bbox 1157 1354 1186 1412; x_wconf 89' lang='lat' dir='ltr'><strong>in</strong></span> <span class='ocrx_word' id='word_1_112' title='bbox 1199 1354 1374 1432; x_wconf 84' lang='lat' dir='ltr'><strong>Scripturis;</strong></span> <span class='ocrx_word' id='word_1_113' title='bbox 1391 1353 1475 1415; x_wconf 74' lang='lat' dir='ltr'><strong>&#39;unde</strong></span> <span class='ocrx_word' id='word_1_114' title='bbox 1568 1341 1569 1358; x_wconf 45' lang='lat'>¹</span> 
     </span>
     <span class='ocr_line' id='line_1_13' title="bbox 267 1432 1474 1512; baseline -0.002 -16"><span class='ocrx_word' id='word_1_115' title='bbox 267 1439 443 1512; x_wconf 58' lang='lat' dir='ltr'><strong>mundaum</strong></span> <span class='ocrx_word' id='word_1_116' title='bbox 464 1454 586 1512; x_wconf 68' lang='lat' dir='ltr'><strong>aumopoe</strong></span> <span class='ocrx_word' id='word_1_117' title='bbox 606 1433 678 1492; x_wconf 86' lang='lat' dir='ltr'><strong>dicti</strong></span> <span class='ocrx_word' id='word_1_118' title='bbox 699 1443 767 1492; x_wconf 89' lang='lat' dir='ltr'><strong>sunt</strong></span> <span class='ocrx_word' id='word_1_119' title='bbox 788 1432 918 1510; x_wconf 87' lang='lat' dir='ltr'><strong>Basilio;</strong></span> <span class='ocrx_word' id='word_1_120' title='bbox 940 1442 969 1492; x_wconf 88' lang='lat' dir='ltr'><strong>et</strong></span> <span class='ocrx_word' id='word_1_121' title='bbox 991 1433 1111 1492; x_wconf 86' lang='lat' dir='ltr'><strong>Nazisn.</strong></span> <span class='ocrx_word' id='word_1_122' title='bbox 1133 1441 1205 1492; x_wconf 88' lang='lat' dir='ltr'><strong>orat.</strong></span> <span class='ocrx_word' id='word_1_123' title='bbox 1226 1437 1274 1509; x_wconf 76' lang='lat'><strong>37,</strong></span> <span class='ocrx_word' id='word_1_124' title='bbox 1297 1434 1474 1495; x_wconf 87' lang='lat' dir='ltr'><strong>Pneumato-</strong></span> 
     </span>
    </p>
   </div>
   <div class='ocr_carea' id='block_1_5' title="bbox 267 1511 1569 1601">
    <p class='ocr_par' dir='ltr' id='par_1_6' title="bbox 267 1511 1569 1601">
     <span class='ocr_line' id='line_1_14' title="bbox 267 1511 1569 1601; baseline -0.002 -26"><span class='ocrx_word' id='word_1_125' title='bbox 267 1517 402 1576; x_wconf 86' lang='lat' dir='ltr'><strong>maehum</strong></span> <span class='ocrx_word' id='word_1_126' title='bbox 415 1513 503 1575; x_wconf 88' lang='lat' dir='ltr'><strong>simili</strong></span> <span class='ocrx_word' id='word_1_127' title='bbox 517 1512 617 1573; x_wconf 82' lang='lat' dir='ltr'><strong>fraude</strong></span> <span class='ocrx_word' id='word_1_128' title='bbox 630 1518 759 1571; x_wconf 87' lang='lat' dir='ltr'><strong>utentem</strong></span> <span class='ocrx_word' id='word_1_129' title='bbox 773 1522 859 1572; x_wconf 90' lang='lat' dir='ltr'><strong>vocat</strong></span> <span class='ocrx_word' id='word_1_130' title='bbox 872 1511 1100 1589; x_wconf 71' lang='lat' dir='ltr'><strong>alphabetarium</strong></span> <span class='ocrx_word' id='word_1_131' title='bbox 1114 1514 1281 1591; x_wconf 82' lang='lat' dir='ltr'><strong>sophistam,</strong></span> <span class='ocrx_word' id='word_1_132' title='bbox 1303 1523 1333 1572; x_wconf 90' lang='lat' dir='ltr'><strong>et</strong></span> <span class='ocrx_word' id='word_1_133' title='bbox 1347 1519 1474 1589; x_wconf 72' lang='grc' dir='ltr'><strong>σνιοφὶι-</strong></span> <span class='ocrx_word' id='word_1_134' title='bbox 1568 1569 1569 1601; x_wconf 11' lang='grc' dir='ltr'>ἦ</span> 
     </span>
    </p>
   </div>
   <div class='ocr_carea' id='block_1_6' title="bbox 266 1591 1569 2150">
    <p class='ocr_par' dir='ltr' id='par_1_7' title="bbox 291 1591 1569 1850">
     <span class='ocr_line' id='line_1_15' title="bbox 359 1591 1569 1672; baseline 0.005 -22"><span class='ocrx_word' id='word_1_135' title='bbox 359 1661 364 1672; x_wconf 44' lang='grc' dir='ltr'>Ι</span> <span class='ocrx_word' id='word_1_136' title='bbox 399 1660 405 1672; x_wconf 31' lang='grc' dir='ltr'>ι</span> <span class='ocrx_word' id='word_1_137' title='bbox 527 1595 627 1657; x_wconf 60' lang='lat' dir='ltr'><strong>streis</strong></span> <span class='ocrx_word' id='word_1_138' title='bbox 640 1591 772 1668; x_wconf 63' lang='lat' dir='ltr'><strong>tropicus.</strong></span> <span class='ocrx_word' id='word_1_139' title='bbox 815 1594 843 1650; x_wconf 82' lang='lat'><strong>5.</strong></span> <span class='ocrx_word' id='word_1_140' title='bbox 865 1593 1076 1672; x_wconf 72' lang='lat' dir='ltr'><strong>Pontficr&#39;oram</strong></span> <span class='ocrx_word' id='word_1_141' title='bbox 1088 1613 1163 1668; x_wconf 76' lang='lat' dir='ltr'><strong>caue,</strong></span> <span class='ocrx_word' id='word_1_142' title='bbox 1189 1593 1240 1671; x_wconf 91' lang='lat' dir='ltr'><strong>qui</strong></span> <span class='ocrx_word' id='word_1_143' title='bbox 1261 1593 1401 1672; x_wconf 86' lang='lat' dir='ltr'><strong>pleraque</strong></span> <span class='ocrx_word' id='word_1_144' title='bbox 1421 1616 1475 1656; x_wconf 88' lang='lat' dir='ltr'><strong>sua</strong></span> <span class='ocrx_word' id='word_1_145' title='bbox 1568 1648 1569 1668; x_wconf 71' lang='lat'><strong>,</strong></span> 
     </span>
     <span class='ocr_line' id='line_1_16' title="bbox 291 1659 1569 1833; baseline 0.003 -21"><span class='ocrx_word' id='word_1_146' title='bbox 291 1659 476 1762; x_wconf 55' lang='lat' dir='ltr'><strong>“ht-m</strong></span> <span class='ocrx_word' id='word_1_147' title='bbox 526 1671 714 1814; x_wconf 63' lang='lat' dir='ltr'><strong>austu</strong></span> <span class='ocrx_word' id='word_1_148' title='bbox 733 1671 1472 1833; x_wconf 55' lang='lat' dir='ltr'><strong>saturabunturfruratrsr</strong></span> <span class='ocrx_word' id='word_1_149' title='bbox 1568 1671 1569 1734; x_wconf 83' lang='lat'>³</span> 
     </span>
     <span class='ocr_line' id='line_1_17' title="bbox 715 1791 1569 1850; baseline 0 -22"><span class='ocrx_word' id='word_1_150' title='bbox 715 1797 722 1828; x_wconf 71' lang='lat'><em>2</em></span> <span class='ocrx_word' id='word_1_151' title='bbox 962 1798 970 1828; x_wconf 71' lang='lat'><em>2</em></span> <span class='ocrx_word' id='word_1_152' title='bbox 1463 1791 1473 1850; x_wconf 57' lang='grc' dir='ltr'>ζ</span> <span class='ocrx_word' id='word_1_153' title='bbox 1568 1821 1569 1828; x_wconf 72' lang='grc'>,</span> 
     </span>
    </p>

    <p class='ocr_par' dir='ltr' id='par_1_8' title="bbox 266 1831 1569 2070">
     <span class='ocr_line' id='line_1_18' title="bbox 266 1831 1475 2021; baseline 0.016 -67"><span class='ocrx_word' id='word_1_154' title='bbox 266 1899 512 2021; x_wconf 48' lang='lat' dir='ltr'><strong>Exopnpggmlliffl</strong></span> <span class='ocrx_word' id='word_1_155' title='bbox 529 1831 1475 2008; x_wconf 47' lang='lat' dir='ltr'><strong>lpdzirdohdlitlegddtddaeddlddddlledlllldlulllqdldhuilhrismddsqed</strong></span> 
     </span>
     <span class='ocr_line' id='line_1_19' title="bbox 530 1991 1569 2070; baseline 0.005 -16"><span class='ocrx_word' id='word_1_156' title='bbox 530 1994 653 2056; x_wconf 85' lang='lat' dir='ltr'><strong>formula</strong></span> <span class='ocrx_word' id='word_1_157' title='bbox 666 1991 781 2052; x_wconf 83' lang='lat' dir='ltr'><strong>suadens</strong></span> <span class='ocrx_word' id='word_1_158' title='bbox 795 1999 895 2052; x_wconf 88' lang='lat' dir='ltr'><strong>contra</strong></span> <span class='ocrx_word' id='word_1_159' title='bbox 920 1991 1094 2052; x_wconf 83' lang='lat' dir='ltr'><strong>Sadducaeos</strong></span> <span class='ocrx_word' id='word_1_160' title='bbox 1112 1993 1215 2070; x_wconf 91' lang='lat' dir='ltr'><strong>probat</strong></span> <span class='ocrx_word' id='word_1_161' title='bbox 1234 2003 1475 2055; x_wconf 79' lang='lat' dir='ltr'><strong>resurrectionem</strong></span> <span class='ocrx_word' id='word_1_162' title='bbox 1568 2055 1569 2060; x_wconf 74' lang='grc'>,</span> 
     </span>
    </p>

    <p class='ocr_par' dir='ltr' id='par_1_9' title="bbox 266 2073 1569 2150">
     <span class='ocr_line' id='line_1_20' title="bbox 266 2073 1569 2150; baseline -0.005 -7"><span class='ocrx_word' id='word_1_163' title='bbox 266 2089 445 2142; x_wconf 82' lang='lat' dir='ltr'><strong>mortuorum</strong></span> <span class='ocrx_word' id='word_1_164' title='bbox 458 2078 545 2138; x_wconf 81' lang='lat' dir='ltr'><strong>Matr.</strong></span> <span class='ocrx_word' id='word_1_165' title='bbox 560 2079 608 2135; x_wconf 72' lang='lat'><strong>22.</strong></span> <span class='ocrx_word' id='word_1_166' title='bbox 623 2093 689 2133; x_wconf 92' lang='lat' dir='ltr'><strong>cum</strong></span> <span class='ocrx_word' id='word_1_167' title='bbox 703 2081 799 2132; x_wconf 88' lang='lat' dir='ltr'><strong>tamen</strong></span> <span class='ocrx_word' id='word_1_168' title='bbox 813 2073 886 2131; x_wconf 91' lang='lat' dir='ltr'><strong>nihil</strong></span> <span class='ocrx_word' id='word_1_169' title='bbox 899 2091 1035 2150; x_wconf 83' lang='lat' dir='ltr'><strong>expresso</strong></span> <span class='ocrx_word' id='word_1_170' title='bbox 1050 2073 1096 2131; x_wconf 88' lang='lat' dir='ltr'><strong>hio</strong></span> <span class='ocrx_word' id='word_1_171' title='bbox 1111 2073 1147 2132; x_wconf 90' lang='lat' dir='ltr'><strong>de</strong></span> <span class='ocrx_word' id='word_1_172' title='bbox 1161 2073 1368 2133; x_wconf 86' lang='lat' dir='ltr'><strong>resurrectione</strong></span> <span class='ocrx_word' id='word_1_173' title='bbox 1381 2075 1473 2135; x_wconf 87' lang='lat' dir='ltr'><strong>habe·</strong></span> <span class='ocrx_word' id='word_1_174' title='bbox 1568 2077 1569 2086; x_wconf 74' lang='grc'>’</span> 
     </span>
    </p>
   </div>
   <div class='ocr_carea' id='block_1_7' title="bbox 266 2152 1569 2316">
    <p class='ocr_par' dir='ltr' id='par_1_10' title="bbox 266 2152 1569 2316">
     <span class='ocr_line' id='line_1_21' title="bbox 266 2152 1569 2238; baseline -0.005 -17"><span class='ocrx_word' id='word_1_175' title='bbox 266 2170 353 2222; x_wconf 68' lang='lat' dir='ltr'><strong>sture</strong></span> <span class='ocrx_word' id='word_1_176' title='bbox 373 2161 412 2220; x_wconf 89' lang='lat' dir='ltr'><strong>Et</strong></span> <span class='ocrx_word' id='word_1_177' title='bbox 426 2177 515 2238; x_wconf 89' lang='lat' dir='ltr'><strong>quum</strong></span> <span class='ocrx_word' id='word_1_178' title='bbox 530 2154 665 2233; x_wconf 86' lang='lat' dir='ltr'><strong>Apostoli</strong></span> <span class='ocrx_word' id='word_1_179' title='bbox 678 2153 785 2213; x_wconf 82' lang='lat' dir='ltr'><strong>Jesurn</strong></span> <span class='ocrx_word' id='word_1_180' title='bbox 797 2153 977 2213; x_wconf 81' lang='lat' dir='ltr'><strong>Nazarenmn</strong></span> <span class='ocrx_word' id='word_1_181' title='bbox 998 2152 1121 2230; x_wconf 88' lang='lat' dir='ltr'><strong>probant</strong></span> <span class='ocrx_word' id='word_1_182' title='bbox 1134 2173 1197 2212; x_wconf 87' lang='lat' dir='ltr'><strong>esse</strong></span> <span class='ocrx_word' id='word_1_183' title='bbox 1216 2173 1317 2212; x_wconf 86' lang='lat' dir='ltr'><strong>verum</strong></span> <span class='ocrx_word' id='word_1_184' title='bbox 1331 2153 1474 2215; x_wconf 83' lang='lat' dir='ltr'><strong>Moesiam</strong></span> <span class='ocrx_word' id='word_1_185' title='bbox 1568 2213 1569 2218; x_wconf 71' lang='grc'>,</span> 
     </span>
     <span class='ocr_line' id='line_1_22' title="bbox 266 2230 1569 2316; baseline -0.005 -15"><span class='ocrx_word' id='word_1_186' title='bbox 266 2242 297 2300; x_wconf 91' lang='lat' dir='ltr'><strong>in</strong></span> <span class='ocrx_word' id='word_1_187' title='bbox 311 2241 349 2301; x_wconf 92' lang='lat' dir='ltr'><strong>V.</strong></span> <span class='ocrx_word' id='word_1_188' title='bbox 365 2241 399 2299; x_wconf 83' lang='lat' dir='ltr'><strong>T.</strong></span> <span class='ocrx_word' id='word_1_189' title='bbox 414 2237 595 2316; x_wconf 87' lang='lat' dir='ltr'><strong>promissum,</strong></span> <span class='ocrx_word' id='word_1_190' title='bbox 611 2252 676 2292; x_wconf 90' lang='lat' dir='ltr'><strong>oum</strong></span> <span class='ocrx_word' id='word_1_191' title='bbox 690 2240 788 2290; x_wconf 85' lang='lat' dir='ltr'><strong>tamen</strong></span> <span class='ocrx_word' id='word_1_192' title='bbox 806 2230 843 2290; x_wconf 91' lang='lat' dir='ltr'><strong>de</strong></span> <span class='ocrx_word' id='word_1_193' title='bbox 857 2250 892 2291; x_wconf 91' lang='lat' dir='ltr'><strong>eo</strong></span> <span class='ocrx_word' id='word_1_194' title='bbox 911 2232 985 2290; x_wconf 87' lang='lat' dir='ltr'><strong>nihil</strong></span> <span class='ocrx_word' id='word_1_195' title='bbox 997 2235 1121 2304; x_wconf 60' lang='lat' dir='ltr'><strong>abradet</strong></span> <span class='ocrx_word' id='word_1_196' title='bbox 1140 2233 1265 2311; x_wconf 85' lang='lat' dir='ltr'><strong>legatur.</strong></span> <span class='ocrx_word' id='word_1_197' title='bbox 1306 2233 1366 2293; x_wconf 86' lang='lat' dir='ltr'><strong>Nec</strong></span> <span class='ocrx_word' id='word_1_198' title='bbox 1383 2236 1474 2312; x_wconf 77' lang='lat' dir='ltr'><strong>juvat</strong></span> <span class='ocrx_word' id='word_1_199' title='bbox 1568 2241 1569 2314; x_wconf 63' lang='lat' dir='ltr'>J</span> 
     </span>
    </p>
   </div>
   <div class='ocr_carea' id='block_1_8' title="bbox 266 2310 1473 2396">
    <p class='ocr_par' dir='ltr' id='par_1_11' title="bbox 266 2310 1473 2396">
     <span class='ocr_line' id='line_1_23' title="bbox 266 2310 1473 2396; baseline -0.005 -17"><span class='ocrx_word' id='word_1_200' title='bbox 266 2320 400 2396; x_wconf 83' lang='lat' dir='ltr'><strong>excipere</strong></span> <span class='ocrx_word' id='word_1_201' title='bbox 415 2315 523 2376; x_wconf 82' lang='lat' dir='ltr'><strong>Christi</strong></span> <span class='ocrx_word' id='word_1_202' title='bbox 536 2322 566 2373; x_wconf 90' lang='lat' dir='ltr'><strong>et</strong></span> <span class='ocrx_word' id='word_1_203' title='bbox 579 2311 787 2390; x_wconf 88' lang='lat' dir='ltr'><strong>Apostolorum</strong></span> <span class='ocrx_word' id='word_1_204' title='bbox 801 2311 1003 2371; x_wconf 79' lang='lat' dir='ltr'><strong>authoritatem</strong></span> <span class='ocrx_word' id='word_1_205' title='bbox 1017 2331 1080 2371; x_wconf 87' lang='lat' dir='ltr'><strong>esse</strong></span> <span class='ocrx_word' id='word_1_206' title='bbox 1094 2310 1293 2388; x_wconf 65' lang='lat' dir='ltr'><strong>infallibilem</strong></span> <span class='ocrx_word' id='word_1_207' title='bbox 1314 2312 1381 2372; x_wconf 89' lang='lat' dir='ltr'><strong>ideo</strong></span> <span class='ocrx_word' id='word_1_208' title='bbox 1400 2333 1473 2374; x_wconf 90' lang='lat' dir='ltr'><strong>eon-</strong></span> 
     </span>
    </p>
   </div>
   <div class='ocr_carea' id='block_1_9' title="bbox 266 2389 1569 2550">
    <p class='ocr_par' dir='ltr' id='par_1_12' title="bbox 266 2389 1569 2550">
     <span class='ocr_line' id='line_1_24' title="bbox 266 2389 1569 2475; baseline -0.006 -17"><span class='ocrx_word' id='word_1_209' title='bbox 266 2398 431 2475; x_wconf 84' lang='lat' dir='ltr'><strong>eequentias</strong></span> <span class='ocrx_word' id='word_1_210' title='bbox 455 2395 541 2454; x_wconf 90' lang='lat' dir='ltr'><strong>etiam</strong></span> <span class='ocrx_word' id='word_1_211' title='bbox 563 2390 732 2450; x_wconf 70' lang='lat' dir='ltr'><strong>indubitate</strong></span> <span class='ocrx_word' id='word_1_212' title='bbox 755 2389 886 2449; x_wconf 85' lang='lat' dir='ltr'><strong>veritatis</strong></span> <span class='ocrx_word' id='word_1_213' title='bbox 910 2410 981 2466; x_wconf 88' lang='lat' dir='ltr'><strong>esse,</strong></span> <span class='ocrx_word' id='word_1_214' title='bbox 1006 2400 1120 2450; x_wconf 89' lang='lat' dir='ltr'><strong>nostras</strong></span> <span class='ocrx_word' id='word_1_215' title='bbox 1143 2412 1213 2451; x_wconf 85' lang='lat' dir='ltr'><strong>vero</strong></span> <span class='ocrx_word' id='word_1_216' title='bbox 1227 2391 1300 2453; x_wconf 86' lang='lat' dir='ltr'><strong>tales</strong></span> <span class='ocrx_word' id='word_1_217' title='bbox 1313 2412 1372 2450; x_wconf 89' lang='lat' dir='ltr'><strong>non</strong></span> <span class='ocrx_word' id='word_1_218' title='bbox 1385 2413 1472 2455; x_wconf 86' lang='lat' dir='ltr'><strong>esse:</strong></span> <span class='ocrx_word' id='word_1_219' title='bbox 1568 2401 1569 2408; x_wconf 77' lang='grc'>’</span> 
     </span>
     <span class='ocr_line' id='line_1_25' title="bbox 266 2468 1569 2550; baseline -0.005 -13"><span class='ocrx_word' id='word_1_220' title='bbox 266 2477 342 2536; x_wconf 84' lang='lat' dir='ltr'><strong>Nem</strong></span> <span class='ocrx_word' id='word_1_221' title='bbox 365 2477 435 2536; x_wconf 89' lang='lat' dir='ltr'><strong>lieet</strong></span> <span class='ocrx_word' id='word_1_222' title='bbox 456 2474 487 2532; x_wconf 90' lang='lat' dir='ltr'><strong>irr</strong></span> <span class='ocrx_word' id='word_1_223' title='bbox 512 2491 542 2532; x_wconf 88' lang='lat' dir='ltr'><strong>ss</strong></span> <span class='ocrx_word' id='word_1_224' title='bbox 566 2471 603 2530; x_wconf 88' lang='lat' dir='ltr'><strong>ab</strong></span> <span class='ocrx_word' id='word_1_225' title='bbox 627 2469 800 2529; x_wconf 81' lang='lat' dir='ltr'><strong>authoritate</strong></span> <span class='ocrx_word' id='word_1_226' title='bbox 823 2468 947 2528; x_wconf 89' lang='lat' dir='ltr'><strong>dicentis</strong></span> <span class='ocrx_word' id='word_1_227' title='bbox 970 2470 1136 2530; x_wconf 78' lang='lat' dir='ltr'><strong>infallibiles</strong></span> <span class='ocrx_word' id='word_1_228' title='bbox 1164 2472 1222 2531; x_wconf 89' lang='lat' dir='ltr'><strong>sint</strong></span> <span class='ocrx_word' id='word_1_229' title='bbox 1249 2472 1472 2550; x_wconf 76' lang='lat' dir='ltr'><strong>Consequentia</strong></span> <span class='ocrx_word' id='word_1_230' title='bbox 1568 2469 1569 2488; x_wconf 65' lang='lat'>³</span> 
     </span>
    </p>
   </div>
   <div class='ocr_carea' id='block_1_10' title="bbox 252 2548 1472 4705">
    <p class='ocr_par' dir='ltr' id='par_1_13' title="bbox 264 2548 1472 2875">
     <span class='ocr_line' id='line_1_26' title="bbox 266 2548 1471 2633; baseline -0.003 -17"><span class='ocrx_word' id='word_1_231' title='bbox 266 2557 392 2633; x_wconf 88' lang='lat' dir='ltr'><strong>Christi;</strong></span> <span class='ocrx_word' id='word_1_232' title='bbox 423 2564 521 2614; x_wconf 85' lang='lat' dir='ltr'><strong>tamen</strong></span> <span class='ocrx_word' id='word_1_233' title='bbox 545 2551 605 2610; x_wconf 87' lang='lat' dir='ltr'><strong>vim</strong></span> <span class='ocrx_word' id='word_1_234' title='bbox 633 2567 714 2608; x_wconf 88' lang='lat' dir='ltr'><strong>suam</strong></span> <span class='ocrx_word' id='word_1_235' title='bbox 737 2567 796 2607; x_wconf 86' lang='lat' dir='ltr'><strong>uon</strong></span> <span class='ocrx_word' id='word_1_236' title='bbox 818 2548 964 2610; x_wconf 83' lang='lat' dir='ltr'><strong>habebant</strong></span> <span class='ocrx_word' id='word_1_237' title='bbox 986 2550 1066 2628; x_wconf 81' lang='lat' dir='ltr'><strong>apud</strong></span> <span class='ocrx_word' id='word_1_238' title='bbox 1089 2550 1264 2611; x_wconf 83' lang='lat' dir='ltr'><strong>Sadducaeos</strong></span> <span class='ocrx_word' id='word_1_239' title='bbox 1283 2551 1321 2610; x_wconf 91' lang='lat' dir='ltr'><strong>ab</strong></span> <span class='ocrx_word' id='word_1_240' title='bbox 1341 2554 1471 2613; x_wconf 83' lang='lat' dir='ltr'><strong>authori-</strong></span> 
     </span>
     <span class='ocr_line' id='line_1_27' title="bbox 265 2628 1472 2712; baseline -0.002 -15"><span class='ocrx_word' id='word_1_241' title='bbox 265 2646 326 2697; x_wconf 87' lang='lat' dir='ltr'><strong>tate</strong></span> <span class='ocrx_word' id='word_1_242' title='bbox 345 2636 476 2710; x_wconf 75' lang='lat' dir='ltr'><strong>diosmis,</strong></span> <span class='ocrx_word' id='word_1_243' title='bbox 492 2650 578 2710; x_wconf 86' lang='lat' dir='ltr'><strong>quam</strong></span> <span class='ocrx_word' id='word_1_244' title='bbox 598 2647 657 2688; x_wconf 94' lang='lat' dir='ltr'><strong>non</strong></span> <span class='ocrx_word' id='word_1_245' title='bbox 678 2628 880 2706; x_wconf 82' lang='lat' dir='ltr'><strong>agnoscebant,</strong></span> <span class='ocrx_word' id='word_1_246' title='bbox 905 2629 957 2688; x_wconf 85' lang='lat' dir='ltr'><strong>sed</strong></span> <span class='ocrx_word' id='word_1_247' title='bbox 974 2649 994 2688; x_wconf 91' lang='lat' dir='ltr'><strong>a</strong></span> <span class='ocrx_word' id='word_1_248' title='bbox 1013 2639 1116 2690; x_wconf 88' lang='lat' dir='ltr'><strong>natura</strong></span> <span class='ocrx_word' id='word_1_249' title='bbox 1134 2631 1296 2708; x_wconf 65' lang='lat' dir='ltr'><strong>dictorum</strong></span> <span class='ocrx_word' id='word_1_250' title='bbox 1326 2631 1399 2692; x_wconf 84' lang='lat' dir='ltr'><strong>aliea</strong></span> <span class='ocrx_word' id='word_1_251' title='bbox 1418 2637 1472 2712; x_wconf 88' lang='lat' dir='ltr'><strong>qui</strong></span> 
     </span>
     <span class='ocr_line' id='line_1_28' title="bbox 266 2707 1471 2792; baseline -0.003 -16"><span class='ocrx_word' id='word_1_252' title='bbox 266 2716 398 2776; x_wconf 83' lang='lat' dir='ltr'><strong>Christus</strong></span> <span class='ocrx_word' id='word_1_253' title='bbox 412 2716 462 2775; x_wconf 88' lang='lat' dir='ltr'><strong>illa</strong></span> <span class='ocrx_word' id='word_1_254' title='bbox 475 2715 538 2792; x_wconf 86' lang='lat' dir='ltr'><strong>ipsa</strong></span> <span class='ocrx_word' id='word_1_255' title='bbox 550 2709 719 2790; x_wconf 83' lang='lat' dir='ltr'><strong>probatione</strong></span> <span class='ocrx_word' id='word_1_256' title='bbox 730 2707 922 2770; x_wconf 84' lang='lat' dir='ltr'><strong>obstruxisset</strong></span> <span class='ocrx_word' id='word_1_257' title='bbox 935 2729 968 2770; x_wconf 91' lang='lat' dir='ltr'><strong>os</strong></span> <span class='ocrx_word' id='word_1_258' title='bbox 977 2708 1110 2770; x_wconf 86' lang='lat' dir='ltr'><strong>hostibus</strong></span> <span class='ocrx_word' id='word_1_259' title='bbox 1121 2711 1189 2787; x_wconf 88' lang='lat' dir='ltr'><strong>suis,</strong></span> <span class='ocrx_word' id='word_1_260' title='bbox 1205 2711 1256 2788; x_wconf 93' lang='lat' dir='ltr'><strong>qui</strong></span> <span class='ocrx_word' id='word_1_261' title='bbox 1265 2711 1471 2774; x_wconf 81' lang='lat' dir='ltr'><strong>authoritatem</strong></span> 
     </span>
     <span class='ocr_line' id='line_1_29' title="bbox 264 2792 634 2875; baseline -0.016 -19"><span class='ocrx_word' id='word_1_262' title='bbox 264 2797 329 2875; x_wconf 88' lang='lat' dir='ltr'><strong>ejus</strong></span> <span class='ocrx_word' id='word_1_263' title='bbox 342 2816 400 2855; x_wconf 84' lang='lat' dir='ltr'><strong>non</strong></span> <span class='ocrx_word' id='word_1_264' title='bbox 415 2792 634 2873; x_wconf 81' lang='lat' dir='ltr'><strong>agnoscebant?</strong></span> 
     </span>
    </p>

    <p class='ocr_par' dir='ltr' id='par_1_14' title="bbox 305 2869 1470 2950">
     <span class='ocr_line' id='line_1_30' title="bbox 305 2869 1470 2950; baseline -0.003 -15"><span class='ocrx_word' id='word_1_265' title='bbox 305 2877 348 2936; x_wconf 88' lang='lat' dir='ltr'><strong>X.</strong></span> <span class='ocrx_word' id='word_1_266' title='bbox 372 2877 453 2936; x_wconf 90' lang='lat' dir='ltr'><strong>Licet</strong></span> <span class='ocrx_word' id='word_1_267' title='bbox 466 2873 610 2933; x_wconf 89' lang='lat' dir='ltr'><strong>illationes</strong></span> <span class='ocrx_word' id='word_1_268' title='bbox 625 2869 732 2931; x_wconf 86' lang='lat' dir='ltr'><strong>Christi</strong></span> <span class='ocrx_word' id='word_1_269' title='bbox 746 2870 842 2948; x_wconf 86' lang='lat' dir='ltr'><strong>quoad</strong></span> <span class='ocrx_word' id='word_1_270' title='bbox 855 2891 908 2930; x_wconf 89' lang='lat' dir='ltr'><strong>nos</strong></span> <span class='ocrx_word' id='word_1_271' title='bbox 928 2879 1075 2932; x_wconf 69' lang='lat' dir='ltr'><strong>banasam</strong></span> <span class='ocrx_word' id='word_1_272' title='bbox 1088 2892 1124 2932; x_wconf 90' lang='lat' dir='ltr'><strong>eo</strong></span> <span class='ocrx_word' id='word_1_273' title='bbox 1137 2872 1200 2950; x_wconf 90' lang='lat' dir='ltr'><strong>ipso</strong></span> <span class='ocrx_word' id='word_1_274' title='bbox 1214 2871 1244 2930; x_wconf 91' lang='lat' dir='ltr'><strong>in</strong></span> <span class='ocrx_word' id='word_1_275' title='bbox 1258 2872 1391 2932; x_wconf 87' lang='lat' dir='ltr'><strong>Verbum</strong></span> <span class='ocrx_word' id='word_1_276' title='bbox 1403 2873 1470 2949; x_wconf 86' lang='lat' dir='ltr'><strong>Dei,</strong></span> 
     </span>
    </p>

    <p class='ocr_par' dir='ltr' id='par_1_15' title="bbox 260 2951 1471 3908">
     <span class='ocr_line' id='line_1_31' title="bbox 284 2951 1470 3033; baseline -0.005 -15"><span class='ocrx_word' id='word_1_277' title='bbox 284 2977 322 3018; x_wconf 91' lang='lat' dir='ltr'><strong>ua</strong></span> <span class='ocrx_word' id='word_1_278' title='bbox 334 2977 353 3016; x_wconf 88' lang='lat' dir='ltr'><strong>a</strong></span> <span class='ocrx_word' id='word_1_279' title='bbox 367 2955 482 3017; x_wconf 81' lang='lat' dir='ltr'><strong>Christo</strong></span> <span class='ocrx_word' id='word_1_280' title='bbox 503 2951 730 3033; x_wconf 87' lang='lat' dir='ltr'><strong>proficiscuntur,</strong></span> <span class='ocrx_word' id='word_1_281' title='bbox 745 2960 776 3010; x_wconf 88' lang='lat' dir='ltr'><strong>et</strong></span> <span class='ocrx_word' id='word_1_282' title='bbox 797 2951 943 3029; x_wconf 88' lang='lat' dir='ltr'><strong>objectum</strong></span> <span class='ocrx_word' id='word_1_283' title='bbox 962 2951 1031 3012; x_wconf 86' lang='lat' dir='ltr'><strong>fidei</strong></span> <span class='ocrx_word' id='word_1_284' title='bbox 1049 2952 1207 3012; x_wconf 87' lang='lat' dir='ltr'><strong>reddantur</strong></span> <span class='ocrx_word' id='word_1_285' title='bbox 1226 2951 1263 3011; x_wconf 90' lang='lat' dir='ltr'><strong>de</strong></span> <span class='ocrx_word' id='word_1_286' title='bbox 1274 2953 1350 3030; x_wconf 88' lang='lat' dir='ltr'><strong>jure,</strong></span> <span class='ocrx_word' id='word_1_287' title='bbox 1372 2961 1470 3012; x_wconf 81' lang='lat' dir='ltr'><strong>temen</strong></span> 
     </span>
     <span class='ocr_line' id='line_1_32' title="bbox 263 2977 1468 3115; baseline -0.005 -17"><span class='ocrx_word' id='word_1_288' title='bbox 263 2977 369 3098; x_wconf 67' lang='lat' dir='ltr'><strong>duleum</strong></span> <span class='ocrx_word' id='word_1_289' title='bbox 383 3057 431 3098; x_wconf 88' lang='lat' dir='ltr'><strong>eas</strong></span> <span class='ocrx_word' id='word_1_290' title='bbox 445 3055 497 3115; x_wconf 91' lang='lat' dir='ltr'><strong>pro</strong></span> <span class='ocrx_word' id='word_1_291' title='bbox 511 3033 563 3094; x_wconf 85' lang='lat' dir='ltr'><strong>tuli</strong></span> <span class='ocrx_word' id='word_1_292' title='bbox 572 3032 686 3091; x_wconf 89' lang='lat' dir='ltr'><strong>habitas</strong></span> <span class='ocrx_word' id='word_1_293' title='bbox 699 3050 717 3089; x_wconf 87' lang='lat' dir='ltr'><strong>a</strong></span> <span class='ocrx_word' id='word_1_294' title='bbox 732 3029 899 3091; x_wconf 79' lang='lat' dir='ltr'><strong>Sadducaeis</strong></span> <span class='ocrx_word' id='word_1_295' title='bbox 912 3031 1021 3092; x_wconf 81' lang='lat' dir='ltr'><strong>Christi</strong></span> <span class='ocrx_word' id='word_1_296' title='bbox 1033 3031 1166 3091; x_wconf 88' lang='lat' dir='ltr'><strong>hostibus</strong></span> <span class='ocrx_word' id='word_1_297' title='bbox 1179 3031 1215 3091; x_wconf 88' lang='lat' dir='ltr'><strong>ds</strong></span> <span class='ocrx_word' id='word_1_298' title='bbox 1229 3031 1306 3091; x_wconf 89' lang='lat' dir='ltr'><strong>facto</strong></span> <span class='ocrx_word' id='word_1_299' title='bbox 1316 3053 1375 3110; x_wconf 90' lang='lat' dir='ltr'><strong>qua</strong></span> <span class='ocrx_word' id='word_1_300' title='bbox 1385 3033 1468 3109; x_wconf 83' lang='lat' dir='ltr'><strong>tales,</strong></span> 
     </span>
     <span class='ocr_line' id='line_1_33' title="bbox 263 3111 1469 3196; baseline -0.003 -20"><span class='ocrx_word' id='word_1_301' title='bbox 263 3119 322 3178; x_wconf 93' lang='lat' dir='ltr'><strong>imo</strong></span> <span class='ocrx_word' id='word_1_302' title='bbox 335 3118 401 3178; x_wconf 87' lang='lat' dir='ltr'><strong>ideo</strong></span> <span class='ocrx_word' id='word_1_303' title='bbox 415 3126 527 3177; x_wconf 85' lang='lat' dir='ltr'><strong>tantum</strong></span> <span class='ocrx_word' id='word_1_304' title='bbox 541 3112 674 3196; x_wconf 57' lang='lat' dir='ltr'><strong>murima</strong></span> <span class='ocrx_word' id='word_1_305' title='bbox 688 3120 764 3187; x_wconf 87' lang='lat' dir='ltr'><strong>sunt,</strong></span> <span class='ocrx_word' id='word_1_306' title='bbox 779 3111 848 3188; x_wconf 93' lang='lat' dir='ltr'><strong>quia</strong></span> <span class='ocrx_word' id='word_1_307' title='bbox 860 3111 1005 3171; x_wconf 85' lang='lat' dir='ltr'><strong>habebant</strong></span> <span class='ocrx_word' id='word_1_308' title='bbox 1019 3111 1235 3171; x_wconf 89' lang='lat' dir='ltr'><strong>fundamentum</strong></span> <span class='ocrx_word' id='word_1_309' title='bbox 1244 3112 1274 3170; x_wconf 90' lang='lat' dir='ltr'><strong>in</strong></span> <span class='ocrx_word' id='word_1_310' title='bbox 1285 3111 1364 3172; x_wconf 88' lang='lat' dir='ltr'><strong>dicto</strong></span> <span class='ocrx_word' id='word_1_311' title='bbox 1375 3113 1469 3172; x_wconf 84' lang='lat' dir='ltr'><strong>Mesia</strong></span> 
     </span>
     <span class='ocr_line' id='line_1_34' title="bbox 263 3190 1468 3273; baseline -0.002 -17"><span class='ocrx_word' id='word_1_312' title='bbox 263 3217 281 3256; x_wconf 89' lang='lat' dir='ltr'><strong>a</strong></span> <span class='ocrx_word' id='word_1_313' title='bbox 296 3198 410 3258; x_wconf 88' lang='lat' dir='ltr'><strong>Christo</strong></span> <span class='ocrx_word' id='word_1_314' title='bbox 424 3197 568 3273; x_wconf 88' lang='lat' dir='ltr'><strong>allegato..</strong></span> <span class='ocrx_word' id='word_1_315' title='bbox 601 3193 705 3270; x_wconf 84' lang='lat' dir='ltr'><strong>Itaque</strong></span> <span class='ocrx_word' id='word_1_316' title='bbox 718 3200 751 3251; x_wconf 92' lang='lat' dir='ltr'><strong>ut</strong></span> <span class='ocrx_word' id='word_1_317' title='bbox 764 3191 838 3250; x_wconf 86' lang='lat' dir='ltr'><strong>tales</strong></span> <span class='ocrx_word' id='word_1_318' title='bbox 850 3190 888 3250; x_wconf 88' lang='lat' dir='ltr'><strong>ab</strong></span> <span class='ocrx_word' id='word_1_319' title='bbox 902 3191 960 3250; x_wconf 91' lang='lat' dir='ltr'><strong>illis</strong></span> <span class='ocrx_word' id='word_1_320' title='bbox 973 3191 1229 3270; x_wconf 82' lang='lat' dir='ltr'><strong>cognoscebantur,</strong></span> <span class='ocrx_word' id='word_1_321' title='bbox 1240 3201 1273 3252; x_wconf 91' lang='lat' dir='ltr'><strong>ut</strong></span> <span class='ocrx_word' id='word_1_322' title='bbox 1283 3191 1358 3251; x_wconf 88' lang='lat' dir='ltr'><strong>ratio</strong></span> <span class='ocrx_word' id='word_1_323' title='bbox 1368 3192 1468 3254; x_wconf 85' lang='lat' dir='ltr'><strong>habita</strong></span> 
     </span>
     <span class='ocr_line' id='line_1_35' title="bbox 262 3269 1391 3368; baseline -0.005 -32"><span class='ocrx_word' id='word_1_324' title='bbox 262 3275 351 3336; x_wconf 69' lang='lat' dir='ltr'><strong>tacut</strong></span> <span class='ocrx_word' id='word_1_325' title='bbox 364 3277 514 3350; x_wconf 87' lang='lat' dir='ltr'><strong>dictorum,</strong></span> <span class='ocrx_word' id='word_1_326' title='bbox 530 3291 589 3332; x_wconf 90' lang='lat' dir='ltr'><strong>rron</strong></span> <span class='ocrx_word' id='word_1_327' title='bbox 600 3269 734 3330; x_wconf 87' lang='lat' dir='ltr'><strong>dicentis.</strong></span> <span class='ocrx_word' id='word_1_328' title='bbox 1358 3352 1391 3368; x_wconf 90' lang='lat'><strong>..</strong></span> 
     </span>
     <span class='ocr_line' id='line_1_36' title="bbox 284 3349 1466 3522; baseline 0.003 -34"><span class='ocrx_word' id='word_1_329' title='bbox 284 3417 491 3522; x_wconf 56' lang='grc' dir='ltr'><strong>ψ</strong></span> <span class='ocrx_word' id='word_1_330' title='bbox 523 3349 1001 3506; x_wconf 63' lang='lat' dir='ltr'><strong>tit-rattruut</strong></span> <span class='ocrx_word' id='word_1_331' title='bbox 1012 3349 1467 3508; x_wconf 50' lang='lat' dir='ltr'><strong>aarum</strong></span> 
     </span>
     <span class='ocr_line' id='line_1_37' title="bbox 524 3506 1471 3592; baseline 0.005 -24"><span class='ocrx_word' id='word_1_332' title='bbox 524 3508 574 3568; x_wconf 71' lang='lat' dir='ltr'><strong>sed</strong></span> <span class='ocrx_word' id='word_1_333' title='bbox 598 3516 631 3566; x_wconf 83' lang='lat' dir='ltr'><strong>ut</strong></span> <span class='ocrx_word' id='word_1_334' title='bbox 652 3506 758 3565; x_wconf 80' lang='lat' dir='ltr'><strong>ibidem</strong></span> <span class='ocrx_word' id='word_1_335' title='bbox 779 3507 821 3566; x_wconf 86' lang='lat' dir='ltr'><strong>ait</strong></span> <span class='ocrx_word' id='word_1_336' title='bbox 841 3514 960 3588; x_wconf 63' lang='grc' dir='ltr'><strong>λογισμοὶ</strong></span> <span class='ocrx_word' id='word_1_337' title='bbox 980 3509 1128 3592; x_wconf 64' lang='lat' dir='ltr'><strong>Irarga&#39;paru</strong></span> <span class='ocrx_word' id='word_1_338' title='bbox 1148 3514 1217 3570; x_wconf 69' lang='lat' dir='ltr'><strong>md</strong></span> <span class='ocrx_word' id='word_1_339' title='bbox 1231 3515 1274 3579; x_wconf 67' lang='grc' dir='ltr'><strong>τῆς</strong></span> <span class='ocrx_word' id='word_1_340' title='bbox 1294 3511 1406 3584; x_wconf 66' lang='lat' dir='ltr'><strong>psoium</strong></span> <span class='ocrx_word' id='word_1_341' title='bbox 1426 3521 1471 3573; x_wconf 69' lang='lat' dir='ltr'><strong>cot</strong></span> 
     </span>
     <span class='ocr_line' id='line_1_38' title="bbox 263 3586 1470 3670; baseline 0.001 -20"><span class='ocrx_word' id='word_1_342' title='bbox 263 3595 336 3658; x_wconf 69' lang='grc' dir='ltr'><strong>Θιοΰ,</strong></span> <span class='ocrx_word' id='word_1_343' title='bbox 351 3598 544 3666; x_wconf 69' lang='lat' dir='ltr'><strong>appropriantes</strong></span> <span class='ocrx_word' id='word_1_344' title='bbox 557 3586 667 3647; x_wconf 89' lang='lat' dir='ltr'><strong>scilieet</strong></span> <span class='ocrx_word' id='word_1_345' title='bbox 679 3605 738 3646; x_wconf 90' lang='lat' dir='ltr'><strong>non</strong></span> <span class='ocrx_word' id='word_1_346' title='bbox 751 3587 929 3666; x_wconf 86' lang='lat' dir='ltr'><strong>ancillantes,</strong></span> <span class='ocrx_word' id='word_1_347' title='bbox 964 3610 1010 3650; x_wconf 78' lang='lat' dir='ltr'><strong>use</strong></span> <span class='ocrx_word' id='word_1_348' title='bbox 1024 3600 1207 3670; x_wconf 88' lang='lat' dir='ltr'><strong>opponuntur</strong></span> <span class='ocrx_word' id='word_1_349' title='bbox 1221 3591 1394 3669; x_wconf 83' lang='lat' dir='ltr'><strong>Evangelio,</strong></span> <span class='ocrx_word' id='word_1_350' title='bbox 1410 3613 1470 3651; x_wconf 91' lang='lat' dir='ltr'><strong>non</strong></span> 
     </span>
     <span class='ocr_line' id='line_1_39' title="bbox 261 3666 1469 3751; baseline 0.001 -20"><span class='ocrx_word' id='word_1_351' title='bbox 261 3690 327 3751; x_wconf 77' lang='lat' dir='ltr'><strong>qua</strong></span> <span class='ocrx_word' id='word_1_352' title='bbox 340 3669 384 3729; x_wconf 92' lang='lat' dir='ltr'><strong>illi</strong></span> <span class='ocrx_word' id='word_1_353' title='bbox 398 3668 601 3729; x_wconf 87' lang='lat' dir='ltr'><strong>subserviunt:</strong></span> <span class='ocrx_word' id='word_1_354' title='bbox 623 3666 687 3726; x_wconf 78' lang='lat' dir='ltr'>111ae</span> <span class='ocrx_word' id='word_1_355' title='bbox 695 3667 798 3727; x_wconf 89' lang='lat' dir='ltr'><strong>merito</strong></span> <span class='ocrx_word' id='word_1_356' title='bbox 805 3667 942 3730; x_wconf 90' lang='lat' dir='ltr'><strong>destruen</strong></span> <span class='ocrx_word' id='word_1_357' title='bbox 998 3679 1073 3747; x_wconf 85' lang='lat' dir='ltr'><strong>sunt,</strong></span> <span class='ocrx_word' id='word_1_358' title='bbox 1089 3671 1157 3749; x_wconf 87' lang='lat' dir='ltr'><strong>quia</strong></span> <span class='ocrx_word' id='word_1_359' title='bbox 1170 3669 1307 3730; x_wconf 65' lang='lat' dir='ltr'><strong>tabum</strong></span> <span class='ocrx_word' id='word_1_360' title='bbox 1318 3691 1385 3732; x_wconf 90' lang='lat' dir='ltr'><strong>cunr</strong></span> <span class='ocrx_word' id='word_1_361' title='bbox 1395 3672 1469 3750; x_wconf 84' lang='lat' dir='ltr'><strong>fide;</strong></span> 
     </span>
     <span class='ocr_line' id='line_1_40' title="bbox 261 3747 1470 3829; baseline 0 -18"><span class='ocrx_word' id='word_1_362' title='bbox 261 3751 314 3812; x_wconf 89' lang='lat' dir='ltr'><strong>sed</strong></span> <span class='ocrx_word' id='word_1_363' title='bbox 327 3769 386 3809; x_wconf 92' lang='lat' dir='ltr'><strong>non</strong></span> <span class='ocrx_word' id='word_1_364' title='bbox 399 3748 506 3828; x_wconf 83' lang='lat' dir='ltr'><strong>pariter·</strong></span> <span class='ocrx_word' id='word_1_365' title='bbox 518 3747 656 3826; x_wconf 72' lang='lat' dir='ltr'><strong>legitima</strong></span> <span class='ocrx_word' id='word_1_366' title='bbox 666 3747 906 3826; x_wconf 79' lang='lat' dir='ltr'><strong>ratiocinationes,</strong></span> <span class='ocrx_word' id='word_1_367' title='bbox 918 3769 984 3826; x_wconf 90' lang='lat' dir='ltr'><strong>quse</strong></span> <span class='ocrx_word' id='word_1_368' title='bbox 998 3751 1191 3829; x_wconf 87' lang='lat' dir='ltr'><strong>subjiciuntur</strong></span> <span class='ocrx_word' id='word_1_369' title='bbox 1199 3751 1379 3827; x_wconf 90' lang='lat' dir='ltr'><strong>revelationi,</strong></span> <span class='ocrx_word' id='word_1_370' title='bbox 1390 3760 1422 3811; x_wconf 86' lang='lat' dir='ltr'><strong>et</strong></span> <span class='ocrx_word' id='word_1_371' title='bbox 1431 3751 1470 3810; x_wconf 87' lang='lat' dir='ltr'><strong>ad</strong></span> 
     </span>
     <span class='ocr_line' id='line_1_41' title="bbox 260 3826 1366 3908; baseline -0.001 -17"><span class='ocrx_word' id='word_1_372' title='bbox 260 3831 341 3891; x_wconf 89' lang='lat' dir='ltr'><strong>illam</strong></span> <span class='ocrx_word' id='word_1_373' title='bbox 355 3827 558 3908; x_wconf 84' lang='lat' dir='ltr'><strong>explicandam</strong></span> <span class='ocrx_word' id='word_1_374' title='bbox 572 3826 814 3906; x_wconf 88' lang='lat' dir='ltr'><strong>etapplicsudsm</strong></span> <span class='ocrx_word' id='word_1_375' title='bbox 827 3837 905 3890; x_wconf 86' lang='lat' dir='ltr'><strong>recte</strong></span> <span class='ocrx_word' id='word_1_376' title='bbox 919 3839 1101 3908; x_wconf 86' lang='lat' dir='ltr'><strong>usurpantur.</strong></span> <span class='ocrx_word' id='word_1_377' title='bbox 1364 3859 1366 3864; x_wconf 49' lang='lat'><strong><em>¹</em></strong></span> 
     </span>
    </p>

    <p class='ocr_par' dir='ltr' id='par_1_16' title="bbox 259 3907 1469 4223">
     <span class='ocr_line' id='line_1_42' title="bbox 302 3907 1469 3987; baseline 0 -17"><span class='ocrx_word' id='word_1_378' title='bbox 302 3910 381 3971; x_wconf 86' lang='lat' dir='ltr'>XII.</span> <span class='ocrx_word' id='word_1_379' title='bbox 402 3907 495 3968; x_wconf 83' lang='lat' dir='ltr'><strong>Aliud</strong></span> <span class='ocrx_word' id='word_1_380' title='bbox 505 3916 550 3968; x_wconf 88' lang='lat' dir='ltr'><strong>est</strong></span> <span class='ocrx_word' id='word_1_381' title='bbox 556 3910 774 3984; x_wconf 76' lang='lat' dir='ltr'><strong>fiandumeatam</strong></span> <span class='ocrx_word' id='word_1_382' title='bbox 784 3927 842 3986; x_wconf 90' lang='lat' dir='ltr'><strong>quo</strong></span> <span class='ocrx_word' id='word_1_383' title='bbox 852 3927 899 3968; x_wconf 91' lang='lat' dir='ltr'><strong>res</strong></span> <span class='ocrx_word' id='word_1_384' title='bbox 909 3909 1006 3987; x_wconf 86' lang='lat' dir='ltr'><strong>aliqua</strong></span> <span class='ocrx_word' id='word_1_385' title='bbox 1016 3910 1135 3986; x_wconf 87' lang='lat' dir='ltr'><strong>nititur;</strong></span> <span class='ocrx_word' id='word_1_386' title='bbox 1151 3909 1243 3970; x_wconf 83' lang='lat' dir='ltr'><strong>Aliud</strong></span> <span class='ocrx_word' id='word_1_387' title='bbox 1253 3911 1469 3970; x_wconf 62' lang='lat' dir='ltr'><strong>innumeram</strong></span> 
     </span>
     <span class='ocr_line' id='line_1_43' title="bbox 261 3987 1467 4071; baseline -0.001 -20"><span class='ocrx_word' id='word_1_388' title='bbox 261 4009 319 4071; x_wconf 90' lang='lat' dir='ltr'><strong>quo</strong></span> <span class='ocrx_word' id='word_1_389' title='bbox 333 3989 441 4052; x_wconf 88' lang='lat' dir='ltr'><strong>utimur</strong></span> <span class='ocrx_word' id='word_1_390' title='bbox 454 3988 492 4047; x_wconf 89' lang='lat' dir='ltr'><strong>ad</strong></span> <span class='ocrx_word' id='word_1_391' title='bbox 504 3987 546 4048; x_wconf 87' lang='lat' dir='ltr'><strong>rei</strong></span> <span class='ocrx_word' id='word_1_392' title='bbox 559 3987 644 4047; x_wconf 88' lang='lat' dir='ltr'><strong>istius</strong></span> <span class='ocrx_word' id='word_1_393' title='bbox 657 3987 861 4065; x_wconf 90' lang='lat' dir='ltr'><strong>cognitionem.</strong></span> <span class='ocrx_word' id='word_1_394' title='bbox 902 3987 988 4064; x_wconf 84' lang='lat' dir='ltr'><strong>Quod</strong></span> <span class='ocrx_word' id='word_1_395' title='bbox 1007 3989 1095 4050; x_wconf 89' lang='lat' dir='ltr'><strong>habet</strong></span> <span class='ocrx_word' id='word_1_396' title='bbox 1113 3989 1331 4051; x_wconf 87' lang='lat' dir='ltr'><strong>fundumentum</strong></span> <span class='ocrx_word' id='word_1_397' title='bbox 1344 3988 1467 4050; x_wconf 86' lang='lat' dir='ltr'><strong>fallibile</strong></span> 
     </span>
     <span class='ocr_line' id='line_1_44' title="bbox 259 4065 1467 4148; baseline -0.001 -18"><span class='ocrx_word' id='word_1_398' title='bbox 259 4091 319 4130; x_wconf 90' lang='lat' dir='ltr'><strong>non</strong></span> <span class='ocrx_word' id='word_1_399' title='bbox 332 4079 428 4148; x_wconf 84' lang='lat' dir='ltr'><strong>potest</strong></span> <span class='ocrx_word' id='word_1_400' title='bbox 441 4087 504 4130; x_wconf 86' lang='lat' dir='ltr'><strong>esse</strong></span> <span class='ocrx_word' id='word_1_401' title='bbox 514 4066 675 4148; x_wconf 73' lang='lat' dir='ltr'><strong>infallibile‚</strong></span> <span class='ocrx_word' id='word_1_402' title='bbox 690 4067 758 4144; x_wconf 90' lang='lat' dir='ltr'><strong>quia</strong></span> <span class='ocrx_word' id='word_1_403' title='bbox 771 4065 890 4128; x_wconf 84' lang='lat' dir='ltr'><strong>effectus</strong></span> <span class='ocrx_word' id='word_1_404' title='bbox 903 4087 961 4128; x_wconf 89' lang='lat' dir='ltr'><strong>nou</strong></span> <span class='ocrx_word' id='word_1_405' title='bbox 975 4076 1144 4146; x_wconf 85' lang='lat' dir='ltr'><strong>potestesse</strong></span> <span class='ocrx_word' id='word_1_406' title='bbox 1155 4069 1467 4147; x_wconf 78' lang='lat' dir='ltr'><strong>nobiliortotogenere</strong></span> 
     </span>
     <span class='ocr_line' id='line_1_45' title="bbox 260 4143 1332 4223; baseline -0.001 -14"><span class='ocrx_word' id='word_1_407' title='bbox 260 4169 347 4210; x_wconf 89' lang='lat' dir='ltr'><strong>eausa</strong></span> <span class='ocrx_word' id='word_1_408' title='bbox 360 4167 429 4210; x_wconf 88' lang='lat' dir='ltr'><strong>sua:</strong></span> <span class='ocrx_word' id='word_1_409' title='bbox 451 4147 503 4208; x_wconf 87' lang='lat' dir='ltr'><strong>sed</strong></span> <span class='ocrx_word' id='word_1_410' title='bbox 516 4147 590 4208; x_wconf 88' lang='lat' dir='ltr'><strong>ratio</strong></span> <span class='ocrx_word' id='word_1_411' title='bbox 603 4143 723 4207; x_wconf 83' lang='lat' dir='ltr'><strong>hicnon</strong></span> <span class='ocrx_word' id='word_1_412' title='bbox 736 4155 781 4208; x_wconf 88' lang='lat' dir='ltr'><strong>est</strong></span> <span class='ocrx_word' id='word_1_413' title='bbox 794 4145 1020 4223; x_wconf 82' lang='lat' dir='ltr'><strong>fundamentum,</strong></span> <span class='ocrx_word' id='word_1_414' title='bbox 1036 4147 1089 4207; x_wconf 86' lang='lat' dir='ltr'><strong>ead</strong></span> <span class='ocrx_word' id='word_1_415' title='bbox 1101 4149 1332 4209; x_wconf 89' lang='lat' dir='ltr'><strong>instrumentum.</strong></span> 
     </span>
    </p>

    <p class='ocr_par' dir='ltr' id='par_1_17' title="bbox 252 4226 1468 4705">
     <span class='ocr_line' id='line_1_46' title="bbox 301 4226 1468 4322; baseline 0.001 -37"><span class='ocrx_word' id='word_1_416' title='bbox 301 4227 396 4286; x_wconf 86' lang='lat' dir='ltr'>XIII.</span> <span class='ocrx_word' id='word_1_417' title='bbox 409 4228 492 4320; x_wconf 78' lang='lat' dir='ltr'><strong>Licet</strong></span> <span class='ocrx_word' id='word_1_418' title='bbox 505 4227 669 4287; x_wconf 85' lang='lat' dir='ltr'><strong>intellectus</strong></span> <span class='ocrx_word' id='word_1_419' title='bbox 677 4227 727 4319; x_wconf 79' lang='lat' dir='ltr'><strong>qui</strong></span> <span class='ocrx_word' id='word_1_420' title='bbox 736 4226 814 4286; x_wconf 88' lang='lat' dir='ltr'><strong>elicit</strong></span> <span class='ocrx_word' id='word_1_421' title='bbox 823 4227 1049 4320; x_wconf 44' lang='lat' dir='ltr'><strong>consequentias·</strong></span> <span class='ocrx_word' id='word_1_422' title='bbox 1057 4227 1095 4287; x_wconf 88' lang='lat' dir='ltr'><strong>sit</strong></span> <span class='ocrx_word' id='word_1_423' title='bbox 1108 4227 1250 4305; x_wconf 80' lang='lat' dir='ltr'><strong>lallibilis;</strong></span> <span class='ocrx_word' id='word_1_424' title='bbox 1261 4247 1320 4286; x_wconf 90' lang='lat' dir='ltr'><strong>non</strong></span> <span class='ocrx_word' id='word_1_425' title='bbox 1335 4227 1468 4322; x_wconf 76' lang='lat' dir='ltr'><strong>sequitur</strong></span> 
     </span>
     <span class='ocr_line' id='line_1_47' title="bbox 259 4305 1467 4465; baseline -0.001 -18"><span class='ocrx_word' id='word_1_426' title='bbox 259 4305 853 4464; x_wconf 47' lang='lat' dir='ltr'><strong>tbttttnhttlhtt‘tttttr,</strong></span> <span class='ocrx_word' id='word_1_427' title='bbox 870 4305 1467 4465; x_wconf 60' lang='lat' dir='ltr'><strong>illitattdttttlttttttti</strong></span> 
     </span>
     <span class='ocr_line' id='line_1_48' title="bbox 252 4463 1467 4544; baseline -0.001 -18"><span class='ocrx_word' id='word_1_428' title='bbox 252 4475 304 4527; x_wconf 85' lang='lat' dir='ltr'><strong>est</strong></span> <span class='ocrx_word' id='word_1_429' title='bbox 317 4481 368 4540; x_wconf 91' lang='lat' dir='ltr'><strong>per</strong></span> <span class='ocrx_word' id='word_1_430' title='bbox 382 4481 412 4521; x_wconf 90' lang='lat' dir='ltr'><strong>se</strong></span> <span class='ocrx_word' id='word_1_431' title='bbox 427 4471 457 4521; x_wconf 88' lang='lat' dir='ltr'><strong>et</strong></span> <span class='ocrx_word' id='word_1_432' title='bbox 477 4475 537 4520; x_wconf 86' lang='lat' dir='ltr'><strong>senr</strong></span> <span class='ocrx_word' id='word_1_433' title='bbox 574 4484 590 4522; x_wconf 92' lang='lat' dir='ltr'><strong>r</strong></span> <span class='ocrx_word' id='word_1_434' title='bbox 602 4463 731 4523; x_wconf 88' lang='lat' dir='ltr'><strong>fallibilis</strong></span> <span class='ocrx_word' id='word_1_435' title='bbox 745 4465 776 4522; x_wconf 90' lang='lat' dir='ltr'><strong>in</strong></span> <span class='ocrx_word' id='word_1_436' title='bbox 784 4464 917 4524; x_wconf 88' lang='lat' dir='ltr'><strong>omnibus</strong></span> <span class='ocrx_word' id='word_1_437' title='bbox 926 4465 1148 4543; x_wconf 84' lang='lat' dir='ltr'><strong>operationibus,</strong></span> <span class='ocrx_word' id='word_1_438' title='bbox 1162 4485 1221 4526; x_wconf 91' lang='lat' dir='ltr'><strong>non</strong></span> <span class='ocrx_word' id='word_1_439' title='bbox 1233 4473 1330 4544; x_wconf 85' lang='lat' dir='ltr'><strong>potest</strong></span> <span class='ocrx_word' id='word_1_440' title='bbox 1343 4465 1467 4525; x_wconf 72' lang='lat' dir='ltr'><strong>fundm</strong></span> 
     </span>
     <span class='ocr_line' id='line_1_49' title="bbox 257 4539 1468 4622; baseline -0.002 -16"><span class='ocrx_word' id='word_1_441' title='bbox 257 4541 459 4607; x_wconf 82' lang='lat' dir='ltr'><strong>certitudinem</strong></span> <span class='ocrx_word' id='word_1_442' title='bbox 479 4539 525 4599; x_wconf 82' lang='lat' dir='ltr'><strong>inl</strong></span> <span class='ocrx_word' id='word_1_443' title='bbox 561 4542 677 4603; x_wconf 85' lang='lat' dir='ltr'><strong>ibilem:</strong></span> <span class='ocrx_word' id='word_1_444' title='bbox 699 4542 750 4602; x_wconf 77' lang='lat' dir='ltr'><strong>aad</strong></span> <span class='ocrx_word' id='word_1_445' title='bbox 770 4543 934 4604; x_wconf 85' lang='lat' dir='ltr'><strong>intellectus</strong></span> <span class='ocrx_word' id='word_1_446' title='bbox 954 4543 1021 4604; x_wconf 84' lang='lat' dir='ltr'><strong>talis</strong></span> <span class='ocrx_word' id='word_1_447' title='bbox 1034 4565 1093 4604; x_wconf 89' lang='lat' dir='ltr'><strong>non</strong></span> <span class='ocrx_word' id='word_1_448' title='bbox 1106 4554 1159 4621; x_wconf 88' lang='lat' dir='ltr'><strong>est,</strong></span> <span class='ocrx_word' id='word_1_449' title='bbox 1181 4545 1250 4622; x_wconf 88' lang='lat' dir='ltr'><strong>quia</strong></span> <span class='ocrx_word' id='word_1_450' title='bbox 1269 4544 1400 4604; x_wconf 84' lang='lat' dir='ltr'><strong>lallibilis</strong></span> <span class='ocrx_word' id='word_1_451' title='bbox 1421 4555 1468 4604; x_wconf 87' lang='lat' dir='ltr'><strong>ast</strong></span> 
     </span>
     <span class='ocr_line' id='line_1_50' title="bbox 258 4619 1466 4705; baseline -0.002 -18"><span class='ocrx_word' id='word_1_452' title='bbox 258 4645 316 4692; x_wconf 83' lang='lat' dir='ltr'><strong>aon</strong></span> <span class='ocrx_word' id='word_1_453' title='bbox 329 4639 381 4705; x_wconf 85' lang='lat' dir='ltr'><strong>per</strong></span> <span class='ocrx_word' id='word_1_454' title='bbox 395 4639 434 4700; x_wconf 84' lang='lat' dir='ltr'><strong>se,</strong></span> <span class='ocrx_word' id='word_1_455' title='bbox 450 4619 502 4682; x_wconf 87' lang='lat' dir='ltr'><strong>sed</strong></span> <span class='ocrx_word' id='word_1_456' title='bbox 514 4640 566 4702; x_wconf 84' lang='lat' dir='ltr'><strong>per</strong></span> <span class='ocrx_word' id='word_1_457' title='bbox 586 4621 728 4698; x_wconf 83' lang='lat' dir='ltr'><strong>accidens,</strong></span> <span class='ocrx_word' id='word_1_458' title='bbox 750 4641 803 4684; x_wconf 90' lang='lat' dir='ltr'><strong>nee</strong></span> <span class='ocrx_word' id='word_1_459' title='bbox 817 4623 847 4682; x_wconf 93' lang='lat' dir='ltr'><strong>in</strong></span> <span class='ocrx_word' id='word_1_460' title='bbox 861 4625 1002 4701; x_wconf 85' lang='lat' dir='ltr'><strong>omnibus,</strong></span> <span class='ocrx_word' id='word_1_461' title='bbox 1025 4623 1120 4684; x_wconf 88' lang='lat' dir='ltr'><strong>sedin</strong></span> <span class='ocrx_word' id='word_1_462' title='bbox 1140 4623 1313 4702; x_wconf 85' lang='lat' dir='ltr'><strong>quibusdam</strong></span> <span class='ocrx_word' id='word_1_463' title='bbox 1332 4633 1466 4701; x_wconf 75' lang='lat' dir='ltr'><strong>tantum3</strong></span> 
     </span>
    </p>
   </div>
   <div class='ocr_carea' id='block_1_11' title="bbox 0 0 1584 5190">
    <p class='ocr_par' dir='ltr' id='par_1_18' title="bbox 0 0 1584 5190">
     <span class='ocr_line' id='line_1_51' title="bbox 0 0 1584 5190; baseline 0 0"><span class='ocrx_word' id='word_1_464' title='bbox 0 0 1584 5190; x_wconf 95' lang='lat' dir='ltr'><strong> </strong></span> 
     </span>
    </p>
   </div>
  </div>
 </body>
</html>
