3158 5190
258 347 296 404 71
726 365 817 408 cocus
832 363 991 408 sumanus.
1289 334 1419 424 [onear.
1434 364 1471 404 v.

257 503 386 564 omnium
400 511 496 563 mmcn
510 524 545 563 ea
558 514 603 565 est
617 505 777 581 sententia3
797 523 852 566 neo
865 504 971 565 desunt
984 501 1058 563 varii
1080 501 1290 562 conciliationis
1308 503 1399 578 modi,
1414 505 1471 580 qui

257 584 366 644 nodum
379 583 528 643 commode
542 585 668 644 solvunt.
710 585 844 661 Quidam,
853 584 998 646 utJuniue
1011 593 1041 643 ct
1052 583 1216 642 trementes
1229 583 1322 642 secuti
1338 583 1375 641 R.
1391 583 1471 642 Levi

257 663 315 724 ben
329 665 451 739 Gerson,
461 664 565 724 volunt
577 664 608 723 in
622 665 696 723 libro
711 665 826 744 Regum
840 664 966 725 enarrari
976 683 1077 723 verum
1092 663 1186 722 enus
1195 662 1335 722 Acbaziae
1346 681 1469 740 annum,

258 763 316 820 quo
330 743 418 820 coepit
431 763 560 820 regnare,
575 754 605 804 et
618 744 799 804 durationem
812 745 904 823 ipsius
917 745 1002 804 vite:
1024 744 1054 800 in
1068 742 1098 801 li.
1111 743 1216 802 Chron.
1227 761 1298 802 vero
1309 761 1368 802 non
1378 742 1469 802 dura·

257 823 367 882 tionem
380 822 472 900 ipsius
482 824 559 899 vita,
575 825 627 884 scd
640 834 776 884 materne
790 825 906 884 familia
918 823 1006 898 Omri,
1022 843 1060 882 ex
1070 841 1129 900 quo
1142 841 1263 899 regnare
1272 822 1470 900 crepitusque

258 901 296 960 ad
310 902 374 979 ejus
387 901 483 978 finem,
499 904 549 981 qui
563 904 618 963 hoc
632 905 696 982 ipso
709 925 785 964 enno
799 904 958 964 clarissimo
973 902 1029 961 Dei
1040 901 1151 980 judicio
1165 901 1305 978 contigit;
1327 902 1366 960 cb
1380 903 1470 980 cujus

257 980 382 1059 insignis
396 982 526 1042 miraculi
547 985 712 1043 memoriam
727 985 856 1044 calculus
876 984 924 1042 hic
938 982 1075 1041 Achaziae
1089 982 1215 1041 tributus
1228 991 1281 1056 est,
1297 982 1349 1058 qui
1363 981 1468 1041 eodem

259 1079 344 1136 anno,
360 1081 426 1120 cum
440 1071 544 1124 caetera
558 1063 673 1123 Achabi
687 1074 716 1124 et
731 1065 810 1124 Omri
824 1063 933 1122 familie
950 1061 1048 1140 gladio
1062 1062 1143 1122 Jehu
1156 1061 1289 1120 sublatus
1303 1070 1367 1121 est:
1388 1061 1469 1120 Nam

260 1139 340 1200 Omri
361 1142 495 1218 regnavit
515 1146 533 1202 6
555 1144 638 1204 annis
659 1142 689 1202 in
707 1144 804 1219 Israel,
823 1147 836 1202 1
856 1145 929 1220 lieg.
944 1142 1005 1200 xvi.
1021 1145 1069 1202 23.
1110 1140 1215 1199 Achab
1236 1140 1314 1198 filius
1328 1142 1394 1218 ejus
1415 1145 1467 1218 22,

259 1220 351 1296 annis,
370 1223 384 1278 1
402 1221 475 1299 Reg.
491 1223 551 1280 xvi.
569 1225 615 1282 19.
658 1223 789 1282 Acbazia
803 1223 917 1282 Achubi
931 1222 1009 1282 filins
1023 1226 1042 1280 2
1056 1221 1148 1297 annis,
1164 1221 1267 1280 Joram
1284 1220 1374 1298 hujus
1386 1221 1470 1280 lilius
1562 1231 1563 1276 l

262 1302 299 1358 12
322 1301 414 1376 annis,
437 1301 487 1379 qui
511 1302 598 1361 simul
622 1303 736 1362 collecti
758 1303 868 1363 faciunt
889 1317 1040 1362 numerum
1061 1304 1110 1358 42.
1131 1299 1244 1360 Jommi
1267 1311 1366 1360 antem
1386 1301 1470 1377 regis
1562 1303 1563 1336 ³

260 1379 351 1438 Israel
370 1400 446 1439 anno
463 1384 508 1456 12,
531 1401 652 1460 regnare
674 1384 760 1460 coepit
782 1383 830 1442 hic
851 1382 981 1442 Achazia
1002 1381 1069 1440 Rex
1089 1379 1186 1454 Judae,
1208 1379 1317 1457 2Reg.
1333 1379 1394 1440 viii.
1416 1384 1467 1440 25.

259 1457 316 1533 Qui
336 1457 366 1516 in
380 1480 416 1519 ea
429 1471 497 1520 sunt
511 1463 653 1521 sententia
666 1464 769 1522 volunt
783 1462 980 1541 trajectionem
994 1479 1058 1519 esse
1072 1459 1102 1518 in
1116 1459 1213 1518 verbis
1227 1479 1256 1517 v.
1273 1462 1299 1535 l,
1316 1467 1349 1519 ut
1363 1459 1405 1518 sic
1421 1461 1466 1518 in·

259 1547 417 1615 vertantur,
441 1541 528 1616 Cujus
548 1543 637 1600 matri
657 1563 756 1601 nomen
769 1542 887 1602 Astatia
908 1551 979 1601 nata
1004 1540 1087 1601 Omrr'
1107 1537 1159 1610 (id.
1182 1539 1286 1616 neptis,
1309 1547 1382 1616 puta
1403 1539 1470 1599 filia

259 1616 375 1677 Achabi
393 1620 474 1679 Omni
493 1619 558 1701 filii)
573 1622 681 1698 apennis
694 1623 942 1699 qcmdrcpen'rnum
954 1623 1105 1680 secundm
1118 1639 1224 1678 annum
1237 1639 1324 1695 quum
1337 1620 1468 1680 setam

257 1709 399 1775 regnaret.
441 1699 516 1774 Quia
535 1720 605 1760 vero
626 1703 751 1760 coactior
771 1709 800 1760 et
821 1701 970 1760 obscurior
989 1699 1105 1759 videtur
1124 1699 1264 1776 trajectio,
1287 1699 1380 1758 satius
1400 1719 1468 1759 esse

257 1787 362 1856 putant
380 1779 438 1856 alii,
456 1789 489 1838 ut
505 1799 551 1838 an.
570 1784 609 1839 42
628 1781 746 1858 notatio,
769 1801 828 1840 non
844 1779 882 1839 ed
903 1779 991 1856 Omri,
1014 1779 1066 1838 sed
1086 1777 1124 1837 ed
1140 1780 1232 1856 ipsam
1247 1777 1398 1837 Athaliam
1419 1799 1466 1838 re·

259 1857 373 1934 leretur,
396 1867 426 1918 et
446 1859 488 1918 sic
508 1859 639 1938 legatum
663 1861 750 1938 Oujsn
770 1861 859 1920 mebi
876 1881 976 1920 nornen
991 1859 1110 1918 Atlaltir
1126 1868 1197 1917 ncta
1220 1859 1303 1919 Ormi
1321 1863 1466 1935 (1962342

258 1958 381 2011 annum
401 1939 470 2016 quie
480 1939 553 1998 nihil
563 1941 618 2001 erit
627 1941 706 2018 quod
716 1941 765 2000 vel
776 1940 934 2000 Achariam
945 1940 992 1998 vel
1003 1939 1086 2017 regni
1096 1937 1216 1998 Judaici
1227 1947 1335 1997 atatrrm
1345 1939 1468 2016 pmpius

258 2017 422 2095 attingeret,
441 2039 528 2096 quam
542 2029 623 2080 ortus
637 2021 764 2081 Athaliae
784 2021 918 2096 foeminea,
934 2039 992 2078 non
1009 2018 1047 2077 ad
1066 2017 1163 2077 mariti
1176 2018 1270 2076 solum
1284 2026 1314 2076 et
1328 2017 1390 2094 filii,
1412 2019 1467 2078 sed
1564 2065 1565 2096 ,

257 2097 344 2156 etiam
366 2098 404 2158 ad
425 2099 514 2158 totius
537 2099 621 2179 Reip.
643 2109 673 2160 et
694 2102 768 2179 regii
789 2101 929 2178 imprimis
951 2097 1076 2174 seminis,
1097 2097 1253 2176 perniciem
1272 2106 1359 2157 nette.
1402 2097 1468 2156 Alii

257 2177 363 2254 quibus
377 2177 476 2238 durior
489 2179 574 2239 etiem
589 2180 705 2239 videtur
718 2183 779 2240 haec
793 2179 964 2254 conciliatio,
985 2177 1074 2237 aliam
1090 2177 1209 2253 addunt,
1229 2177 1298 2236 nim.
1313 2187 1348 2237 ut
1361 2177 1467 2238 doram

257 2265 340 2334 pater
362 2257 499 2316 Achariae
521 2267 625 2334 praeter
645 2279 737 2319 annos
757 2261 840 2336 regni
861 2267 890 2319 et
904 2259 972 2318 vitre
993 2265 1230 2316 commemoratos
1250 2257 1280 2314 in
1305 2257 1465 2335 Scriptura,

257 2335 365 2394 vixerit
385 2337 480 2396 adhuc
500 2345 530 2395 et
550 2338 678 2414 regnarit
692 2338 796 2416 viffl'nti
817 2357 916 2414 annos,
938 2337 1052 2396 dicatur
1064 2356 1135 2396 vero
1148 2355 1285 2414 regnasse
1306 2345 1419 2396 tantum
1434 2341 1464 2410 8,
1565 2409 1566 2416 ¹

257 2414 341 2472 anuis
359 2431 448 2487 epira
462 2417 672 2489 infortitudine
689 2437 752 2494 nea,
775 2417 815 2476 id.
836 2417 911 2477 bene
933 2425 962 2476 et
976 2417 1116 2492 feliciter3
1138 2416 1190 2474 sed
1213 2416 1250 2476 ab
1274 2435 1309 2474 eo
1334 2425 1466 2495 tempore

256 2511 315 2569 qno
330 2490 431 2550 incidit
445 2494 476 2551 in
489 2513 592 2556 manus
604 2495 743 2571 Arabum,
759 2504 789 2557 et
799 2497 900 2557 morbo
914 2497 998 2574 gravi
1009 2503 1156 2574 correptus
1168 2495 1230 2570 fuit,
1245 2494 1283 2554 dc
1296 2515 1357 2573 quo
1367 2497 1467 2574 egitur

257 2591 283 2631 c.
298 2571 359 2630 xxi.
377 2573 423 2646 16,
441 2577 487 2648 17,
505 2576 550 2650 19,
567 2579 585 2633 2
602 2575 727 2651 Chroni,
745 2595 797 2653 per
817 2577 914 2654 plures
929 2596 1020 2636 annos
1034 2575 1128 2636 adhuc
1142 2575 1258 2651 vixerit,
1273 2575 1325 2634 sed
1340 2577 1391 2654 qni
1406 2597 1465 2636 non

256 2659 445 2710 accensentur
465 2653 556 2730 ipsius
569 2673 668 2734 regno,
684 2655 737 2714 sed
751 2655 888 2715 Achazirs
901 2656 955 2714 filii
975 2656 1006 2714 in
1024 2656 1076 2715 lib.
1092 2656 1215 2733 Regum,
1231 2655 1301 2733 quia
1321 2655 1466 2734 inglorius

256 2730 341 2806 vixit,
356 2729 433 2790 unde
447 2732 559 2791 nullum
570 2735 614 2793 sui
629 2734 803 2794 desiderium
814 2735 965 2814 reliquisse
980 2736 1093 2812 dicitur,
1109 2753 1163 2794 nec
1174 2735 1335 2813 sepulchris
1348 2737 1464 2813 Regum
1566 2741 1567 2764 ¹

256 2809 311 2870 fuit
331 2810 438 2888 illatus,
454 2816 473 2870 2
495 2812 589 2872 Paral.
610 2815 672 2873 xxi.
687 2835 716 2876 v.
730 2815 784 2875 ult.
825 2815 971 2875 Achazias
986 2835 1055 2874 vero
1075 2816 1126 2892 qui
1146 2815 1234 2892 coepit
1253 2835 1377 2892 regnam
1398 2837 1465 2876 cum

257 2889 344 2950 Patre
357 2910 433 2950 anno
447 2896 495 2967 22,
516 2902 583 2972 post
603 2903 725 2956 mortem
746 2915 821 2956 anno
843 2899 881 2954 42
903 2895 982 2955 solus
1004 2914 1125 2972 regnum
1146 2895 1225 2970 ediit,
1249 2904 1279 2954 et
1300 2914 1353 2972 per
1374 2915 1465 2955 unum

256 2989 364 3030 annum
377 2979 490 3031 tantum
503 2975 646 3052 regnavit,
662 2975 741 3054 quod
753 2983 870 3035 notetur
880 2975 910 3034 in
920 2975 971 3034 lib.
984 2975 1089 3034 Parali.
1101 2975 1173 3034 xxii.
1189 2979 1217 3034 2.
1248 2974 1296 3034 Sic
1307 2975 1466 3036 conciliant

256 3061 323 3130 post
342 3051 511 3128 Kotnctium,
532 3055 659 3132 Martyr,
686 3057 827 3132 Vctablus,
852 3057 994 3132 Lyrceus,
1020 3055 1129 3129 etalii,
1152 3074 1218 3131 qun
1241 3053 1297 3113 fuit
1319 3057 1465 3115 sententia

256 3129 427 3209 Hieronymi
445 3133 476 3191 in
496 3133 547 3192 lib.
564 3134 688 3214 Paralip.
730 3135 792 3194 Alii
813 3135 940 3196 fatentur
959 3134 1095 3193 mendum
1116 3153 1180 3193 esse
1200 3135 1231 3191 in
1250 3133 1301 3192 lib.
1318 3134 1464 3213 Paralipo.

257 3229 316 3269 non
337 3233 355 3270 a
376 3212 571 3291 scriptoribus
591 3215 680 3274 sacris
702 3216 870 3293 profectum,
893 3214 944 3274 sed
966 3214 1003 3273 eb
1024 3213 1253 3291 Excriptoribus,
1276 3214 1356 3290 quod
1379 3215 1465 3274 facile

257 3289 381 3366 irrepere
391 3292 487 3367 potuit
496 3311 595 3352 eorum
606 3295 724 3371 incuria,
737 3296 767 3353 in
777 3306 974 3376 βμχυγμφίᾳ,
985 3313 1050 3370 que
1061 3293 1091 3351 in
1101 3294 1267 3353 recensione
1278 3313 1464 3354 numemmm

258 3385 334 3458 saepe
357 3369 513 3446 obtinebat,
528 3379 562 3430 ut
585 3394 628 3448 sa,
640 3374 722 3510 puod
736 3379 774 3432 42
797 3384 887 3448 notat,
909 3375 1035 3452 positum
1057 3373 1096 3432 sit
1115 3392 1167 3450 pro
1192 3397 1230 3448 ss,
1247 3372 1326 3450 quod
1346 3377 1386 3432 22
1412 3375 1462 3433 da-

258 3455 364 3521 srgnet.
407 3447 467 3506 Sed
486 3459 595 3526 negant
608 3451 639 3509 in
659 3453 771 3529 esequi
785 3453 881 3512 locum
895 3472 959 3512 esse
973 3452 1074 3528 ἄλυτον,
1089 3453 1159 3530 quia
1171 3451 1256 3511 facile
1270 3453 1347 3510 solvi
1366 3463 1464 3531 potest

257 3523 360 3616 nodus,
383 3533 417 3616 et
435 3527 548 3587 restitui
568 3547 638 3589 vera
658 3531 744 3590 lectio
764 3551 802 3590 ex
824 3533 978 3591 collatione
1001 3533 1068 3591 libri
1091 3533 1214 3610 Regum,
1238 3532 1289 3610 qui
1310 3552 1464 3594 numerum

258 3604 375 3663 ventati
387 3604 523 3682 historiae,
539 3615 569 3667 et
582 3627 722 3668 annorum
732 3611 754 3670 J
756 3611 845 3670 orsmi
860 3620 890 3670 et
903 3611 1041 3671 Achariae
1054 3611 1276 3690 respondentem
1289 3611 1387 3672 refert
1424 3614 1465 3674 Et

258 3692 372 3744 constet
381 3683 477 3744 varias
485 3687 633 3747 versiones
646 3689 677 3747 in
691 3690 741 3749 lib.
753 3691 897 3768 Paralipo.
906 3710 1057 3751 numerum
1071 3696 1109 3751 22
1120 3692 1251 3767 retinere,
1260 3699 1294 3752 ut
1304 3691 1463 3769 Syriacam,

259 3762 425 3904 Atrpzbjicem,
440 3771 470 3825 et
480 3765 577 3827 varios
586 3767 708 3829 Codices
716 3789 827 3848 grecos
840 3789 910 3830 mss.
924 3780 958 3831 ut
968 3771 1170 3847 Oxoniensem,
1184 3770 1462 3849 cantebrigiensem,

258 3863 275 3903 e
349 3863 474 3905 manum.

306 3924 433 3983 XXVI.
468 3925 542 3984 Exo.
571 3927 623 3988 xii.
650 3929 699 4005 40,
726 3929 867 3990 habitatio
892 3930 1023 3990 tiliorum
1051 3930 1141 3988 Israel
1173 3929 1280 3990 dicitur
1306 3929 1404 3989 futura
1433 3931 1464 3989 in

258 4005 393 4082 AEgypto
407 4004 681 4082 quadringentorum
701 4017 730 4070 et
746 4009 866 4087 triginta
886 4029 1042 4086 annorum3
1066 4010 1105 4068 Et
1125 4019 1222 4068 brnen
1244 4011 1318 4070 Gen.
1340 4030 1391 4069 xv.
1416 4013 1463 4084 13,

258 4083 364 4144 dicitur
378 4104 476 4146 semen
491 4085 618 4146 Abrahae
632 4087 851 4168 quadringentis
864 4091 948 4149 annis
958 4088 1124 4148 vexandum
1138 4089 1175 4148 nb
1189 4089 1369 4166 alienigenis,
1384 4089 1465 4167 quod

258 4163 451 4242 confirmetur,
468 4165 536 4227 Act.
547 4166 598 4227 vii.
614 4169 642 4227 6.
678 4169 840 4246 Responsm
853 4169 946 4228 facilis
960 4177 1022 4230 est:
1044 4169 1119 4228 Gen.
1134 4188 1184 4228 xv.
1199 4187 1350 4228 nnmerum
1364 4177 1465 4228 rotun-

259 4242 328 4300 dum
342 4263 394 4321 pro
408 4246 526 4323 obliquo
546 4247 623 4324 poni,
638 4256 671 4307 ut
686 4267 761 4326 sape
774 4249 838 4308 lieri
851 4249 925 4308 solet
938 4256 997 4308 tam
1012 4247 1089 4325 apud
1105 4248 1209 4308 Sacros
1223 4269 1310 4326 quam
1326 4248 1466 4326 profanos

261 4319 437 4413 Scriptores3
459 4325 528 4384 licet
541 4347 611 4404 ergo
625 4328 662 4387 ab
677 4348 711 4388 co
728 4337 864 4406 tempore,
886 4347 946 4406 quo
965 4326 1113 4386 oraculum
1133 4328 1189 4387 hoc
1209 4327 1309 4388 dutum
1324 4327 1464 4403 Abrahae,

259 4419 277 4456 a
297 4418 355 4474 quo
375 4403 553 4464 inchoandus
576 4417 621 4466 cst
641 4408 696 4468 iste
716 4427 861 4484 numerus,
881 4425 982 4467 revera
1002 4405 1116 4466 effluere
1136 4407 1289 4468 debuerint
1302 4409 1363 4466 430
1376 4408 1464 4484 enni;

258 4487 446 4538 numerentur
463 4489 575 4542 tantum
589 4489 657 4563 400,
676 4487 714 4546 ad
735 4487 966 4547 rotundationem
980 4487 1100 4562 numeri,
1120 4507 1174 4546 nec
1191 4487 1265 4547 ratio
1285 4487 1410 4546 habetur
1424 4491 1465 4547 30

258 4573 419 4652 annorum
450 4559 534 4635 Quod
555 4563 580 4622 si
596 4563 732 4626 dicuntur
753 4567 891 4626 Israeliten
911 4566 1068 4626 habitaturi
1088 4565 1118 4626 in
1137 4567 1272 4644 AEgypto
1293 4569 1362 4641 430,
1385 4567 1464 4626 Exo.

197 4669 199 4672 -
258 4655 309 4696 xrs.
332 4655 390 4696 non
410 4636 475 4699 rdeo
496 4640 537 4720 fit,
552 4643 631 4719 qnod
650 4665 702 4722 per
716 4653 759 4706 tot
772 4665 863 4706 annos
884 4665 998 4722 menete
1020 4645 1171 4708 debuerint
1191 4647 1222 4705 in
1236 4647 1380 4724 AEgypto,
1396 4667 1464 4708 cum
