3160 5194
237 335 256 392 8
733 347 824 392 rocos
839 345 955 392 sarnus.
1247 325 1377 410 [enarr.
1393 348 1441 390 nr.

236 491 413 572 temporibus
436 489 512 569 sacta
532 489 693 551 dimanasse
715 491 826 552 volunt
846 491 940 551 Sosin
961 491 1090 550 Prolect.
1112 489 1205 549 tneor.
1219 507 1245 549 c.
1260 493 1290 549 2.
1308 491 1443 551 Ortorod.

235 573 328 633 Inatit.
352 573 444 650 neto.
469 572 572 632 etun
598 591 623 632 c.
648 573 676 632 3.
698 571 861 633 Orthodoxi
883 591 954 631 vero
977 569 1167 648 'l'heologinm
1192 569 1354 630 naturalem
1377 569 1444 629 deri

235 653 341 731 partim
354 653 476 729 insitam
501 671 566 730 qun
580 671 618 710 ex
638 651 713 711 libro
733 651 917 711 conscientia
930 652 1062 711 hauritur
1078 669 1131 728 per
1144 651 1225 716 merle
1237 651 1321 716 ἰηιάκ
1334 649 1444 729 partim

235 732 410 810 acqnbitam,
420 751 486 810 qne
494 753 533 792 ex
545 731 619 791 libro
629 731 829 792 Greatnrarum
842 733 951 810 petitur
963 749 1015 810 per
1027 730 1197 808 discursum,
1209 737 1376 790 constanter
1388 729 1444 789 do·

235 819 311 872 cent.
353 811 394 872 Et
407 811 594 891 sequentibus
607 812 785 890 argumentis
798 811 929 890 probent.

236 928 398 976 mom„
405 933 474 980 m,
536 892 575 952 V.
597 892 672 968 Quia
685 891 770 952 datur
782 892 814 951 in
826 890 943 951 homine
955 892 1021 951 Leto
1032 890 1181 967 natnrobb,
1196 909 1261 969 qne
1276 889 1383 968 scripta
1395 897 1446 950 est

235 989 429 1094 ilidiibaur
443 1003 475 1036 ⁶¹
494 967 992 1125 {illibiffli'iiiiiiii‘
1000 971 1447 1112 ttittitttttttt

235 1132 430 1210 cognitionem
453 1132 509 1192 Dei
531 1131 728 1210 Legislatoris,
751 1132 835 1208 cujus
856 1071 1025 1191 autoritabq
1031 1131 1162 1192 homines
1184 1130 1295 1208 obligat
1312 1129 1351 1189 ad
1373 1129 1447 1189 obe·

234 1211 382 1290 dicebant,
397 1211 556 1290 iisdemque
569 1212 688 1291 premia
700 1211 749 1272 vel
761 1230 862 1290 poenas
875 1210 1049 1271 denunciat:
1072 1211 1175 1272 Gentes
1191 1230 1256 1288 pnoe
1268 1211 1373 1286 Legem
1385 1231 1449 1270 oon

235 1293 344 1368 babent,
359 1292 449 1352 idest
463 1292 572 1370 Legem
586 1292 688 1368 Mosis,
703 1301 809 1350 namra
830 1311 895 1369 qno
907 1291 975 1368 legia
987 1290 1178 1366 suntfcor'nat,
1193 1293 1319 1367 adtoqne
1337 1291 1447 1368 Legem

236 1393 294 1432 non
313 1373 442 1432 natata
461 1373 514 1432 cti
531 1371 601 1450 ἰρετε
622 1373 774 1448 montbar,
787 1379 820 1430 nt
841 1371 892 1449 qni
903 1373 1051 1430 ostendent
1068 1391 1141 1448 opns
1159 1371 1244 1448 Legis
1263 1369 1448 1447 miptttmm

236 1453 366 1512 cordrbns
378 1453 444 1530 norb,
459 1472 518 1512 nna
532 1452 715 1511 testinnonium
725 1454 859 1511 redden
871 1451 997 1528 iprrorum
1006 1450 1181 1527 commentia,
1193 1460 1221 1510 ct
1232 1451 1446 1528 coqr'tationtbnc

236 1551 294 1592 aare
315 1541 411 1592 mutuo
432 1531 625 1591 aaronem
645 1541 672 1591 et
691 1531 895 1591 manoncour.
917 1531 1001 1590 Rom.
1019 1529 1049 1591 ii.
1073 1533 1119 1607 14,
1140 1533 1186 1590 15.
1208 1529 1287 1608 qnod
1305 1529 1362 1589 dici
1383 1549 1447 1590 non
1565 1563 1566 1566 ¹

237 1619 344 1690 posset,
362 1611 419 1671 nisi
441 1611 617 1671 conscientia
637 1610 760 1671 dictaret
780 1610 936 1689 unicuique
956 1611 1019 1669 dari
1040 1610 1158 1688 aliquod
1180 1611 1295 1670 Numen
1316 1610 1448 1688 probans

237 1700 316 1752 recte
334 1692 418 1767 iacta,
433 1700 463 1752 st
483 1690 649 1769 improbans
668 1709 703 1751 ac
722 1690 846 1770 puniens
869 1689 1041 1751 malefacta
1084 1691 1147 1750 Nec
1168 1691 1264 1769 excipi
1285 1699 1389 1769 potest,
1413 1695 1445 1752 1.

238 1771 305 1830 Non
320 1771 438 1850 Legem,
454 1770 506 1830 sed
520 1791 590 1848 opus
602 1771 687 1849 Legis
700 1770 758 1830 diei
772 1770 949 1849 inscriptum,
965 1771 1034 1849 qnia
1047 1769 1190 1848 Apostolo
1204 1770 1260 1829 ista
1274 1778 1342 1830 sunt
1355 1789 1446 1848 syno-

238 1871 335 1930 nyme,
350 1853 404 1912 cti
424 1851 481 1929 ipsi
492 1871 550 1910 erse
568 1853 673 1929 Lepon
685 1869 716 1910 v.
733 1853 779 1912 14.
795 1861 904 1929 etopus
917 1852 1002 1930 Legit
1021 1851 1151 1910 cernone
1163 1851 1328 1926 imeripotnm
1341 1852 1448 1910 natm

238 1951 268 1991 v.
285 1933 332 1992 15.
375 1931 414 1991 Et
427 1931 470 1990 rei
482 1939 586 1991 natura
598 1931 654 1990 hoc
668 1931 784 2008 evincit,
806 1933 875 2010 quia
894 1932 952 1992 tale
966 1951 1039 2009 opus
1053 1931 1142 2009 Legis
1162 1929 1342 2008 intelligitur,
1358 1930 1448 2008 cnjus

237 2011 378 2072 instinctu
397 2011 484 2072 homo
506 2031 565 2071 non
586 2009 672 2071 modo
694 2012 848 2072 honestum
861 2032 879 2072 a
892 2012 969 2090 turpi
989 2010 1150 2088 distinguit,
1166 2009 1217 2070 sed
1231 2009 1268 2068 ad
1282 2009 1356 2069 illud
1368 2029 1445 2089 prae-
1532 2037 1533 2042 ¹
1566 2073 1567 2082 ,

238 2093 383 2170 standum,
399 2093 497 2152 ethoc
511 2091 680 2170 fugiendum
700 2091 865 2170 impellitur.
907 2095 936 2151 2.
959 2091 1068 2169 Legem
1089 2108 1147 2149 non
1160 2089 1218 2149 dici
1231 2090 1368 2166 innatam,
1391 2090 1448 2150 sed
1566 2125 1567 2136 κ

238 2171 476 2328 ‘impii
485 2171 965 2310 ttttt’ttitttttttt
977 2169 1165 2328 Εῇῗὶῗὲἓ
1185 2169 1446 2309 dedititii:

239 2330 368 2406 scientia,
384 2329 544 2408 oppositam
558 2329 727 2388 revelationi
754 2337 890 2405 extemae,
906 2349 970 2408 qnae
984 2330 1061 2390 iacta
1076 2338 1121 2390 cst
1131 2329 1245 2391 Judaeis
1257 2348 1308 2408 per
1321 2327 1446 2408 inscrip-

238 2409 346 2468 tionem
356 2409 387 2468 in
401 2408 508 2468 tabulis
517 2408 648 2486 lapideis.
671 2407 758 2468 Unde
770 2429 822 2488 per
832 2409 1046 2487 conscientiam,
1057 2429 1123 2488 quea
1133 2429 1164 2470 se
1178 2418 1240 2471 tum
1253 2409 1284 2468 in
1297 2412 1445 2492 ηπιᾴη,

238 2497 300 2549 tum
314 2489 345 2547 in
358 2485 487 2552 cesuline
498 2487 598 2564 exerit,
613 2507 651 2546 ex
672 2488 769 2548 onitnr
781 2509 810 2548 v.
828 2491 874 2548 15.

279 2569 336 2628 Vl.
358 2569 433 2646 Quia
447 2569 528 2628 Deus
542 2567 587 2627 sui
601 2567 637 2627 de
659 2567 682 2628 it
694 2568 827 2629 notitiam
840 2577 903 2629 tum
923 2569 1048 2646 insitam,
1064 2576 1126 2630 tum
1139 2568 1309 2648 acquisitam
1322 2569 1444 2648 homini,

238 2669 297 2727 quo
305 2650 450 2730 pertinent
457 2649 522 2707 loca
531 2647 608 2707 Psal.
622 2647 685 2708 xix.
702 2651 734 2725 13
749 2647 1004 2726 Aet.xiv.15,16,
1017 2653 1063 2727 17,
1075 2657 1105 2710 et
1118 2649 1191 2709 xvii.
1200 2653 1255 2726 233
1270 2649 1356 2710 Rom.
1364 2650 1384 2711 i.
1396 2653 1445 2726 19,

239 2732 288 2789 20.
330 2729 392 2789 Nec
411 2727 524 2787 sdmitti
537 2735 633 2806 petest
653 2727 749 2788 audax
769 2729 866 2788 Setini
883 2729 1054 2808 corruptele,
1069 2729 1120 2808 qui
1133 2729 1224 2789 verba
1242 2729 1327 2790 Pauli
1340 2729 1379 2789 ed
1399 2749 1446 2791 se-

238 2809 363 2870 cundam
377 2809 557 2870 Orestionem
571 2807 658 2867 refert
671 2828 723 2904 per
736 2808 882 2869 Christum
901 2809 1014 2886 factam,
1030 2810 1112 2887 quasi
1126 2808 1288 2888 Apostolus
1300 2811 1403 2870 innuat
1411 2831 1447 2870 ea

238 2910 305 2967 quae
318 2888 386 2950 inde
399 2909 418 2949 a
432 2888 583 2948 creatione
597 2887 754 2948 invierbilie
767 2897 797 2948 et
810 2888 958 2968 incognita
976 2889 1083 2949 fuerint
1095 2889 1269 2967 hominibus,
1283 2909 1361 2950 nnnc
1375 2909 1444 2950 con-

238 2970 312 3049 spici
325 2978 355 3030 st
368 2968 506 3050 cognosci
526 2966 610 3028 sactis
626 2968 681 3028 Dei
695 2977 725 3028 ct
743 2969 892 3030 hominum
912 2967 1077 3030 divinorum
1095 2969 1135 3030 id.
1151 2969 1258 3029 Christi
1271 2978 1302 3030 et
1315 2968 1444 3048 Aposto-

237 3051 332 3112 lorum
346 3052 420 3130 ejus.
461 3049 561 3109 Verba
574 3047 651 3108 enim
666 3049 758 3126 Pauli,
773 3057 803 3109 et
817 3049 905 3110 series
919 3050 1059 3110 sermonis
1077 3050 1202 3109 clamant
1215 3050 1251 3110 de
1265 3050 1358 3129 prima
1378 3069 1445 3110 eum

238 3131 338 3210 loqui:
360 3131 435 3192 Nam
448 3129 570 3210 probare
583 3129 648 3189 vnit
668 3129 799 3190 homines
818 3130 923 3209 impios
946 3129 1086 3190 adversus
1109 3149 1183 3208 quos
1202 3129 1317 3190 coelitus
1330 3131 1374 3189 ira
1389 3130 1447 3190 Dei

238 3209 453 3271 demonstratur
464 3230 494 3270 v.
511 3213 558 3270 18.
579 3210 730 3270 veritatem
744 3210 775 3268 in
785 3209 928 3288 injustitia
947 3210 1084 3288 detinere,
1095 3209 1323 3270 nimirumveraa
1333 3209 1370 3269 de
1380 3211 1447 3271 Deo

238 3288 379 3364 notiones,
392 3311 457 3367 quea
468 3289 498 3348 in
506 3289 683 3349 revelatione
691 3289 817 3350 naturali
826 3291 1016 3367 continentur,
1029 3289 1107 3368 qnod
1118 3288 1244 3349 ostendit
1251 3310 1280 3350 v.
1295 3292 1445 3368 laquem

238 3369 279 3426 eit
293 3369 326 3426 id
346 3371 425 3444 qnod
445 3369 573 3444 cognosci
590 3377 684 3443 potest
705 3372 741 3428 dc
753 3371 818 3428 Deo
837 3369 1020 3428 manifestum
1034 3389 1098 3429 esse
1112 3369 1133 3428 ir
1145 3371 1229 3436 αὐτοῖς
1241 3370 1271 3429 in
1284 3370 1360 3448 ipssa
1376 3371 1446 3448 puris

237 3449 318 3506 Deus
331 3447 400 3523 ἱρείε
412 3447 553 3522 revetavit,
569 3447 672 3524 partim
686 3447 717 3506 in
731 3447 867 3508 cordibus
886 3448 1023 3542 ipsorum,
1038 3450 1142 3526 partim
1163 3451 1193 3510 in
1208 3450 1342 3529 operibns
1357 3451 1444 3510 Crea-

238 3525 335 3585 tionia.
375 3529 407 3586 2.
431 3527 542 3603 Scopns
557 3525 641 3583 Pauli
654 3524 731 3586 idem
746 3526 838 3603 docet,
854 3547 904 3606 qur
918 3536 963 3588 est
976 3527 1171 3590 demonstrare
1184 3549 1238 3589 nec
1252 3530 1385 3591 Gentiles
1405 3549 1446 3591 ex

238 3605 358 3682 Natura,
373 3627 435 3685 cop.
452 3608 479 3665 1.
493 3623 547 3664 nec
558 3603 680 3665 Judaeos
694 3625 732 3666 cx
744 3606 824 3684 Lege
834 3607 988 3686 justificari
996 3608 1134 3687 potuisse,
1144 3630 1206 3689 cnp.
1217 3615 1246 3670 2.
1260 3611 1330 3689 quia
1342 3629 1446 3671 omnes

238 3686 296 3746 sint
309 3695 483 3764 peccatores,
500 3683 552 3744 aed
575 3684 691 3744 demum
705 3705 743 3745 ex
762 3687 846 3746 Eren
868 3688 924 3748 elio
946 3689 1025 3767 quod
1045 3709 1063 3749 a
1081 3690 1196 3751 Christo
1214 3691 1375 3750 revelatum
1388 3699 1443 3768 est,

237 3769 267 3828 3.
288 3769 418 3844 πέμπει
430 3765 479 3826 hic
492 3784 550 3824 non
572 3773 694 3844 possunt
716 3707 868 3827 referring
888 3769 1027 3829 miraculo
1040 3770 1077 3829 ab
1101 3769 1253 3850 Apostolis
1268 3769 1352 3846 iacta,
1374 3771 1446 3848 quia

236 3867 384 3928 nunqnam
399 3848 429 3907 in
445 3845 594 3924 Scriptura
607 3845 650 3905 sic
663 3846 851 3925 appellantur,
866 3869 921 3909 nec
934 3849 1121 3911 innotuemnt
1135 3850 1276 3927 Etlrrrieis,
1286 3849 1323 3909 de
1336 3849 1445 3929 quibus

236 3929 300 4008 agit
314 3929 442 4006 Paulus3
465 3925 517 3986 sed
530 3925 569 3985 ad
582 3945 669 4004 opera
682 3927 836 3988 creationis
849 3927 963 4008 Mundi,
975 3931 1044 4010 quin
1051 3930 1210 3991 invisibilia
1219 3931 1335 3991 Deiiri
1343 3931 1444 3998 enisus

236 4011 331 4088 stapam
344 4010 374 4070 in
387 4009 446 4072 illis
459 4006 594 4070 dicuntur
606 4006 744 4086 patefieri.

245 4153 284 4199 nx
307 4154 469 4214 &math
537 4087 612 4148 VII.
633 4087 822 4166 Expectata
835 4090 1000 4151 numerale
1009 4092 1065 4151 hoc
1075 4089 1233 4152 confirmet.
1276 4091 1351 4150 Nem
1365 4091 1445 4170 quod

286 4213 427 4260 uniscunt.
497 4257 543 4308 ter
568 4249 652 4326 inest,
681 4248 712 4308 id
738 4249 826 4310 debet
851 4250 945 4311 inesse
972 4251 1157 4311 naturaliter:
1200 4251 1275 4327 Quis
1301 4251 1446 4312 naturalia

235 4321 369 4381 omnibus
383 4327 559 4388 conveniunt
572 4336 602 4387 et
615 4329 806 4390 immutabilia
826 4339 911 4408 sunt;
934 4330 985 4389 sed
998 4331 1102 4390 notitia
1119 4330 1288 4392 Divinitatis
1309 4331 1445 4392 omnibus

235 4401 312 4460 inest
324 4401 548 4494 immutabiliter,
564 4409 633 4484 quin
645 4409 727 4469 nulla
739 4419 784 4470 est
797 4418 856 4470 tem
869 4411 992 4470 barbara
1005 4411 1092 4488 natio,
1107 4411 1154 4471 eui
1168 4431 1226 4471 non
1243 4410 1368 4470 insideat
1381 4411 1445 4472 brec

235 4499 384 4558 persuasro
399 4481 492 4541 Deum
508 4503 572 4543 esee
588 4487 661 4547 one.
676 4490 722 4548 Ζῶ.
737 4489 756 4548 i.
771 4493 807 4548 de
826 4491 896 4550 Nat.
919 4493 1008 4549 Deor.
1051 4491 1097 4550 Ite
1110 4499 1144 4551 nt
1157 4511 1204 4551 res
1217 4511 1347 4570 quasque
1361 4492 1444 4551 vilis·

236 4559 330 4641 simas,
343 4560 401 4621 imo
410 4561 646 4625 Cacodaemonem
657 4567 750 4646 ipsum
761 4569 857 4648 potins
867 4591 920 4649 pro
931 4571 1055 4630 Numine
1066 4571 1171 4647 colant,
1182 4591 1269 4651 quarn
1283 4580 1315 4632 ut
1330 4571 1445 4632 nullum

498 4168 633 4228 omnibus
645 4177 677 4228 et
690 4167 813 4246 singulis
826 4170 992 4231 hominibus
1008 4171 1200 4232 communiter
1213 4181 1243 4233 et
1256 4171 1443 4231 immutabili-
1567 4239 1568 4242 Ἴ
