3158 5180
254 353 313 415 388
742 369 833 410 nocua
847 369 982 418 cusanus.
1282 345 1407 430 [eumer.
1423 371 1459 409 rr.

258 514 310 572 illa
323 512 419 572 creavi
433 532 497 589 ego,
512 531 614 570 manns
628 530 700 570 mea
713 508 906 570 extenderunt
919 508 1032 584 eoelum,
1048 518 1082 569 et'
1091 528 1205 568 omnem
1224 509 1384 568 exereitum
1396 510 1464 569 illo-

260 613 324 653 rum
338 591 507 670 imperavi,”
523 599 552 650 et
568 593 613 666 18,
631 593 649 624 “
660 590 701 650 sic
715 591 756 649 ait
768 591 791 650 J
793 591 894 664 ehova,
910 589 1028 649 Creator
1047 589 1193 664 caelorum,
1208 589 1234 647 is
1249 598 1293 648 est
1308 589 1397 664 Deus,
1412 591 1467 668 qui

261 671 754 745 somavittem,etseeitilla1n:
776 671 841 748 Ego
856 690 918 730 sum
933 669 1059 745 Jehova,
1070 678 1100 728 et
1109 688 1195 728 nemo
1205 679 1258 744 cst,
1273 671 1378 746 practer
1388 672 1466 746 me,”

261 754 312 812 ubi
326 753 428 830 probat
442 751 585 810 nemiuem
599 758 703 828 praeter
717 770 747 810 se
761 769 825 809 esse
833 749 856 810 J
857 751 988 825 choram,
1001 769 1039 809 ex
1049 769 1084 808 eo
1098 748 1177 826 quod
1191 749 1270 810 solus
1284 750 1323 808 sit
1337 749 1468 824 Creator,

261 842 291 892 ct
305 853 367 910 cap.
382 832 424 890 xl.
441 835 487 905 12,
505 834 551 906 13,
570 833 587 864 ‘⁶
599 830 670 905 Quis
680 849 797 888 mensus
812 839 855 890 est
863 829 975 908 pugillo
984 849 1037 888 suo
1051 849 1150 906 aquas,
1160 838 1189 888 et
1203 830 1309 887 eoelum
1323 831 1472 907 spithama

261 913 395 991 aptavit?
425 919 455 970 et
478 910 656 970 mensuravit
678 909 805 970 trientali
824 909 974 987 pulverem
995 917 1086 983 terrac,
1112 916 1142 968 et
1163 907 1301 986 appendit
1323 911 1354 967 in
1367 909 1473 968 libella

261 1001 383 1066 montes,
399 1000 429 1050 et
442 991 532 1050 colles
545 992 580 1066 iu¹
590 990 702 1049 bilance
710 991 743 1048 ?''
765 999 795 1048 et
805 1009 834 1048 v.
846 991 893 1063 28,
911 993 929 1022 “
940 989 1049 1049 Annon
1060 989 1207 1062 audivisti,
1223 987 1304 1048 Deus
1319 990 1410 1048 seculi
1426 999 1474 1049 est

261 1073 388 1146 Jehova,
405 1071 523 1130 Creator
536 1070 637 1129 finium
651 1079 734 1128 terrse
748 1089 806 1128 non
819 1067 1026 1145 defatigabitnr
1036 1069 1065 1144 ;''
1086 1068 1108 1128 J
1110 1069 1156 1127 ob.
1169 1068 1208 1126 ix.
1224 1071 1252 1144 8,
1269 1072 1287 1101 “
1299 1069 1357 1144 Qui
1367 1079 1473 1129 exten·

264 1153 308 1211 dit
322 1150 427 1210 eoelum
442 1151 529 1225 solus,
546 1158 575 1209 et
595 1151 687 1208 caleat
701 1149 779 1208 celsa
797 1149 921 1224 maris;''
943 1157 972 1208 et
985 1149 1093 1226 passim
1107 1148 1195 1207 alibi:
1218 1148 1305 1208 Unda
1322 1149 1474 1209 Creator-ri

264 1251 369 1290 nomen
383 1230 427 1289 illi
441 1230 625 1308 singulariter
638 1230 700 1288 deri
722 1229 804 1303 solet,
818 1235 956 1306 tanquam
976 1229 1124 1306 proprium
1144 1237 1174 1287 et
1187 1228 1473 1305 incommunicabile,

264 1311 343 1389 quod
357 1310 415 1369 dici
429 1330 486 1368 non
500 1319 606 1386 posset,
622 1309 647 1368 si
660 1311 706 1368 vis
720 1309 846 1367 creetiva
859 1309 925 1368 aliis
938 1317 1037 1386 posset
1053 1308 1266 1368 communicari.

307 1391 362 1450 IV.
384 1395 412 1448 2.
435 1389 509 1463 Quia
521 1390 577 1448 hoc
591 1389 754 1448 charactere
770 1389 850 1446 Deus
864 1389 901 1448 ab
921 1387 1016 1462 idolis,
1032 1396 1061 1446 et
1080 1387 1161 1446 falsis
1176 1387 1241 1446 Diis
1256 1389 1396 1447 Gentium
1413 1389 1474 1448 dis·

264 1471 415 1548 tinguitur,
436 1469 499 1529 Jer.
520 1489 550 1528 x.
572 1472 681 1545 11,12,
706 1468 784 1526 “Dii
802 1468 853 1542 illi,
875 1467 926 1544 qui
948 1469 1054 1526 coelum
1074 1475 1103 1526 et
1125 1476 1230 1526 terram
1250 1487 1310 1526 non
1330 1469 1475 1544 fecerunt,

264 1559 384 1628 pereant
397 1548 434 1608 de
448 1557 532 1624 terra,
548 1547 592 1607 At
605 1549 626 1608 J
628 1549 722 1608 ehova
736 1549 816 1606 Deus
830 1547 946 1623 veritas,
961 1548 1011 1624 qui
1029 1546 1098 1606 fecit
1112 1556 1217 1606 terram
1231 1547 1343 1606 viribus
1357 1549 1431 1623 suis,
1447 1561 1478 1608 et

265 1629 458 1706 intelligentia
478 1648 531 1687 sua
551 1628 683 1687 extendit
703 1628 837 1703 coalum,’'
852 1625 906 1686 &c
949 1627 989 1686 Et
1010 1627 1088 1685 Psal.
1109 1627 1187 1686 xcvi.
1208 1629 1236 1701 5,
1260 1627 1401 1688 “Omnes
1424 1629 1475 1688 Dii

264 1709 396 1788 gentium
411 1717 479 1768 sunt
491 1728 538 1768 res
552 1707 644 1784 nihili,
660 1707 712 1768 sed
731 1707 873 1768 Dominus
893 1706 962 1766 fecit
975 1706 1109 1766 eoelum.”
1153 1707 1202 1766 Sic
1217 1707 1275 1766 Isa.
1290 1709 1408 1768 xxxvii.
1427 1713 1475 1768 16.

267 1789 408 1849 Ezechias
423 1788 518 1847 Βειιηι
531 1807 633 1847 vemm
648 1809 665 1846 a
679 1788 760 1847 falsis
775 1787 839 1846 Diis
853 1787 986 1846 omnibus
999 1787 1054 1845 hac
1068 1794 1137 1845 nota
1151 1787 1283 1862 secernit,
1298 1788 1378 1864 qnod
1393 1793 1475 1864 faes-

267 1871 307 1928 rit
321 1869 427 1930 Caelum
441 1879 468 1928 et
483 1871 612 1928 Terram.
655 1868 717 1927 Nec
730 1876 842 1928 tantum
862 1866 943 1926 falsis
961 1866 1026 1925 Diis
1046 1866 1102 1925 hoe
1115 1865 1284 1944 denegatur,
1300 1867 1354 1926 sed
1367 1877 1398 1928 et
1413 1889 1475 1928 om·

267 1949 352 2009 nibus
366 1949 514 2024 creaturis,
529 1948 599 2008 dum
614 1948 669 2007 soli
683 1949 746 2008 Deo
760 1948 905 2008 tribuitur.

308 2030 347 2090 V.
370 2033 398 2090 e.
420 2029 495 2104 Quia
508 2029 623 2089 Creatio
637 2035 681 2092 est
696 2048 768 2105 opus
788 2027 907 2088 infinitae
921 2025 1046 2102 virtutis,
1062 2025 1141 2103 quod
1160 2025 1282 2104 proinde
1295 2046 1355 2086 non
1375 2037 1477 2105 potest

268 2110 369 2189 peragi
382 2110 419 2169 ab
434 2110 510 2168 Ente
528 2107 619 2184 finito,
638 2107 793 2186 nequidem
798 2127 865 2245 flper
882 2105 1000 2166 modum
1014 2105 1123 2183 Organi
1140 2106 1262 2244 phpsici,
1279 2105 1373 2184 (qnod
1387 2107 1476 2168 debet

267 2190 490 2269 proportionata
504 2207 567 2248 esse
581 2187 715 2247 efficaciae
729 2187 767 2246 ad
781 2207 797 2246 e
820 2197 914 2246 ectum
929 2206 1012 2246 snum
1026 2185 1172 2263 produces
1194 2185 1266 2266 um,)
1282 2186 1334 2246 aed
1355 2207 1475 2246 causam

269 2270 494 2346 omnipotentem
518 2267 654 2345 postulat
697 2268 771 2330 Esse
791 2275 888 2326 autem
912 2265 1031 2324 infinitae
1044 2265 1161 2324 virtutis
1184 2275 1272 2344 patet,
1294 2275 1357 2324 turn
1379 2287 1420 2326 ex
1442 2289 1475 2326 eo

267 2348 346 2425 qnod
360 2349 422 2406 solo
436 2357 509 2406 nutu
523 2355 552 2406 et
565 2347 656 2405 verbo
678 2347 833 2423 peragitur,
851 2355 914 2406 tum
933 2367 971 2404 ex
990 2366 1025 2405 eo
1043 2344 1123 2422 quod
1143 2365 1196 2423 per
1216 2365 1280 2404 eam
1298 2347 1364 2405 tolli
1388 2346 1477 2407 debet

267 2427 405 2486 distantia
425 2426 538 2484 infinita
557 2425 633 2484 inter
647 2426 709 2484 Ena
723 2435 752 2484 et
766 2425 856 2484 nihil-2
879 2427 952 2484 Cum
965 2427 1043 2484 enim
1058 2426 1119 2484 Ena
1133 2433 1162 2484 et
1175 2425 1254 2488 nihil
1263 2425 1434 2486 immediate
1448 2437 1477 2488 et

267 2504 487 2566 contradictorie
509 2513 697 2582 opponantur,
720 2513 749 2563 et
770 2525 804 2563 ea
823 2504 960 2564 distantia
978 2505 1016 2564 ab
1038 2505 1162 2564 invicem
1184 2515 1397 2584 removeantur,
1419 2528 1478 2586 qua
1562 2543 1563 2569 r

267 2587 361 2664 major
373 2605 426 2644 nec
441 2605 513 2659 esse,
528 2603 582 2642 nec
595 2585 709 2661 concipi
728 2593 832 2661 potest,
852 2583 960 2645 debent
973 2585 1081 2644 distare
1101 2585 1132 2643 in
1152 2584 1313 2662 infinitum,
1335 2605 1397 2644 non
1411 2589 1476 2665 qui-

266 2667 334 2725 dem
348 2665 484 2724 asama
503 2665 691 2740 perfeetionis,
707 2664 852 2742 quomodo
872 2665 953 2724 Deus
967 2665 1056 2724 distat
1076 2665 1106 2722 in
1126 2663 1270 2724 infinitum
1284 2686 1302 2724 a
1317 2666 1475 2743 Crantoris,

268 2756 298 2805 et
309 2747 370 2804 Ena
384 2744 528 2804 infinitum
541 2745 629 2822 longe
643 2744 737 2822 magis
748 2743 836 2802 distat
850 2763 868 2802 a
880 2743 980 2818 nihilo,
996 2763 1083 2822 qnam
1096 2743 1218 2820 finitum,
1231 2744 1311 2822 qnod
1323 2747 1477 2824 pauciores

267 2825 357 2884 habat
376 2824 582 2902 perfectiones;
607 2823 666 2883 Sed
686 2824 821 2884 tietantia
832 2825 964 2900 amatim
977 2833 1006 2884 et
1024 2823 1258 2900 matradictioat's,
1278 2826 1367 2902 juxta
1388 2846 1477 2904 quam

270 2906 332 2964 Ens
345 2905 459 2964 finitum
474 2924 555 2981 seque
569 2903 658 2964 distat
671 2924 690 2962 a
709 2903 808 2979 nihilo,
825 2923 859 2962 ac
879 2903 1030 2978 infinitum,
1046 2904 1115 2981 quia
1129 2905 1191 2964 Ens
1204 2904 1318 2974 finitum
1333 2926 1417 2984 seque
1432 2917 1476 2966 est

269 2984 402 3045 nonnihil
416 3005 468 3044 seu
481 2983 600 3063 aliquid,
615 3004 648 3042 ae
662 2983 816 3042 infinitum.
851 2981 935 3057 Quod
949 3003 1019 3042 vero
1034 2984 1115 3042 Deus
1128 3002 1186 3043 non
1200 2984 1239 3043 sit
1252 3004 1290 3042 ex
1304 2985 1407 3062 nihilo,
1422 3006 1476 3046 nec

270 3065 363 3145 possit
383 3065 474 3124 relabi
492 3065 523 3122 in
543 3064 673 3139 nihilum,
689 3073 722 3124 ut
737 3064 881 3138 Creatura,
905 3062 935 3122 id
958 3083 1016 3122 non
1036 3063 1143 3141 pendet
1164 3083 1203 3122 ex
1224 3063 1364 3124 distantia
1386 3087 1475 3144 nega·

270 3147 358 3206 tionis
372 3145 448 3206 inter
462 3146 523 3203 Ens
537 3153 567 3204 et
580 3143 661 3220 nihil,
678 3143 728 3204 sed
743 3163 780 3202 ex
795 3143 931 3202 distantia
951 3143 1063 3202 infinita
1082 3142 1267 3221 perfectionis
1287 3145 1364 3204 inter
1380 3146 1475 3205 Qum

270 3233 300 3283 et
315 3226 478 3285 Creatrras.
514 3224 596 3283 Licet
606 3243 676 3282 vero
688 3225 825 3283 Creatura
835 3223 928 3282 omnis
942 3223 981 3284 sit
993 3223 1091 3299 finita;
1114 3223 1181 3282 Non
1196 3223 1327 3301 sequitur
1336 3225 1476 3285 virtutem

270 3303 382 3362 linitam
402 3323 488 3380 posse
509 3303 638 3363 sufficere
659 3303 697 3362 sd
717 3323 781 3362 eam
801 3302 1032 3382 producendam,
1055 3302 1130 3377 Quia
1150 3303 1357 3380 distinguenda
1370 3315 1477 3365 astrea

270 3384 334 3459 ipsa
348 3403 365 3440 a
379 3385 461 3441 modo
470 3384 651 3458 producendi
656 3407 669 3456 ,·
691 3383 852 3442 substantia
866 3382 1005 3460 producta
1018 3381 1105 3442 debat
1117 3401 1181 3442 esse
1203 3383 1294 3459 finita,
1312 3385 1382 3460 quia
1402 3385 1476 3444 nihil

269 3461 414 3520 inlinitum
432 3461 553 3538 produci
571 3471 676 3538 potest,
693 3461 744 3520 sed
764 3461 868 3522 modus
888 3462 1064 3539 producendi
1084 3483 1143 3520 non
1157 3461 1264 3523 desinit
1276 3483 1341 3522 esse
1355 3464 1476 3526 infinita

270 3539 396 3680 fflffl'
418 3541 487 3618 qnia
510 3540 719 3618 omnipotentia
742 3543 898 3618 requiritur
918 3541 956 3600 ad
978 3542 1145 3601 Creatursm
1169 3561 1208 3600 ex
1231 3543 1324 3603 nihilo
1349 3543 1476 3604 educen-

311 3701 368 3760 VI.
390 3702 418 3760 4.
440 3700 515 3776 Quia
528 3700 623 3760 omnis
645 3699 782 3760 Craetura
795 3702 857 3780 agit
870 3693 1066 3779 dependenter
1078 3721 1096 3761 a
1109 3703 1251 3780 subjecto,
1267 3711 1298 3762 et
1311 3703 1475 3781 subjectum

270 3780 393 3859 requirit
407 3781 482 3840 circa
496 3781 574 3858 qnod
588 3789 730 3858 operetur.
765 3781 809 3840 At
822 3782 870 3840 hic
880 3781 992 3841 nullum
1002 3781 1088 3841 datur
1098 3783 1260 3860 subjectum
1275 3784 1474 3860 praeexistens,

270 3881 339 3921 enm
353 3861 460 3920 creatio
473 3859 547 3920 illud
559 3859 646 3919 faciat
660 3867 689 3920 et
702 3869 799 3938 ponat,
814 3881 873 3920 non
887 3870 1038 3939 supponat.
1060 3865 1088 3922 5.
1109 3863 1203 3922 Causa
1216 3863 1311 3921 omnis
1325 3871 1384 3922 tarn
1398 3863 1476 3940 prin·

273 3941 374 4018 cipalis
393 3961 480 4018 quam
501 3940 727 4000 instrumentalis
747 3939 836 4000 debet
855 3961 928 4018 opus
947 3941 1042 4018 ipsum
1063 3940 1214 4018 attingere,
1229 3951 1260 4001 et
1281 3943 1428 4020 propriam
1443 3961 1477 4004 aa

271 4021 446 4098 peculiarem
460 4021 520 4078 vim
534 4020 650 4094 habere,
664 4040 722 4098 qua
732 4029 801 4097 agat
814 4021 916 4080 saltem
930 4019 1099 4100 dispositive
1114 4021 1152 4080 ed
1165 4020 1301 4080 effectum
1315 4021 1475 4100 producen-

267 4100 359 4160 dum:
382 4099 425 4159 At
446 4101 527 4160 nulla
548 4101 686 4159 Creatura
706 4109 803 4178 potest
824 4120 858 4159 so
879 4099 995 4175 elevari,
1016 4108 1050 4160 nt
1070 4121 1163 4178 capax
1184 4101 1222 4160 sit
1243 4101 1338 4178 operis
1359 4103 1477 4162 virtutis

271 4179 392 4238 infinitas
407 4180 469 4240 sive
483 4179 686 4257 principaliter,
703 4179 764 4238 sive
779 4179 1042 4256 instrumentaliter,
1058 4189 1087 4238 et
1100 4200 1135 4239 ca
1149 4177 1307 4254 effectione,
1323 4201 1390 4258 quae
1404 4201 1477 4259 opus

272 4259 1477 4418 {ttxttttnttttttlthrtttttht‘tttt‘tttttttt

292 4425 369 4476 neat.

271 4437 292 4493 q
313 4495 386 4554 VII.
410 4495 492 4556 Licet
506 4497 651 4562 Creaturse
672 4497 783 4574 possint
797 4517 965 4559 concurrere
980 4498 1018 4559 ad
1037 4499 1228 4578 patrationem
1248 4499 1476 4574 Miracnlorum;

272 4571 339 4629 Non
353 4575 483 4650 sequitur
496 4577 604 4652 pariter
616 4595 784 4636 concurrere
799 4577 932 4654 possead
946 4579 1143 4655 Creationem;
1166 4582 1192 4638 l.
1203 4577 1272 4656 quia
1285 4577 1315 4636 in
1329 4579 1479 4638 miraculis

271 4649 442 4726 supponitur
455 4673 568 4732 semper
581 4655 752 4734 subjeetum,
768 4657 845 4717 eirca
854 4657 934 4736 quod
947 4657 1169 4722 instrumentum
1182 4657 1290 4718 versari
1303 4659 1409 4736 potuit,
1425 4659 1477 4721 scd
