3158 5190
244 313 300 370 128
704 325 795 370 rocus
810 325 970 372 ssousnus.
1242 307 1368 389 [ecum.
1383 325 1449 370 rvr.

242 469 426 547 Scripturam',
442 467 510 545 quia
523 467 644 544 quaestio
657 467 771 546 proprie
785 487 844 527 non
857 477 902 528 est
915 467 952 526 de
975 467 1136 544 Principiis,
1161 465 1213 526 sed
1234 467 1272 526 de
1286 469 1450 545 Ηὴάρίιι-

240 550 295 621 tia;
316 549 365 606 An
378 549 473 625 posita
491 567 579 624 quam
599 547 740 610 habemus
762 548 918 626 Scriptura,
940 567 1013 624 opus
1034 548 1072 606 sit
1092 566 1151 604 non
1165 547 1281 623 seriptis
1300 547 1452 625 aliquibus

239 627 442 688 traditionibus
455 627 493 685 ad
506 627 571 704 ejus
592 626 768 702 supplendos
792 627 921 686 defectus
934 627 965 684 in
978 627 1065 686 rebus
1078 626 1116 684 ad
1130 627 1252 686 salutem
1266 629 1449 686 necessariis.

241 706 353 766 Deinde
367 705 496 766 Traditio
510 706 567 764 ista
579 713 624 765 est
637 706 765 766 formalis
779 715 809 764 et
822 706 925 782 sotira,
941 725 1027 783 quam
1048 705 1242 782 concedimus,
1257 706 1327 782 quia
1346 715 1377 765 et
1391 707 1450 766 Ec·

239 785 334 845 alesia
359 795 425 844 suut
440 786 592 844 commissa
614 784 738 844 Oraoula
760 785 824 861 Dei,
850 793 1004 844 uteorum
1026 785 1064 844 sit
1086 785 1185 844 Prseco
1199 793 1228 844 et
1243 786 1366 860 Crrstos;
1388 805 1451 845 uon

239 885 308 922 vero
323 865 479 923 materialis
492 873 521 924 et
534 863 658 940 passiva
674 882 739 940 quae
760 864 920 923 doctrinam
940 865 1066 941 aliquam
1086 863 1222 924 treditm
1243 871 1328 924 extre
1350 865 1449 943 Scrip-

239 952 341 1019 turam,
363 962 450 1020 quam
470 963 618 1022 negamus,
642 951 731 1002 notet.
774 943 821 1002 Ita
836 943 1012 1021 Scripturam
1032 943 1173 1002 habemus
1186 963 1238 1020 per
1251 944 1449 1019 traditionem,

240 1041 299 1080 non
313 1043 377 1100 quae
387 1024 425 1082 sit
432 1023 604 1100 principium
614 1022 658 1080 illi
667 1021 812 1098 credendi,
823 1021 875 1082 sed
883 1031 1021 1100 tanquam
1029 1022 1157 1082 medium
1168 1032 1197 1082 et
1207 1023 1445 1098 instrumentum,

239 1121 298 1179 quo
312 1102 363 1160 illa
377 1102 415 1160 ad
428 1121 531 1161 manus
544 1109 657 1161 nostras
670 1102 830 1178 perveniat.

248 1237 250 1245 ,
282 1181 441 1240 XXXIV.
466 1182 613 1258 Scriptura
626 1181 753 1257 perfecta
767 1181 879 1256 dieitur,
891 1200 951 1238 non
965 1199 1078 1259 semper
1090 1179 1241 1258 adaquata
1255 1180 1448 1260 sdobjectmu,

240 1260 324 1338 quasi
337 1261 475 1338 mysteria
488 1261 584 1320 omnia
597 1279 662 1337 quaa
682 1260 771 1319 tradit
784 1260 909 1337 perfecte
930 1261 1072 1338 explicet3
1093 1261 1186 1320 multa
1205 1260 1284 1319 euim
1298 1269 1450 1340 suntquis

240 1359 299 1398 non
312 1349 434 1417 possunt
447 1340 570 1418 exprimi
583 1340 614 1400 iu
628 1358 659 1398 se
673 1339 832 1417 adaequate,
853 1347 887 1398 ut
901 1339 990 1416 Deus,
1006 1339 1142 1414 Trinitas,
1158 1337 1213 1398 &a
1227 1340 1279 1400 sed
1294 1341 1448 1418 adaquare

240 1421 383 1558 fflfim’
398 1419 521 1498 quisita
533 1419 584 1478 ille
604 1418 739 1498 proponit
762 1428 796 1478 ut
808 1438 827 1478 a
838 1419 924 1478 uobis
947 1419 1056 1497 percipi
1079 1419 1192 1497 possint
1213 1418 1389 1480 sufficienter
1409 1421 1450 1481 ad

285 1507 372 1558 utem.

281 1577 425 1637 XXXV.
447 1576 543 1654 Quum
559 1578 735 1656 Scriptursm
749 1575 872 1636 dicimus
892 1576 1047 1655 perfectam
1067 1577 1177 1638 inesse
1191 1576 1309 1656 regule,
1325 1578 1380 1637 hoc
1402 1577 1448 1637 in·

239 1657 398 1734 telligimus
411 1657 507 1735 quoad
521 1667 607 1717 totum
620 1657 799 1734 Saporem
812 1657 971 1733 collective,
983 1677 1042 1716 non
1052 1677 1123 1716 vero
1136 1656 1232 1735 quoad
1246 1665 1335 1716 totum
1347 1658 1448 1734 Ser-ip-

240 1745 313 1795 turoe
325 1736 509 1796 distributive
523 1737 563 1796 id.
578 1737 707 1814 singulae
721 1737 785 1814 ejus
798 1744 903 1814 partes,
918 1745 951 1796 ut
964 1755 1018 1797 neo
1031 1737 1062 1795 iu
1076 1737 1178 1815 regula
1197 1736 1349 1813 materiali,
1364 1737 1448 1816 quie·

240 1815 311 1892 quid
325 1824 370 1875 est
382 1817 499 1894 regula,
514 1816 592 1876 idem
606 1825 650 1876 est
663 1817 772 1893 regula.

282 1895 442 1955 XXXVI.
465 1895 548 1955 Licet
570 1913 645 1974 saepe
667 1895 866 1955 'traditionum
889 1895 990 1954 Patres
1019 1894 1210 1969 meminerint,
1233 1913 1293 1954 non
1315 1895 1452 1973 sequitur

241 1974 340 2033 statim
354 1994 404 2034 cos
417 1975 599 2034 Traditiones
612 1974 743 2055 segetem
758 1973 973 2033 Pontificiorum
987 1973 1146 2050 admisisse,
1169 1975 1237 2051 quia
1250 1974 1450 2034 diversimodo

241 2053 278 2112 de
293 2054 352 2114 illis
364 2055 541 2132 loquuntur:
563 2054 731 2131 Aliquando
752 2053 882 2112 Traditio
904 2053 942 2112 ab
965 2053 1037 2131 ipsis
1060 2061 1216 2131 usurpatur
1236 2074 1289 2132 pro
1303 2061 1369 2114 ocbr
1382 2063 1448 2113 tm-

240 2134 333 2208 dendi,
349 2153 406 2210 quo
428 2134 495 2193 libri
519 2133 592 2192 sacri
616 2151 762 2210 nunquam
784 2133 943 2209 interrupta
964 2133 1038 2192 serie
1059 2140 1230 2210 temporum,
1253 2141 1283 2192 et
1306 2142 1452 2211 perpetua

240 2213 422 2270 successione
449 2211 487 2269 ab
514 2211 646 2270 Ecclesia
673 2219 740 2270 sunt
767 2213 930 2270 conservati
957 2220 986 2271 et
1012 2211 1050 2270 ad
1076 2219 1208 2289 posteros
1235 2211 1352 2288 traditi;
1379 2231 1451 2290 quse

242 2289 371 2347 Traditio
384 2297 429 2347 est
434 2290 577 2364 formatis,
590 2308 648 2365 quo
662 2305 749 2347 sensu
764 2289 904 2365 Origenes
915 2290 986 2349 dicit
999 2309 1030 2350 se
1041 2310 1093 2366 per
1104 2292 1295 2352 Proditionem
1306 2293 1449 2368 didio'ose,

240 2367 317 2440 quod
342 2375 464 2440 quotum
486 2368 646 2442 Eneapetio
669 2367 699 2425 in
721 2369 851 2426 &eisaie
872 2369 1004 2428 comosa
1024 2369 1080 2429 aiot
1101 2370 1265 2430 indubiam.
1309 2370 1452 2431 Secundo

239 2443 364 2502 sumitur
378 2463 453 2522 saepe
467 2463 519 2521 pro
533 2443 664 2504 doctrina
677 2443 792 2523 scripta,
813 2465 879 2523 qum
893 2447 985 2522 primo
1000 2449 1069 2507 riva
1081 2468 1154 2508 voce
1174 2459 1241 2526 post
1254 2450 1363 2528 scripto
1376 2470 1450 2510 con-

240 2521 354 2597 signata
363 2529 415 2596 eat,
426 2523 467 2580 sic
477 2522 611 2600 cyprian.
622 2543 668 2602 ep.
680 2527 727 2598 74,
740 2523 777 2582 ad
787 2524 965 2603 Pompeium,
975 2528 1009 2586 Si
1017 2529 1046 2586 io
1054 2529 1210 2606 anopelio
1217 2530 1454 2606 moabitem

239 2599 269 2656 in
283 2601 480 2675 Apostolorum
493 2602 635 2677 Epr'stolrb,
656 2612 707 2661 aut
718 2603 832 2662 Actibus
845 2605 991 2683 inuenitur,
1007 2608 1164 2666 οιεοιικιιιν
1177 2609 1261 2666 etium
1274 2609 1334 2668 too
1347 2619 1451 2670 ιαιισια

242 2679 380 2737 ibadam.
422 2679 519 2740 Tertio
533 2699 586 2758 pro
604 2679 735 2740 doctrina
748 2702 813 2760 quae
827 2684 948 2743 totidem
962 2685 1059 2744 verbis
1073 2685 1103 2744 iu
1119 2687 1267 2765 Scriptura
1279 2707 1341 2746 non
1354 2697 1448 2765 extat,

240 2755 293 2815 sed
306 2776 358 2834 per
370 2757 530 2834 legitImam
544 2765 573 2819 et
585 2760 777 2820 necessariam
798 2766 1032 2842 consequentiam
1051 2764 1120 2824 inde
1140 2765 1281 2843 educitur,
1303 2765 1450 2828 adversus

239 2835 349 2912 eosqui
362 2856 500 2914 expressa
507 2839 597 2898 verba
607 2839 761 2918 Scripturae
770 2842 915 2919 petebant,
930 2863 984 2903 nec
998 2841 1121 2920 iporiam
1134 2844 1286 2906 admittere
1295 2847 1447 2924 volebant,

239 2913 308 2990 quia
321 2915 352 2974 in
368 2916 515 2995 Scriptura
529 2919 669 2978 verbatim
683 2939 742 2978 non
755 2923 932 2982 occurrebat.
964 2923 1011 2983 Ita
1025 2925 1126 2983 Basili.
1141 2924 1178 2984 de
1194 2925 1304 3001 Spiritu
1319 2925 1351 2986 S.
1360 2929 1447 3004 aar,

239 2992 332 3072 ipsam
345 2995 414 3055 fidei
427 2997 633 3074 professionem
647 3019 705 3077 qua
718 2999 862 3060 credimus
883 3001 914 3059 in
939 3001 1063 3078 Patrem,
1081 3003 1197 3079 Filium,
1213 3011 1243 3064 et
1258 3004 1398 3082 Spiritum
1413 3005 1447 3066 S.

242 3091 258 3132 e
282 3073 437 3152 Scripturis
458 3076 558 3136 haberi
578 3097 663 3156 posse
687 3088 784 3157 negat,
810 3079 980 3158 Symbolum
1002 3081 1200 3160 intelligendo,
1223 3084 1309 3160 cujus
1330 3085 1448 3146 munuli

239 3161 340 3212 tamen
354 3155 449 3232 quoad
463 3175 580 3217 sensum
594 3158 737 3218 habentur
749 3159 779 3216 in
796 3159 960 3237 Scripturis.
1002 3161 1111 3236 Quarto
1125 3181 1177 3239 pro
1191 3160 1324 3223 doctrina
1338 3165 1448 3226 rituum

238 3237 270 3290 et
282 3235 515 3294 caeremoniarum
529 3256 595 3314 quse
608 3237 714 3298 dieitur
730 3239 858 3298 Traditio
870 3240 990 3298 rituales.
1012 3240 1120 3315 Quinto
1127 3259 1181 3318 pro
1189 3243 1385 3303 concensione
1396 3263 1447 3304 re·

239 3315 332 3366 terum
346 3311 485 3370 Ecclesia
501 3315 659 3374 Doctorum
673 3316 703 3374 iu
724 3318 903 3394 expositione
923 3318 980 3377 loci
994 3318 1117 3398 alicujus
1133 3319 1298 3398 Scriptura,
1319 3341 1409 3399 quam
1429 3341 1449 3383 s

239 3383 401 3462 Majoribus
421 3399 568 3468 acceptam
582 3413 641 3452 non
655 3394 716 3454 sine
729 3395 861 3455 modesta
873 3396 1057 3457 veneratione
1078 3398 1259 3477 antiquitatis
1272 3401 1446 3479 retinebant,

238 3463 307 3538 quia
320 3483 386 3523 cum
402 3466 558 3545 Scripturis
571 3472 770 3549 conspirabat3
785 3493 850 3551 quae
864 3485 960 3552 potest
973 3476 1031 3536 dici
1041 3477 1171 3537 Tbodido
1184 3497 1279 3537 aarum
1286 3480 1338 3539 vel
1346 3480 1446 3559 exegi-
1572 3535 1573 3538 ,

238 3541 351 3636 ticade
365 3562 422 3636 qua
436 3545 512 3606 Iren.
527 3547 559 3606 li.
573 3549 613 3607 iii.
623 3569 648 3609 e.
659 3553 688 3627 3,
698 3551 826 3628 loquitur
833 3563 863 3614 et
876 3555 996 3615 Tertull.
1007 3575 1082 3634 saepe
1090 3557 1111 3616 l.
1120 3556 1157 3617 de
1171 3557 1332 3636 praescript.
1356 3560 1446 3620 Sexto

238 3619 401 3682 tradrboms
414 3642 486 3684 voce
499 3634 620 3686 utuntur
633 3627 670 3686 ad
687 3629 841 3708 hominem,
865 3631 1038 3712 disputando
1052 3643 1153 3695 contre
1164 3636 1319 3698 hereticos
1332 3639 1385 3717 qui
1397 3657 1447 3699 eas

239 3701 699 3862 ttttttttttttttt
713 3710 900 3850 utttt.
910 3713 1445 3855 mmmmm.

238 3877 276 3916 aa
288 3859 444 3951 Scripturas
457 3881 486 3920 ae
499 3864 606 3923 reieci
617 3867 737 3926 cendant
747 3809 778 3928 ii
789 3813 993 3930 mnuatiooed
1007 3882 1205 3932 convertuntur
1215 3807 1444 3952 Sarabdena-brordan

238 3943 271 3994 ut
292 3946 333 4030 art
358 3939 459 3999 Irenm
503 3941 661 4020 Disputaut
684 3965 753 4023 ergo
778 3948 944 4029 ἓιιπιςιιπις
967 3969 1005 4008 ex
1030 3970 1172 4012 consensu
1186 3953 1365 4014 'Proditionis
1380 3975 1444 4015 curn

240 4014 396 4094 Scriptura,
411 4028 443 4079 ut
456 4039 510 4079 nos
523 4021 582 4082 fero
593 4023 655 4099 jam
670 4023 849 4102 disputamus
863 4048 901 4086 ex
915 4029 1050 4088 Patribus
1061 4039 1162 4089 contre
1172 4032 1378 4110 Adversarius,
1394 4033 1446 4094 sed

237 4097 487 4236 mortue
502 4101 1093 4261 stgttutmttutteou
1102 4109 1280 4250 tusa
1285 4113 1445 4268 arar

237 4251 322 4380 fflti
335 4253 499 4316 traditione
512 4260 675 4335 Apostolicc
693 4272 791 4339 aperite
810 4273 939 4340 νῳιιιιηι
957 4275 985 4325 st
1002 4268 1168 4344 eoofiopunt,
1187 4271 1312 4344 pereutit
1329 4271 1443 4347 poeto
