<?xml version="1.0" encoding="UTF-8"?>
<!DOCTYPE html PUBLIC "-//W3C//DTD XHTML 1.0 Transitional//EN"
    "http://www.w3.org/TR/xhtml1/DTD/xhtml1-transitional.dtd">
<html xmlns="http://www.w3.org/1999/xhtml" xml:lang="en" lang="en">
 <head>
  <title>
</title>
<meta http-equiv="Content-Type" content="text/html;charset=utf-8" />
  <meta name='ocr-system' content='tesseract 3.04.00' />
  <meta name='ocr-capabilities' content='ocr_page ocr_carea ocr_par ocr_line ocrx_word'/>
</head>
<body>
  <div class='ocr_page' id='page_1' title='image "./francisciturret01pictgoog_0437.png"; bbox 0 0 3158 5180; ppageno 0'>
   <div class='ocr_carea' id='block_1_1' title="bbox 211 308 1416 390">
    <p class='ocr_par' dir='ltr' id='par_1_1' title="bbox 211 308 1416 390">
     <span class='ocr_line' id='line_1_1' title="bbox 211 308 1416 390; baseline -0.001 -17"><span class='ocrx_word' id='word_1_1' title='bbox 211 318 269 374; x_wconf 81' lang='lat'><strong>382</strong></span> <span class='ocrx_word' id='word_1_2' title='bbox 653 359 654 364; x_wconf 59' lang='grc'>,</span> <span class='ocrx_word' id='word_1_3' title='bbox 692 329 785 370; x_wconf 79' lang='lat' dir='ltr'><strong>sucus</strong></span> <span class='ocrx_word' id='word_1_4' title='bbox 799 329 943 379; x_wconf 76' lang='lat' dir='ltr'><strong>ussurus.</strong></span> <span class='ocrx_word' id='word_1_5' title='bbox 1187 308 1311 390; x_wconf 73' lang='lat' dir='ltr'><strong>[eumer.</strong></span> <span class='ocrx_word' id='word_1_6' title='bbox 1328 331 1416 372; x_wconf 79' lang='lat' dir='ltr'><strong>nuru.</strong></span> 
     </span>
    </p>
   </div>
   <div class='ocr_carea' id='block_1_2' title="bbox 203 468 1421 2947">
    <p class='ocr_par' dir='ltr' id='par_1_2' title="bbox 203 468 1421 2947">
     <span class='ocr_line' id='line_1_2' title="bbox 203 468 1417 552; baseline -0.001 -20"><span class='ocrx_word' id='word_1_7' title='bbox 203 474 295 552; x_wconf 82' lang='lat' dir='ltr'><strong>juxte</strong></span> <span class='ocrx_word' id='word_1_8' title='bbox 306 470 482 549; x_wconf 75' lang='lat' dir='ltr'>peculiarem</span> <span class='ocrx_word' id='word_1_9' title='bbox 495 477 526 529; x_wconf 84' lang='lat' dir='ltr'><strong>et</strong></span> <span class='ocrx_word' id='word_1_10' title='bbox 539 468 596 528; x_wconf 83' lang='lat' dir='ltr'><strong>ribi</strong></span> <span class='ocrx_word' id='word_1_11' title='bbox 608 470 756 548; x_wconf 90' lang='lat' dir='ltr'><strong>proprium</strong></span> <span class='ocrx_word' id='word_1_12' title='bbox 771 469 909 548; x_wconf 67' lang='lat' dir='ltr'><strong>operandi</strong></span> <span class='ocrx_word' id='word_1_13' title='bbox 922 468 1048 544; x_wconf 86' lang='lat' dir='ltr'><strong>modum,</strong></span> <span class='ocrx_word' id='word_1_14' title='bbox 1064 469 1152 528; x_wconf 82' lang='lat' dir='ltr'><strong>Peter</strong></span> <span class='ocrx_word' id='word_1_15' title='bbox 1159 469 1302 547; x_wconf 81' lang='lat' dir='ltr'><strong>eligendo,</strong></span> <span class='ocrx_word' id='word_1_16' title='bbox 1321 470 1417 532; x_wconf 82' lang='lat' dir='ltr'><strong>Filius</strong></span> 
     </span>
     <span class='ocr_line' id='line_1_3' title="bbox 208 549 1418 629; baseline 0 -17"><span class='ocrx_word' id='word_1_17' title='bbox 208 550 386 627; x_wconf 85' lang='lat' dir='ltr'><strong>redimendo,</strong></span> <span class='ocrx_word' id='word_1_18' title='bbox 403 559 432 609; x_wconf 82' lang='lat' dir='ltr'><strong>et</strong></span> <span class='ocrx_word' id='word_1_19' title='bbox 450 549 575 628; x_wconf 77' lang='lat' dir='ltr'>Spiritus</span> <span class='ocrx_word' id='word_1_20' title='bbox 590 549 620 609; x_wconf 77' lang='lat' dir='ltr'><strong>S.</strong></span> <span class='ocrx_word' id='word_1_21' title='bbox 642 549 856 627; x_wconf 79' lang='lat' dir='ltr'><strong>mgenercnd03</strong></span> <span class='ocrx_word' id='word_1_22' title='bbox 879 549 927 609; x_wconf 77' lang='lat' dir='ltr'><strong>Ite</strong></span> <span class='ocrx_word' id='word_1_23' title='bbox 946 549 1053 608; x_wconf 83' lang='lat' dir='ltr'><strong>debent</strong></span> <span class='ocrx_word' id='word_1_24' title='bbox 1073 549 1228 609; x_wconf 82' lang='lat' dir='ltr'><strong>convenire</strong></span> <span class='ocrx_word' id='word_1_25' title='bbox 1247 550 1279 608; x_wconf 89' lang='lat' dir='ltr'><strong>in</strong></span> <span class='ocrx_word' id='word_1_26' title='bbox 1300 551 1418 629; x_wconf 76' lang='lat' dir='ltr'><strong>objecto</strong></span> 
     </span>
     <span class='ocr_line' id='line_1_4' title="bbox 209 628 1417 712; baseline -0.002 -20"><span class='ocrx_word' id='word_1_27' title='bbox 209 633 286 692; x_wconf 82' lang='lat' dir='ltr'><strong>circe</strong></span> <span class='ocrx_word' id='word_1_28' title='bbox 296 630 376 708; x_wconf 90' lang='lat' dir='ltr'><strong>quod</strong></span> <span class='ocrx_word' id='word_1_29' title='bbox 390 638 551 705; x_wconf 82' lang='lat' dir='ltr'><strong>versentur,</strong></span> <span class='ocrx_word' id='word_1_30' title='bbox 566 637 600 688; x_wconf 92' lang='lat' dir='ltr'><strong>ut</strong></span> <span class='ocrx_word' id='word_1_31' title='bbox 613 628 715 688; x_wconf 81' lang='lat' dir='ltr'><strong>ecdem</strong></span> <span class='ocrx_word' id='word_1_32' title='bbox 728 630 766 689; x_wconf 81' lang='lat' dir='ltr'><strong>sit</strong></span> <span class='ocrx_word' id='word_1_33' title='bbox 780 633 907 712; x_wconf 68' lang='lat' dir='ltr'><strong>aeqepqia</strong></span> <span class='ocrx_word' id='word_1_34' title='bbox 921 629 1080 689; x_wconf 83' lang='lat' dir='ltr'><strong>Electionis</strong></span> <span class='ocrx_word' id='word_1_35' title='bbox 1102 629 1205 705; x_wconf 79' lang='lat' dir='ltr'><strong>Petris,</strong></span> <span class='ocrx_word' id='word_1_36' title='bbox 1228 630 1417 708; x_wconf 87' lang='lat' dir='ltr'><strong>Redemptio·</strong></span> 
     </span>
     <span class='ocr_line' id='line_1_5' title="bbox 209 709 1417 788; baseline 0 -17"><span class='ocrx_word' id='word_1_37' title='bbox 209 713 256 771; x_wconf 86' lang='lat' dir='ltr'><strong>nis</strong></span> <span class='ocrx_word' id='word_1_38' title='bbox 271 711 349 787; x_wconf 79' lang='lat' dir='ltr'><strong>Filii,</strong></span> <span class='ocrx_word' id='word_1_39' title='bbox 365 718 395 771; x_wconf 86' lang='lat' dir='ltr'><strong>et</strong></span> <span class='ocrx_word' id='word_1_40' title='bbox 404 709 645 788; x_wconf 79' lang='lat' dir='ltr'><strong>Regeneretiouis</strong></span> <span class='ocrx_word' id='word_1_41' title='bbox 661 709 786 786; x_wconf 77' lang='lat' dir='ltr'>Spiritus</span> <span class='ocrx_word' id='word_1_42' title='bbox 803 710 910 786; x_wconf 84' lang='lat' dir='ltr'><strong>Ssucti,</strong></span> <span class='ocrx_word' id='word_1_43' title='bbox 925 719 959 768; x_wconf 90' lang='lat' dir='ltr'><strong>ut</strong></span> <span class='ocrx_word' id='word_1_44' title='bbox 972 715 1115 786; x_wconf 86' lang='lat' dir='ltr'><strong>quotquot</strong></span> <span class='ocrx_word' id='word_1_45' title='bbox 1127 709 1277 787; x_wconf 79' lang='lat' dir='ltr'><strong>cliguntur</strong></span> <span class='ocrx_word' id='word_1_46' title='bbox 1289 730 1307 770; x_wconf 85' lang='lat' dir='ltr'><strong>s</strong></span> <span class='ocrx_word' id='word_1_47' title='bbox 1318 711 1417 786; x_wconf 80' lang='lat' dir='ltr'><strong>Petro,</strong></span> 
     </span>
     <span class='ocr_line' id='line_1_6' title="bbox 209 789 1417 867; baseline -0.002 -15"><span class='ocrx_word' id='word_1_48' title='bbox 209 791 389 852; x_wconf 81' lang='lat' dir='ltr'><strong>redimuntur</strong></span> <span class='ocrx_word' id='word_1_49' title='bbox 402 809 420 848; x_wconf 83' lang='lat' dir='ltr'><strong>s</strong></span> <span class='ocrx_word' id='word_1_50' title='bbox 435 789 521 864; x_wconf 79' lang='lat' dir='ltr'><strong>Filio,</strong></span> <span class='ocrx_word' id='word_1_51' title='bbox 536 798 744 866; x_wconf 81' lang='lat' dir='ltr'><strong>regenerentur</strong></span> <span class='ocrx_word' id='word_1_52' title='bbox 757 810 774 848; x_wconf 83' lang='lat' dir='ltr'><strong>e</strong></span> <span class='ocrx_word' id='word_1_53' title='bbox 789 789 907 867; x_wconf 86' lang='lat' dir='ltr'><strong>Spiritu,</strong></span> <span class='ocrx_word' id='word_1_54' title='bbox 923 797 953 848; x_wconf 86' lang='lat' dir='ltr'><strong>et</strong></span> <span class='ocrx_word' id='word_1_55' title='bbox 966 809 1051 848; x_wconf 87' lang='lat' dir='ltr'><strong>nemo</strong></span> <span class='ocrx_word' id='word_1_56' title='bbox 1066 789 1143 848; x_wconf 87' lang='lat' dir='ltr'><strong>Filio</strong></span> <span class='ocrx_word' id='word_1_57' title='bbox 1163 790 1249 849; x_wconf 87' lang='lat' dir='ltr'><strong>detur</strong></span> <span class='ocrx_word' id='word_1_58' title='bbox 1271 790 1417 850; x_wconf 87' lang='lat' dir='ltr'><strong>redimen-</strong></span> 
     </span>
     <span class='ocr_line' id='line_1_7' title="bbox 210 869 1351 950; baseline -0.002 -18"><span class='ocrx_word' id='word_1_59' title='bbox 210 873 274 947; x_wconf 89' lang='lat' dir='ltr'><strong>dus,</strong></span> <span class='ocrx_word' id='word_1_60' title='bbox 290 870 341 950; x_wconf 93' lang='lat' dir='ltr'><strong>qui</strong></span> <span class='ocrx_word' id='word_1_61' title='bbox 355 890 373 928; x_wconf 84' lang='lat' dir='ltr'><strong>c</strong></span> <span class='ocrx_word' id='word_1_62' title='bbox 387 870 475 928; x_wconf 87' lang='lat' dir='ltr'><strong>Petre</strong></span> <span class='ocrx_word' id='word_1_63' title='bbox 489 869 598 928; x_wconf 85' lang='lat' dir='ltr'><strong>electus</strong></span> <span class='ocrx_word' id='word_1_64' title='bbox 612 889 671 928; x_wconf 87' lang='lat' dir='ltr'><strong>nou</strong></span> <span class='ocrx_word' id='word_1_65' title='bbox 685 869 779 945; x_wconf 84' lang='lat' dir='ltr'><strong>fuerit,</strong></span> <span class='ocrx_word' id='word_1_66' title='bbox 795 878 824 928; x_wconf 85' lang='lat' dir='ltr'><strong>et</strong></span> <span class='ocrx_word' id='word_1_67' title='bbox 837 889 857 928; x_wconf 82' lang='lat' dir='ltr'><strong>c</strong></span> <span class='ocrx_word' id='word_1_68' title='bbox 871 869 981 948; x_wconf 80' lang='lat' dir='ltr'><strong>Spiritu</strong></span> <span class='ocrx_word' id='word_1_69' title='bbox 993 889 1052 928; x_wconf 92' lang='lat' dir='ltr'><strong>non</strong></span> <span class='ocrx_word' id='word_1_70' title='bbox 1066 870 1104 929; x_wconf 84' lang='lat' dir='ltr'><strong>sit</strong></span> <span class='ocrx_word' id='word_1_71' title='bbox 1118 869 1351 930; x_wconf 73' lang='lat' dir='ltr'><strong>sanctificandum.</strong></span> 
     </span>
     <span class='ocr_line' id='line_1_8' title="bbox 251 949 1419 1028; baseline 0 -18"><span class='ocrx_word' id='word_1_72' title='bbox 251 950 378 1010; x_wconf 85' lang='lat' dir='ltr'>XXIV.</span> <span class='ocrx_word' id='word_1_73' title='bbox 400 949 541 1025; x_wconf 78' lang='lat' dir='ltr'><strong>Quemvis</strong></span> <span class='ocrx_word' id='word_1_74' title='bbox 555 968 625 1008; x_wconf 87' lang='lat' dir='ltr'><strong>vero</strong></span> <span class='ocrx_word' id='word_1_75' title='bbox 640 949 681 1008; x_wconf 81' lang='lat' dir='ltr'><strong>its</strong></span> <span class='ocrx_word' id='word_1_76' title='bbox 694 949 809 1027; x_wconf 90' lang='lat' dir='ltr'><strong>disponi</strong></span> <span class='ocrx_word' id='word_1_77' title='bbox 828 967 913 1028; x_wconf 84' lang='lat' dir='ltr'><strong>posse</strong></span> <span class='ocrx_word' id='word_1_78' title='bbox 927 967 1096 1009; x_wconf 74' lang='lat' dir='ltr'><strong>censeamus</strong></span> <span class='ocrx_word' id='word_1_79' title='bbox 1117 949 1243 1009; x_wconf 71' lang='lat' dir='ltr'><strong>Decreta</strong></span> <span class='ocrx_word' id='word_1_80' title='bbox 1265 951 1330 1026; x_wconf 84' lang='lat' dir='ltr'><strong>Dei,</strong></span> <span class='ocrx_word' id='word_1_81' title='bbox 1353 959 1419 1010; x_wconf 86' lang='lat' dir='ltr'><strong>teu·</strong></span> 
     </span>
     <span class='ocr_line' id='line_1_9' title="bbox 209 1028 1418 1108; baseline 0.001 -18"><span class='ocrx_word' id='word_1_82' title='bbox 209 1031 318 1091; x_wconf 86' lang='lat' dir='ltr'><strong>endum</strong></span> <span class='ocrx_word' id='word_1_83' title='bbox 332 1035 430 1090; x_wconf 85' lang='lat' dir='ltr'><strong>temon</strong></span> <span class='ocrx_word' id='word_1_84' title='bbox 444 1038 488 1088; x_wconf 90' lang='lat' dir='ltr'><strong>cst</strong></span> <span class='ocrx_word' id='word_1_85' title='bbox 503 1049 615 1106; x_wconf 83' lang='lat' dir='ltr'><strong>semper</strong></span> <span class='ocrx_word' id='word_1_86' title='bbox 628 1029 684 1088; x_wconf 86' lang='lat' dir='ltr'><strong>hoo</strong></span> <span class='ocrx_word' id='word_1_87' title='bbox 698 1029 758 1088; x_wconf 82' lang='lat' dir='ltr'><strong>diei</strong></span> <span class='ocrx_word' id='word_1_88' title='bbox 770 1037 883 1089; x_wconf 83' lang='lat' dir='ltr'><strong>tentum</strong></span> <span class='ocrx_word' id='word_1_89' title='bbox 896 1037 1031 1107; x_wconf 76' lang='lat' dir='ltr'><strong>respectu</strong></span> <span class='ocrx_word' id='word_1_90' title='bbox 1046 1028 1126 1088; x_wconf 89' lang='lat' dir='ltr'><strong>modi</strong></span> <span class='ocrx_word' id='word_1_91' title='bbox 1145 1030 1238 1089; x_wconf 79' lang='lat' dir='ltr'>nostri</span> <span class='ocrx_word' id='word_1_92' title='bbox 1251 1030 1418 1108; x_wconf 86' lang='lat' dir='ltr'><strong>concipien-</strong></span> 
     </span>
     <span class='ocr_line' id='line_1_10' title="bbox 210 1109 1420 1189; baseline -0.001 -19"><span class='ocrx_word' id='word_1_93' title='bbox 210 1112 249 1188; x_wconf 76' lang='lat' dir='ltr'><strong>di,</strong></span> <span class='ocrx_word' id='word_1_94' title='bbox 265 1111 317 1189; x_wconf 88' lang='lat' dir='ltr'><strong>qui</strong></span> <span class='ocrx_word' id='word_1_95' title='bbox 329 1110 462 1188; x_wconf 79' lang='lat' dir='ltr'><strong>cogimur</strong></span> <span class='ocrx_word' id='word_1_96' title='bbox 475 1109 506 1167; x_wconf 91' lang='lat' dir='ltr'><strong>in</strong></span> <span class='ocrx_word' id='word_1_97' title='bbox 520 1109 616 1168; x_wconf 81' lang='lat' dir='ltr'><strong>vcrr‘os</strong></span> <span class='ocrx_word' id='word_1_98' title='bbox 630 1118 787 1186; x_wconf 87' lang='lat' dir='ltr'><strong>conceptus</strong></span> <span class='ocrx_word' id='word_1_99' title='bbox 800 1109 999 1187; x_wconf 73' lang='lat' dir='ltr'><strong>inednqustos</strong></span> <span class='ocrx_word' id='word_1_100' title='bbox 1013 1129 1048 1168; x_wconf 77' lang='lat' dir='ltr'><strong>eo</strong></span> <span class='ocrx_word' id='word_1_101' title='bbox 1060 1109 1168 1188; x_wconf 84' lang='lat' dir='ltr'><strong>pertiri,</strong></span> <span class='ocrx_word' id='word_1_102' title='bbox 1183 1127 1250 1186; x_wconf 83' lang='lat' dir='ltr'><strong>quse</strong></span> <span class='ocrx_word' id='word_1_103' title='bbox 1269 1129 1329 1170; x_wconf 89' lang='lat' dir='ltr'><strong>uon</strong></span> <span class='ocrx_word' id='word_1_104' title='bbox 1348 1131 1420 1188; x_wconf 84' lang='lat' dir='ltr'><strong>poc·</strong></span> 
     </span>
     <span class='ocr_line' id='line_1_11' title="bbox 211 1189 1419 1267; baseline 0 -16"><span class='ocrx_word' id='word_1_105' title='bbox 211 1211 313 1252; x_wconf 85' lang='lat' dir='ltr'><strong>sumus</strong></span> <span class='ocrx_word' id='word_1_106' title='bbox 325 1190 413 1250; x_wconf 91' lang='lat' dir='ltr'><strong>unico</strong></span> <span class='ocrx_word' id='word_1_107' title='bbox 426 1207 546 1267; x_wconf 81' lang='lat' dir='ltr'><strong>cepere3</strong></span> <span class='ocrx_word' id='word_1_108' title='bbox 569 1189 622 1248; x_wconf 88' lang='lat' dir='ltr'><strong>sed</strong></span> <span class='ocrx_word' id='word_1_109' title='bbox 634 1207 694 1248; x_wconf 90' lang='lat' dir='ltr'><strong>uon</strong></span> <span class='ocrx_word' id='word_1_110' title='bbox 706 1209 726 1247; x_wconf 72' lang='lat' dir='ltr'><strong>c</strong></span> <span class='ocrx_word' id='word_1_111' title='bbox 738 1197 820 1266; x_wconf 70' lang='lat' dir='ltr'><strong>perte</strong></span> <span class='ocrx_word' id='word_1_112' title='bbox 833 1189 926 1266; x_wconf 80' lang='lat' dir='ltr'><strong>ipsius</strong></span> <span class='ocrx_word' id='word_1_113' title='bbox 940 1189 1006 1262; x_wconf 91' lang='lat' dir='ltr'><strong>Dei,</strong></span> <span class='ocrx_word' id='word_1_114' title='bbox 1021 1189 1072 1266; x_wconf 90' lang='lat' dir='ltr'><strong>qni</strong></span> <span class='ocrx_word' id='word_1_115' title='bbox 1092 1189 1148 1248; x_wconf 81' lang='lat' dir='ltr'><strong>istc</strong></span> <span class='ocrx_word' id='word_1_116' title='bbox 1161 1190 1260 1248; x_wconf 79' lang='lat' dir='ltr'><strong>omnis</strong></span> <span class='ocrx_word' id='word_1_117' title='bbox 1278 1190 1365 1250; x_wconf 88' lang='lat' dir='ltr'><strong>unioo</strong></span> <span class='ocrx_word' id='word_1_118' title='bbox 1386 1199 1419 1251; x_wconf 88' lang='lat' dir='ltr'><strong>et</strong></span> 
     </span>
     <span class='ocr_line' id='line_1_12' title="bbox 211 1268 1421 1348; baseline 0.002 -19"><span class='ocrx_word' id='word_1_119' title='bbox 211 1269 425 1348; x_wconf 83' lang='lat' dir='ltr'><strong>simplicissimo</strong></span> <span class='ocrx_word' id='word_1_120' title='bbox 439 1278 507 1329; x_wconf 73' lang='lat' dir='ltr'><strong>ectu</strong></span> <span class='ocrx_word' id='word_1_121' title='bbox 520 1288 610 1346; x_wconf 85' lang='lat' dir='ltr'><strong>penes</strong></span> <span class='ocrx_word' id='word_1_122' title='bbox 623 1289 655 1328; x_wconf 87' lang='lat' dir='ltr'><strong>se</strong></span> <span class='ocrx_word' id='word_1_123' title='bbox 669 1268 807 1344; x_wconf 77' lang='lat' dir='ltr'><strong>decuerit,</strong></span> <span class='ocrx_word' id='word_1_124' title='bbox 822 1277 882 1328; x_wconf 86' lang='lat' dir='ltr'><strong>tom</strong></span> <span class='ocrx_word' id='word_1_125' title='bbox 896 1289 931 1328; x_wconf 82' lang='lat' dir='ltr'><strong>es</strong></span> <span class='ocrx_word' id='word_1_126' title='bbox 943 1289 1009 1346; x_wconf 78' lang='lat' dir='ltr'><strong>quse</strong></span> <span class='ocrx_word' id='word_1_127' title='bbox 1022 1269 1060 1328; x_wconf 82' lang='lat' dir='ltr'><strong>cd</strong></span> <span class='ocrx_word' id='word_1_128' title='bbox 1073 1268 1169 1345; x_wconf 87' lang='lat' dir='ltr'><strong>finem,</strong></span> <span class='ocrx_word' id='word_1_129' title='bbox 1183 1289 1272 1347; x_wconf 81' lang='lat' dir='ltr'><strong>quem</strong></span> <span class='ocrx_word' id='word_1_130' title='bbox 1290 1289 1356 1348; x_wconf 72' lang='lat' dir='ltr'><strong>qun</strong></span> <span class='ocrx_word' id='word_1_131' title='bbox 1378 1271 1421 1332; x_wconf 72' lang='lat' dir='ltr'><strong>sd</strong></span> 
     </span>
     <span class='ocr_line' id='line_1_13' title="bbox 210 1349 1418 1428; baseline 0 -18"><span class='ocrx_word' id='word_1_132' title='bbox 210 1351 307 1410; x_wconf 79' lang='lat' dir='ltr'><strong>medis</strong></span> <span class='ocrx_word' id='word_1_133' title='bbox 319 1358 471 1428; x_wconf 81' lang='lat' dir='ltr'><strong>spectent3</strong></span> <span class='ocrx_word' id='word_1_134' title='bbox 493 1367 552 1426; x_wconf 89' lang='lat' dir='ltr'><strong>quo</strong></span> <span class='ocrx_word' id='word_1_135' title='bbox 567 1365 655 1408; x_wconf 88' lang='lat' dir='ltr'><strong>sensu</strong></span> <span class='ocrx_word' id='word_1_136' title='bbox 667 1357 745 1408; x_wconf 84' lang='lat' dir='ltr'><strong>reete</strong></span> <span class='ocrx_word' id='word_1_137' title='bbox 759 1349 866 1409; x_wconf 86' lang='lat' dir='ltr'><strong>dicitur</strong></span> <span class='ocrx_word' id='word_1_138' title='bbox 878 1361 942 1408; x_wconf 83' lang='lat' dir='ltr'><strong>esee</strong></span> <span class='ocrx_word' id='word_1_139' title='bbox 956 1356 1069 1408; x_wconf 74' lang='lat' dir='ltr'><strong>tentrun</strong></span> <span class='ocrx_word' id='word_1_140' title='bbox 1083 1349 1114 1406; x_wconf 92' lang='lat' dir='ltr'><strong>in</strong></span> <span class='ocrx_word' id='word_1_141' title='bbox 1128 1349 1193 1409; x_wconf 86' lang='lat' dir='ltr'><strong>Deo</strong></span> <span class='ocrx_word' id='word_1_142' title='bbox 1214 1349 1334 1410; x_wconf 86' lang='lat' dir='ltr'><strong>unicum</strong></span> <span class='ocrx_word' id='word_1_143' title='bbox 1356 1351 1418 1410; x_wconf 80' lang='lat' dir='ltr'><strong>De·</strong></span> 
     </span>
     <span class='ocr_line' id='line_1_14' title="bbox 210 1428 1419 1507; baseline 0 -17"><span class='ocrx_word' id='word_1_144' title='bbox 210 1440 330 1506; x_wconf 86' lang='lat' dir='ltr'><strong>eretum,</strong></span> <span class='ocrx_word' id='word_1_145' title='bbox 353 1429 547 1507; x_wconf 85' lang='lat' dir='ltr'><strong>complectens</strong></span> <span class='ocrx_word' id='word_1_146' title='bbox 569 1428 656 1487; x_wconf 86' lang='lat' dir='ltr'><strong>simul</strong></span> <span class='ocrx_word' id='word_1_147' title='bbox 675 1429 764 1486; x_wconf 88' lang='lat' dir='ltr'><strong>finem</strong></span> <span class='ocrx_word' id='word_1_148' title='bbox 783 1437 813 1488; x_wconf 88' lang='lat' dir='ltr'><strong>et</strong></span> <span class='ocrx_word' id='word_1_149' title='bbox 833 1429 936 1504; x_wconf 74' lang='lat' dir='ltr'><strong>medis,</strong></span> <span class='ocrx_word' id='word_1_150' title='bbox 959 1448 1017 1506; x_wconf 87' lang='lat' dir='ltr'><strong>quo</strong></span> <span class='ocrx_word' id='word_1_151' title='bbox 1041 1429 1192 1489; x_wconf 82' lang='lat' dir='ltr'><strong>constituit</strong></span> <span class='ocrx_word' id='word_1_152' title='bbox 1211 1430 1419 1490; x_wconf 82' lang='lat' dir='ltr'><strong>nonnullorum</strong></span> 
     </span>
     <span class='ocr_line' id='line_1_15' title="bbox 209 1507 1420 1588; baseline 0.001 -19"><span class='ocrx_word' id='word_1_153' title='bbox 209 1527 270 1588; x_wconf 76' lang='lat' dir='ltr'><strong>prce</strong></span> <span class='ocrx_word' id='word_1_154' title='bbox 284 1509 396 1569; x_wconf 79' lang='lat' dir='ltr'><strong>certeris</strong></span> <span class='ocrx_word' id='word_1_155' title='bbox 405 1508 535 1568; x_wconf 87' lang='lat' dir='ltr'><strong>misereri</strong></span> <span class='ocrx_word' id='word_1_156' title='bbox 544 1507 723 1584; x_wconf 78' lang='lat' dir='ltr'><strong>adsalutem,</strong></span> <span class='ocrx_word' id='word_1_157' title='bbox 733 1517 821 1568; x_wconf 87' lang='lat' dir='ltr'><strong>eteos</strong></span> <span class='ocrx_word' id='word_1_158' title='bbox 832 1529 883 1586; x_wconf 90' lang='lat' dir='ltr'><strong>per</strong></span> <span class='ocrx_word' id='word_1_159' title='bbox 893 1517 922 1568; x_wconf 85' lang='lat' dir='ltr'><strong>et</strong></span> <span class='ocrx_word' id='word_1_160' title='bbox 932 1517 1050 1586; x_wconf 82' lang='lat' dir='ltr'><strong>propter</strong></span> <span class='ocrx_word' id='word_1_161' title='bbox 1060 1509 1208 1568; x_wconf 76' lang='lat' dir='ltr'><strong>Christum</strong></span> <span class='ocrx_word' id='word_1_162' title='bbox 1217 1529 1343 1569; x_wconf 72' lang='lat' dir='ltr'><strong>seruere.</strong></span> <span class='ocrx_word' id='word_1_163' title='bbox 1379 1511 1420 1570; x_wconf 91' lang='lat' dir='ltr'><strong>In</strong></span> 
     </span>
     <span class='ocr_line' id='line_1_16' title="bbox 210 1588 1420 1668; baseline 0.001 -19"><span class='ocrx_word' id='word_1_164' title='bbox 210 1610 269 1668; x_wconf 80' lang='lat' dir='ltr'><strong>qne</strong></span> <span class='ocrx_word' id='word_1_165' title='bbox 283 1589 467 1668; x_wconf 74' lang='lat' dir='ltr'><strong>simplicitate</strong></span> <span class='ocrx_word' id='word_1_166' title='bbox 480 1595 510 1648; x_wconf 88' lang='lat' dir='ltr'><strong>et</strong></span> <span class='ocrx_word' id='word_1_167' title='bbox 531 1588 687 1648; x_wconf 71' lang='lat' dir='ltr'><strong>sobrietate</strong></span> <span class='ocrx_word' id='word_1_168' title='bbox 707 1589 947 1666; x_wconf 72' lang='lat' dir='ltr'><strong>acquiescendum</strong></span> <span class='ocrx_word' id='word_1_169' title='bbox 968 1589 1052 1647; x_wconf 89' lang='lat' dir='ltr'><strong>uobis</strong></span> <span class='ocrx_word' id='word_1_170' title='bbox 1071 1597 1224 1666; x_wconf 75' lang='lat' dir='ltr'><strong>putemus3</strong></span> <span class='ocrx_word' id='word_1_171' title='bbox 1246 1595 1280 1649; x_wconf 89' lang='lat' dir='ltr'><strong>ut</strong></span> <span class='ocrx_word' id='word_1_172' title='bbox 1299 1591 1420 1650; x_wconf 79' lang='lat' dir='ltr'><strong>solliciti</strong></span> 
     </span>
     <span class='ocr_line' id='line_1_17' title="bbox 210 1667 1421 1748; baseline 0.002 -19"><span class='ocrx_word' id='word_1_173' title='bbox 210 1669 307 1748; x_wconf 86' lang='lat' dir='ltr'><strong>potius</strong></span> <span class='ocrx_word' id='word_1_174' title='bbox 322 1669 412 1727; x_wconf 88' lang='lat' dir='ltr'><strong>simus</strong></span> <span class='ocrx_word' id='word_1_175' title='bbox 420 1668 457 1728; x_wconf 93' lang='lat' dir='ltr'><strong>de</strong></span> <span class='ocrx_word' id='word_1_176' title='bbox 472 1667 592 1727; x_wconf 72' lang='lat' dir='ltr'><strong>solutori</strong></span> <span class='ocrx_word' id='word_1_177' title='bbox 606 1668 664 1728; x_wconf 79' lang='lat' dir='ltr'><strong>isto</strong></span> <span class='ocrx_word' id='word_1_178' title='bbox 676 1667 808 1728; x_wconf 83' lang='lat' dir='ltr'><strong>doctrine</strong></span> <span class='ocrx_word' id='word_1_179' title='bbox 820 1669 858 1728; x_wconf 74' lang='lat' dir='ltr'><strong>ed</strong></span> <span class='ocrx_word' id='word_1_180' title='bbox 871 1669 985 1746; x_wconf 83' lang='lat' dir='ltr'><strong>proxim</strong></span> <span class='ocrx_word' id='word_1_181' title='bbox 998 1669 1162 1728; x_wconf 64' lang='lat' dir='ltr'><strong>revocando</strong></span> <span class='ocrx_word' id='word_1_182' title='bbox 1174 1687 1226 1747; x_wconf 87' lang='lat' dir='ltr'><strong>per</strong></span> <span class='ocrx_word' id='word_1_183' title='bbox 1247 1670 1364 1748; x_wconf 78' lang='lat' dir='ltr'><strong>pietatis</strong></span> <span class='ocrx_word' id='word_1_184' title='bbox 1387 1680 1421 1731; x_wconf 84' lang='lat' dir='ltr'><strong>ct</strong></span> 
     </span>
     <span class='ocr_line' id='line_1_18' title="bbox 211 1747 1419 1822; baseline 0.002 -14"><span class='ocrx_word' id='word_1_185' title='bbox 211 1748 449 1808; x_wconf 75' lang='lat' dir='ltr'><strong>emetidcetionis</strong></span> <span class='ocrx_word' id='word_1_186' title='bbox 463 1747 601 1822; x_wconf 88' lang='lat' dir='ltr'><strong>studium,</strong></span> <span class='ocrx_word' id='word_1_187' title='bbox 616 1748 697 1807; x_wconf 91' lang='lat' dir='ltr'><strong>etde</strong></span> <span class='ocrx_word' id='word_1_188' title='bbox 711 1749 908 1808; x_wconf 65' lang='lat' dir='ltr'><strong>confirmando</strong></span> <span class='ocrx_word' id='word_1_189' title='bbox 921 1749 1071 1807; x_wconf 72' lang='lat' dir='ltr'><strong>illectione</strong></span> <span class='ocrx_word' id='word_1_190' title='bbox 1090 1756 1120 1808; x_wconf 86' lang='lat' dir='ltr'><strong>et</strong></span> <span class='ocrx_word' id='word_1_191' title='bbox 1133 1749 1295 1809; x_wconf 71' lang='lat' dir='ltr'><strong>Vocetione</strong></span> <span class='ocrx_word' id='word_1_192' title='bbox 1317 1759 1419 1810; x_wconf 73' lang='lat' dir='ltr'><strong>nosue</strong></span> 
     </span>
     <span class='ocr_line' id='line_1_19' title="bbox 230 1827 1419 1910; baseline 0.001 -21"><span class='ocrx_word' id='word_1_193' title='bbox 230 1848 261 1889; x_wconf 90' lang='lat' dir='ltr'><strong>er</strong></span> <span class='ocrx_word' id='word_1_194' title='bbox 273 1829 351 1887; x_wconf 82' lang='lat' dir='ltr'><strong>bons</strong></span> <span class='ocrx_word' id='word_1_195' title='bbox 365 1845 460 1906; x_wconf 83' lang='lat' dir='ltr'><strong>open,</strong></span> <span class='ocrx_word' id='word_1_196' title='bbox 472 1845 560 1904; x_wconf 82' lang='lat' dir='ltr'><strong>quern</strong></span> <span class='ocrx_word' id='word_1_197' title='bbox 574 1827 611 1886; x_wconf 84' lang='lat' dir='ltr'><strong>de</strong></span> <span class='ocrx_word' id='word_1_198' title='bbox 624 1829 806 1888; x_wconf 76' lang='lat' dir='ltr'><strong>excutiendis</strong></span> <span class='ocrx_word' id='word_1_199' title='bbox 817 1829 901 1888; x_wconf 83' lang='lat' dir='ltr'><strong>venis</strong></span> <span class='ocrx_word' id='word_1_200' title='bbox 911 1837 941 1888; x_wconf 87' lang='lat' dir='ltr'><strong>et</strong></span> <span class='ocrx_word' id='word_1_201' title='bbox 953 1829 1098 1910; x_wconf 57' lang='lat' dir='ltr'><strong>&amp;spinos</strong></span> <span class='ocrx_word' id='word_1_202' title='bbox 1111 1830 1328 1906; x_wconf 69' lang='lat' dir='ltr'><strong>quaestionibus,</strong></span> <span class='ocrx_word' id='word_1_203' title='bbox 1343 1851 1419 1907; x_wconf 79' lang='lat' dir='ltr'><strong>quse</strong></span> 
     </span>
     <span class='ocr_line' id='line_1_20' title="bbox 209 1851 1419 2002; baseline 0.002 -34"><span class='ocrx_word' id='word_1_204' title='bbox 209 1851 360 1968; x_wconf 71' lang='lat' dir='ltr'><strong>dominum</strong></span> <span class='ocrx_word' id='word_1_205' title='bbox 378 1908 526 1967; x_wconf 66' lang='lat' dir='ltr'><strong>temeritas</strong></span> <span class='ocrx_word' id='word_1_206' title='bbox 547 1907 668 2002; x_wconf 76' lang='lat' dir='ltr'><strong>presens</strong></span> <span class='ocrx_word' id='word_1_207' title='bbox 688 1927 806 1969; x_wconf 85' lang='lat' dir='ltr'><strong>movere</strong></span> <span class='ocrx_word' id='word_1_208' title='bbox 826 1909 874 1968; x_wconf 91' lang='lat' dir='ltr'><strong>hic</strong></span> <span class='ocrx_word' id='word_1_209' title='bbox 894 1909 977 1985; x_wconf 82' lang='lat' dir='ltr'><strong>solet,</strong></span> <span class='ocrx_word' id='word_1_210' title='bbox 998 1929 1064 1987; x_wconf 72' lang='lat' dir='ltr'><strong>qun</strong></span> <span class='ocrx_word' id='word_1_211' title='bbox 1085 1909 1280 1970; x_wconf 71' lang='lat' dir='ltr'><strong>curiositatem</strong></span> <span class='ocrx_word' id='word_1_212' title='bbox 1299 1912 1419 1971; x_wconf 82' lang='lat' dir='ltr'><strong>inensm</strong></span> 
     </span>
     <span class='ocr_line' id='line_1_21' title="bbox 209 1987 1418 2146; baseline 0.002 -18"><span class='ocrx_word' id='word_1_213' title='bbox 209 1987 513 2146; x_wconf 50' lang='lat' dir='ltr'><strong>Willlltlfseddlqdddl</strong></span> <span class='ocrx_word' id='word_1_214' title='bbox 521 1987 764 2128; x_wconf 52' lang='lat' dir='ltr'><strong>piqngplrtiiqqqpr</strong></span> <span class='ocrx_word' id='word_1_215' title='bbox 785 2077 815 2128; x_wconf 83' lang='lat' dir='ltr'><strong>et</strong></span> <span class='ocrx_word' id='word_1_216' title='bbox 839 2068 973 2128; x_wconf 77' lang='lat' dir='ltr'><strong>solutoris</strong></span> <span class='ocrx_word' id='word_1_217' title='bbox 999 2087 1071 2128; x_wconf 83' lang='lat' dir='ltr'><strong>usus</strong></span> <span class='ocrx_word' id='word_1_218' title='bbox 1097 2068 1236 2128; x_wconf 82' lang='lat' dir='ltr'><strong>doctrines</strong></span> <span class='ocrx_word' id='word_1_219' title='bbox 1261 2069 1418 2130; x_wconf 69' lang='lat' dir='ltr'><strong>Prodesti-</strong></span> 
     </span>
     <span class='ocr_line' id='line_1_22' title="bbox 209 2147 1420 2226; baseline 0 -16"><span class='ocrx_word' id='word_1_220' title='bbox 209 2150 345 2225; x_wconf 75' lang='lat' dir='ltr'><strong>ustionis,</strong></span> <span class='ocrx_word' id='word_1_221' title='bbox 361 2167 397 2208; x_wconf 89' lang='lat' dir='ltr'><strong>ne</strong></span> <span class='ocrx_word' id='word_1_222' title='bbox 412 2148 511 2224; x_wconf 76' lang='lat' dir='ltr'><strong>ullum,</strong></span> <span class='ocrx_word' id='word_1_223' title='bbox 526 2149 575 2207; x_wconf 86' lang='lat' dir='ltr'><strong>vel</strong></span> <span class='ocrx_word' id='word_1_224' title='bbox 589 2149 780 2225; x_wconf 60' lang='lat' dir='ltr'><strong>depensum</strong></span> <span class='ocrx_word' id='word_1_225' title='bbox 791 2149 948 2224; x_wconf 89' lang='lat' dir='ltr'><strong>hominum,</strong></span> <span class='ocrx_word' id='word_1_226' title='bbox 963 2149 1012 2206; x_wconf 84' lang='lat' dir='ltr'><strong>vel</strong></span> <span class='ocrx_word' id='word_1_227' title='bbox 1032 2147 1158 2226; x_wconf 79' lang='lat' dir='ltr'><strong>proferres</strong></span> <span class='ocrx_word' id='word_1_228' title='bbox 1178 2169 1279 2208; x_wconf 88' lang='lat' dir='ltr'><strong>eorum</strong></span> <span class='ocrx_word' id='word_1_229' title='bbox 1300 2150 1420 2210; x_wconf 68' lang='grc' dir='ltr'><strong><em>ἔίοεηίίω</em></strong></span> 
     </span>
     <span class='ocr_line' id='line_1_23' title="bbox 209 2227 1418 2308; baseline 0 -18"><span class='ocrx_word' id='word_1_230' title='bbox 209 2229 392 2290; x_wconf 76' lang='lat' dir='ltr'><strong>occasionem</strong></span> <span class='ocrx_word' id='word_1_231' title='bbox 406 2229 542 2306; x_wconf 83' lang='lat' dir='ltr'><strong>prsebeet,</strong></span> <span class='ocrx_word' id='word_1_232' title='bbox 555 2229 605 2306; x_wconf 91' lang='lat' dir='ltr'><strong>qui</strong></span> <span class='ocrx_word' id='word_1_233' title='bbox 619 2228 678 2287; x_wconf 93' lang='lat' dir='ltr'><strong>duo</strong></span> <span class='ocrx_word' id='word_1_234' title='bbox 692 2239 761 2287; x_wconf 72' lang='lat' dir='ltr'><strong>nunt</strong></span> <span class='ocrx_word' id='word_1_235' title='bbox 775 2227 896 2288; x_wconf 74' lang='lat' dir='ltr'><strong>infames</strong></span> <span class='ocrx_word' id='word_1_236' title='bbox 910 2228 1030 2306; x_wconf 79' lang='lat' dir='ltr'><strong>scopuli,</strong></span> <span class='ocrx_word' id='word_1_237' title='bbox 1045 2227 1076 2286; x_wconf 88' lang='lat' dir='ltr'><strong>in</strong></span> <span class='ocrx_word' id='word_1_238' title='bbox 1084 2248 1157 2305; x_wconf 87' lang='lat' dir='ltr'><strong>quos</strong></span> <span class='ocrx_word' id='word_1_239' title='bbox 1170 2229 1252 2306; x_wconf 87' lang='lat' dir='ltr'><strong>impii</strong></span> <span class='ocrx_word' id='word_1_240' title='bbox 1265 2247 1418 2308; x_wconf 79' lang='lat' dir='ltr'><strong>perperam</strong></span> 
     </span>
     <span class='ocr_line' id='line_1_24' title="bbox 209 2307 1418 2386; baseline 0.002 -17"><span class='ocrx_word' id='word_1_241' title='bbox 209 2310 419 2384; x_wconf 65' lang='lat' dir='ltr'><strong>substentes,</strong></span> <span class='ocrx_word' id='word_1_242' title='bbox 435 2308 596 2386; x_wconf 80' lang='lat' dir='ltr'><strong>impingere</strong></span> <span class='ocrx_word' id='word_1_243' title='bbox 611 2308 723 2368; x_wconf 82' lang='lat' dir='ltr'><strong>solent:</strong></span> <span class='ocrx_word' id='word_1_244' title='bbox 745 2308 814 2370; x_wconf 89' lang='lat' dir='ltr'><strong>dum</strong></span> <span class='ocrx_word' id='word_1_245' title='bbox 828 2309 878 2366; x_wconf 84' lang='lat' dir='ltr'><strong>elii</strong></span> <span class='ocrx_word' id='word_1_246' title='bbox 892 2327 930 2366; x_wconf 85' lang='lat' dir='ltr'><strong>ex</strong></span> <span class='ocrx_word' id='word_1_247' title='bbox 953 2307 1163 2384; x_wconf 79' lang='lat' dir='ltr'><strong>reprobationis</strong></span> <span class='ocrx_word' id='word_1_248' title='bbox 1182 2309 1418 2371; x_wconf 68' lang='lat' dir='ltr'><strong>immutabilitate</strong></span> 
     </span>
     <span class='ocr_line' id='line_1_25' title="bbox 209 2385 1416 2468; baseline 0.001 -20"><span class='ocrx_word' id='word_1_249' title='bbox 209 2388 403 2448; x_wconf 70' lang='lat' dir='ltr'><strong>damantionis</strong></span> <span class='ocrx_word' id='word_1_250' title='bbox 418 2407 478 2448; x_wconf 81' lang='lat' dir='ltr'><strong>suae</strong></span> <span class='ocrx_word' id='word_1_251' title='bbox 488 2387 699 2463; x_wconf 81' lang='lat' dir='ltr'><strong>certitudinem,</strong></span> <span class='ocrx_word' id='word_1_252' title='bbox 714 2395 744 2446; x_wconf 88' lang='lat' dir='ltr'><strong>et</strong></span> <span class='ocrx_word' id='word_1_253' title='bbox 758 2389 861 2447; x_wconf 85' lang='lat' dir='ltr'><strong>solutis</strong></span> <span class='ocrx_word' id='word_1_254' title='bbox 873 2385 1023 2464; x_wconf 67' lang='grc' dir='ltr'><strong>ἀδυναμίαν,</strong></span> <span class='ocrx_word' id='word_1_255' title='bbox 1038 2388 1176 2466; x_wconf 87' lang='lat' dir='ltr'><strong>quiequid</strong></span> <span class='ocrx_word' id='word_1_256' title='bbox 1189 2389 1284 2448; x_wconf 77' lang='lat' dir='ltr'><strong>faeere</strong></span> <span class='ocrx_word' id='word_1_257' title='bbox 1293 2391 1416 2468; x_wconf 82' lang='lat' dir='ltr'><strong>possint,</strong></span> 
     </span>
     <span class='ocr_line' id='line_1_26' title="bbox 209 2466 1415 2548; baseline 0 -19"><span class='ocrx_word' id='word_1_258' title='bbox 209 2469 349 2544; x_wconf 83' lang='lat' dir='ltr'><strong>eliciuut;</strong></span> <span class='ocrx_word' id='word_1_259' title='bbox 381 2468 433 2526; x_wconf 84' lang='lat' dir='ltr'><strong>elii</strong></span> <span class='ocrx_word' id='word_1_260' title='bbox 446 2485 516 2526; x_wconf 84' lang='lat' dir='ltr'><strong>vero</strong></span> <span class='ocrx_word' id='word_1_261' title='bbox 530 2489 569 2526; x_wconf 85' lang='lat' dir='ltr'><strong>ex</strong></span> <span class='ocrx_word' id='word_1_262' title='bbox 583 2466 743 2526; x_wconf 83' lang='lat' dir='ltr'><strong>Electionis</strong></span> <span class='ocrx_word' id='word_1_263' title='bbox 763 2468 944 2544; x_wconf 79' lang='lat' dir='ltr'><strong>certitudine,</strong></span> <span class='ocrx_word' id='word_1_264' title='bbox 967 2468 1069 2527; x_wconf 78' lang='lat' dir='ltr'><strong>salutis</strong></span> <span class='ocrx_word' id='word_1_265' title='bbox 1089 2487 1149 2528; x_wconf 77' lang='lat' dir='ltr'><strong>sues</strong></span> <span class='ocrx_word' id='word_1_266' title='bbox 1169 2469 1415 2548; x_wconf 64' lang='lat' dir='ltr'><strong>infallibilitatem,</strong></span> 
     </span>
     <span class='ocr_line' id='line_1_27' title="bbox 210 2547 1415 2628; baseline 0.001 -20"><span class='ocrx_word' id='word_1_267' title='bbox 210 2547 471 2627; x_wconf 87' lang='lat' dir='ltr'><strong>quomodocunque</strong></span> <span class='ocrx_word' id='word_1_268' title='bbox 485 2547 596 2622; x_wconf 83' lang='lat' dir='ltr'><strong>virent,</strong></span> <span class='ocrx_word' id='word_1_269' title='bbox 612 2547 762 2624; x_wconf 84' lang='lat' dir='ltr'><strong>colligunt</strong></span> <span class='ocrx_word' id='word_1_270' title='bbox 807 2547 866 2607; x_wconf 84' lang='lat' dir='ltr'><strong>Sed</strong></span> <span class='ocrx_word' id='word_1_271' title='bbox 886 2549 1010 2626; x_wconf 78' lang='lat' dir='ltr'><strong>turpiter</strong></span> <span class='ocrx_word' id='word_1_272' title='bbox 1029 2567 1079 2607; x_wconf 89' lang='lat' dir='ltr'><strong>eos</strong></span> <span class='ocrx_word' id='word_1_273' title='bbox 1099 2547 1271 2608; x_wconf 73' lang='lat' dir='ltr'><strong>hallucinari</strong></span> <span class='ocrx_word' id='word_1_274' title='bbox 1292 2559 1415 2628; x_wconf 75' lang='lat' dir='ltr'><strong>constet,</strong></span> 
     </span>
     <span class='ocr_line' id='line_1_28' title="bbox 209 2627 1416 2708; baseline 0 -20"><span class='ocrx_word' id='word_1_275' title='bbox 209 2649 276 2688; x_wconf 85' lang='lat' dir='ltr'><strong>eum</strong></span> <span class='ocrx_word' id='word_1_276' title='bbox 290 2629 371 2689; x_wconf 83' lang='lat' dir='ltr'><strong>nulls</strong></span> <span class='ocrx_word' id='word_1_277' title='bbox 385 2629 424 2688; x_wconf 89' lang='lat' dir='ltr'><strong>sit</strong></span> <span class='ocrx_word' id='word_1_278' title='bbox 444 2627 583 2702; x_wconf 68' lang='lat' dir='ltr'><strong>doctius,</strong></span> <span class='ocrx_word' id='word_1_279' title='bbox 605 2645 670 2704; x_wconf 80' lang='lat' dir='ltr'><strong>quse</strong></span> <span class='ocrx_word' id='word_1_280' title='bbox 690 2627 830 2704; x_wconf 72' lang='lat' dir='ltr'><strong>majorem</strong></span> <span class='ocrx_word' id='word_1_281' title='bbox 850 2627 985 2688; x_wconf 88' lang='lat' dir='ltr'><strong>fidelibus</strong></span> <span class='ocrx_word' id='word_1_282' title='bbox 1005 2628 1240 2705; x_wconf 73' lang='lat' dir='ltr'><strong>consolationem,</strong></span> <span class='ocrx_word' id='word_1_283' title='bbox 1262 2635 1293 2688; x_wconf 86' lang='lat' dir='ltr'><strong>et</strong></span> <span class='ocrx_word' id='word_1_284' title='bbox 1315 2635 1416 2708; x_wconf 84' lang='lat' dir='ltr'><strong>poten·</strong></span> 
     </span>
     <span class='ocr_line' id='line_1_29' title="bbox 210 2706 1416 2786; baseline 0.001 -18"><span class='ocrx_word' id='word_1_285' title='bbox 210 2711 284 2769; x_wconf 81' lang='lat' dir='ltr'><strong>tiore</strong></span> <span class='ocrx_word' id='word_1_286' title='bbox 297 2709 336 2768; x_wconf 84' lang='lat' dir='ltr'><strong>ed</strong></span> <span class='ocrx_word' id='word_1_287' title='bbox 348 2709 486 2786; x_wconf 72' lang='lat' dir='ltr'><strong>pietatem</strong></span> <span class='ocrx_word' id='word_1_288' title='bbox 500 2716 530 2767; x_wconf 85' lang='lat' dir='ltr'><strong>ct</strong></span> <span class='ocrx_word' id='word_1_289' title='bbox 543 2706 763 2766; x_wconf 72' lang='lat' dir='ltr'><strong>muctimouiem</strong></span> <span class='ocrx_word' id='word_1_290' title='bbox 776 2707 924 2768; x_wconf 80' lang='lat' dir='ltr'><strong>incentive</strong></span> <span class='ocrx_word' id='word_1_291' title='bbox 937 2708 1072 2786; x_wconf 67' lang='lat' dir='ltr'><strong>prebeat,</strong></span> <span class='ocrx_word' id='word_1_292' title='bbox 1095 2709 1121 2767; x_wconf 91' lang='lat' dir='ltr'><strong>si</strong></span> <span class='ocrx_word' id='word_1_293' title='bbox 1140 2709 1206 2786; x_wconf 86' lang='lat' dir='ltr'><strong>quis</strong></span> <span class='ocrx_word' id='word_1_294' title='bbox 1227 2729 1291 2768; x_wconf 72' lang='lat' dir='ltr'><strong>eam</strong></span> <span class='ocrx_word' id='word_1_295' title='bbox 1312 2709 1416 2770; x_wconf 83' lang='lat' dir='ltr'><strong>dextre</strong></span> 
     </span>
     <span class='ocr_line' id='line_1_30' title="bbox 208 2787 1416 2868; baseline 0.001 -21"><span class='ocrx_word' id='word_1_296' title='bbox 208 2789 364 2866; x_wconf 74' lang='lat' dir='ltr'><strong>intelliget,</strong></span> <span class='ocrx_word' id='word_1_297' title='bbox 379 2807 433 2848; x_wconf 88' lang='lat' dir='ltr'><strong>nec</strong></span> <span class='ocrx_word' id='word_1_298' title='bbox 447 2795 562 2865; x_wconf 76' lang='lat' dir='ltr'><strong>separet</strong></span> <span class='ocrx_word' id='word_1_299' title='bbox 573 2795 681 2846; x_wconf 74' lang='lat' dir='ltr'><strong>temere</strong></span> <span class='ocrx_word' id='word_1_300' title='bbox 696 2807 761 2865; x_wconf 79' lang='lat' dir='ltr'><strong>quae</strong></span> <span class='ocrx_word' id='word_1_301' title='bbox 776 2787 858 2846; x_wconf 88' lang='lat' dir='ltr'><strong>Deus</strong></span> <span class='ocrx_word' id='word_1_302' title='bbox 879 2787 1041 2866; x_wconf 76' lang='lat' dir='ltr'><strong>conjunxit,</strong></span> <span class='ocrx_word' id='word_1_303' title='bbox 1063 2788 1112 2846; x_wconf 82' lang='lat' dir='ltr'><strong>vel</strong></span> <span class='ocrx_word' id='word_1_304' title='bbox 1132 2789 1292 2867; x_wconf 83' lang='lat' dir='ltr'><strong>conjunget</strong></span> <span class='ocrx_word' id='word_1_305' title='bbox 1313 2809 1416 2868; x_wconf 88' lang='lat' dir='ltr'><strong>perpe·</strong></span> 
     </span>
     <span class='ocr_line' id='line_1_31' title="bbox 210 2867 1416 2947; baseline 0.001 -19"><span class='ocrx_word' id='word_1_306' title='bbox 210 2889 274 2928; x_wconf 83' lang='lat' dir='ltr'><strong>rom</strong></span> <span class='ocrx_word' id='word_1_307' title='bbox 300 2887 365 2945; x_wconf 74' lang='lat' dir='ltr'><strong>quoe</strong></span> <span class='ocrx_word' id='word_1_308' title='bbox 392 2867 545 2946; x_wconf 77' lang='lat' dir='ltr'><strong>separavit,</strong></span> <span class='ocrx_word' id='word_1_309' title='bbox 567 2867 618 2945; x_wconf 91' lang='lat' dir='ltr'><strong>qui</strong></span> <span class='ocrx_word' id='word_1_310' title='bbox 637 2867 800 2945; x_wconf 66' lang='lat' dir='ltr'><strong>precipuus</strong></span> <span class='ocrx_word' id='word_1_311' title='bbox 820 2875 867 2928; x_wconf 80' lang='lat' dir='ltr'><strong>eet</strong></span> <span class='ocrx_word' id='word_1_312' title='bbox 885 2867 950 2928; x_wconf 86' lang='lat' dir='ltr'><strong>fons</strong></span> <span class='ocrx_word' id='word_1_313' title='bbox 971 2867 1076 2927; x_wconf 81' lang='lat' dir='ltr'><strong>erroris</strong></span> <span class='ocrx_word' id='word_1_314' title='bbox 1095 2868 1266 2947; x_wconf 68' lang='lat' dir='ltr'><strong>impiorum</strong></span> <span class='ocrx_word' id='word_1_315' title='bbox 1297 2869 1416 2929; x_wconf 73' lang='lat' dir='ltr'><strong>Proferri</strong></span> 
     </span>
    </p>
   </div>
   <div class='ocr_carea' id='block_1_3' title="bbox 206 2927 1417 3346">
    <p class='ocr_par' dir='ltr' id='par_1_3' title="bbox 206 2927 1417 3346">
     <span class='ocr_line' id='line_1_32' title="bbox 208 2927 1417 3027; baseline 0.002 -20"><span class='ocrx_word' id='word_1_316' title='bbox 208 2949 318 3026; x_wconf 84' lang='lat' dir='ltr'><strong>quippe</strong></span> <span class='ocrx_word' id='word_1_317' title='bbox 332 2949 426 3006; x_wconf 81' lang='lat' dir='ltr'><strong>media</strong></span> <span class='ocrx_word' id='word_1_318' title='bbox 438 2969 459 3007; x_wconf 85' lang='lat' dir='ltr'><strong>o</strong></span> <span class='ocrx_word' id='word_1_319' title='bbox 464 2949 526 3027; x_wconf 79' lang='lat' dir='ltr'><strong>fine</strong></span> <span class='ocrx_word' id='word_1_320' title='bbox 540 2956 683 3025; x_wconf 70' lang='lat' dir='ltr'><strong>separent,</strong></span> <span class='ocrx_word' id='word_1_321' title='bbox 698 2947 767 3008; x_wconf 87' lang='lat' dir='ltr'><strong>dum</strong></span> <span class='ocrx_word' id='word_1_322' title='bbox 782 2949 905 3008; x_wconf 75' lang='lat' dir='ltr'><strong>salutem</strong></span> <span class='ocrx_word' id='word_1_323' title='bbox 920 2927 980 3006; x_wconf 67' lang='lat' dir='ltr'><strong>siti</strong></span> <span class='ocrx_word' id='word_1_324' title='bbox 989 2948 1162 3026; x_wconf 84' lang='lat' dir='ltr'><strong>pollicentur</strong></span> <span class='ocrx_word' id='word_1_325' title='bbox 1175 2948 1238 3008; x_wconf 84' lang='lat' dir='ltr'><strong>sinc</strong></span> <span class='ocrx_word' id='word_1_326' title='bbox 1252 2950 1417 3010; x_wconf 67' lang='lat' dir='ltr'><strong>sanctitatis</strong></span> 
     </span>
     <span class='ocr_line' id='line_1_33' title="bbox 207 3027 1416 3107; baseline 0.002 -20"><span class='ocrx_word' id='word_1_327' title='bbox 207 3027 317 3104; x_wconf 86' lang='lat' dir='ltr'><strong>studio,</strong></span> <span class='ocrx_word' id='word_1_328' title='bbox 333 3028 382 3088; x_wconf 81' lang='lat' dir='ltr'><strong>olii</strong></span> <span class='ocrx_word' id='word_1_329' title='bbox 396 3029 562 3107; x_wconf 78' lang='lat' dir='ltr'><strong>rerofinem</strong></span> <span class='ocrx_word' id='word_1_330' title='bbox 575 3047 596 3086; x_wconf 82' lang='lat' dir='ltr'><strong><em>a</em></strong></span> <span class='ocrx_word' id='word_1_331' title='bbox 609 3028 715 3104; x_wconf 75' lang='lat' dir='ltr'><strong>mediis,</strong></span> <span class='ocrx_word' id='word_1_332' title='bbox 732 3028 801 3088; x_wconf 90' lang='lat' dir='ltr'><strong>dum</strong></span> <span class='ocrx_word' id='word_1_333' title='bbox 814 3029 851 3088; x_wconf 90' lang='lat' dir='ltr'><strong>de</strong></span> <span class='ocrx_word' id='word_1_334' title='bbox 873 3028 966 3088; x_wconf 68' lang='lat' dir='ltr'><strong>solute</strong></span> <span class='ocrx_word' id='word_1_335' title='bbox 990 3027 1152 3106; x_wconf 67' lang='lat' dir='ltr'><strong>desperem,</strong></span> <span class='ocrx_word' id='word_1_336' title='bbox 1177 3029 1248 3088; x_wconf 87' lang='lat' dir='ltr'><strong>licet</strong></span> <span class='ocrx_word' id='word_1_337' title='bbox 1268 3029 1416 3090; x_wconf 74' lang='lat' dir='ltr'><strong>senctitcti</strong></span> 
     </span>
     <span class='ocr_line' id='line_1_34' title="bbox 206 3107 1416 3188; baseline 0.002 -21"><span class='ocrx_word' id='word_1_338' title='bbox 206 3127 328 3186; x_wconf 84' lang='lat' dir='ltr'><strong>opercrn</strong></span> <span class='ocrx_word' id='word_1_339' title='bbox 342 3107 452 3167; x_wconf 78' lang='lat' dir='ltr'><strong>dorent.</strong></span> <span class='ocrx_word' id='word_1_340' title='bbox 496 3107 635 3186; x_wconf 78' lang='lat' dir='ltr'><strong>Quisquis</strong></span> <span class='ocrx_word' id='word_1_341' title='bbox 647 3125 718 3168; x_wconf 80' lang='lat' dir='ltr'><strong>vero</strong></span> <span class='ocrx_word' id='word_1_342' title='bbox 731 3108 789 3168; x_wconf 85' lang='lat' dir='ltr'><strong>iste</strong></span> <span class='ocrx_word' id='word_1_343' title='bbox 801 3109 878 3169; x_wconf 86' lang='lat' dir='ltr'><strong>inter</strong></span> <span class='ocrx_word' id='word_1_344' title='bbox 891 3127 954 3168; x_wconf 78' lang='lat' dir='ltr'><strong>see</strong></span> <span class='ocrx_word' id='word_1_345' title='bbox 974 3109 1038 3168; x_wconf 88' lang='lat' dir='ltr'><strong>Deo</strong></span> <span class='ocrx_word' id='word_1_346' title='bbox 1052 3127 1184 3168; x_wconf 77' lang='lat' dir='ltr'><strong>connexe</strong></span> <span class='ocrx_word' id='word_1_347' title='bbox 1203 3117 1282 3168; x_wconf 73' lang='lat' dir='ltr'><strong>arcte</strong></span> <span class='ocrx_word' id='word_1_348' title='bbox 1302 3128 1416 3188; x_wconf 87' lang='lat' dir='ltr'><strong>semper</strong></span> 
     </span>
     <span class='ocr_line' id='line_1_35' title="bbox 209 3187 1415 3326; baseline 0.003 -80"><span class='ocrx_word' id='word_1_349' title='bbox 209 3187 405 3326; x_wconf 48' lang='lat' dir='ltr'><strong>conjunxerli&#39;t,</strong></span> <span class='ocrx_word' id='word_1_350' title='bbox 419 3205 475 3247; x_wconf 88' lang='lat' dir='ltr'><strong>nec</strong></span> <span class='ocrx_word' id='word_1_351' title='bbox 487 3188 527 3247; x_wconf 85' lang='lat' dir='ltr'><strong>cd</strong></span> <span class='ocrx_word' id='word_1_352' title='bbox 539 3188 778 3267; x_wconf 63' lang='lat' dir='ltr'><strong>desperationem,</strong></span> <span class='ocrx_word' id='word_1_353' title='bbox 794 3209 848 3250; x_wconf 85' lang='lat' dir='ltr'><strong>nec</strong></span> <span class='ocrx_word' id='word_1_354' title='bbox 862 3187 900 3249; x_wconf 82' lang='lat' dir='ltr'><strong>cd</strong></span> <span class='ocrx_word' id='word_1_355' title='bbox 912 3188 1059 3250; x_wconf 79' lang='lat' dir='ltr'><strong>licentiam</strong></span> <span class='ocrx_word' id='word_1_356' title='bbox 1073 3189 1204 3249; x_wconf 78' lang='lat' dir='ltr'><strong>doctrine</strong></span> <span class='ocrx_word' id='word_1_357' title='bbox 1216 3189 1274 3249; x_wconf 83' lang='lat' dir='ltr'><strong>ists</strong></span> <span class='ocrx_word' id='word_1_358' title='bbox 1295 3189 1415 3250; x_wconf 70' lang='lat' dir='ltr'><strong>salutari</strong></span> 
     </span>
     <span class='ocr_line' id='line_1_36' title="bbox 207 3275 497 3346; baseline 0 -20"><span class='ocrx_word' id='word_1_359' title='bbox 207 3285 339 3346; x_wconf 78' lang='lat' dir='ltr'><strong>unquam</strong></span> <span class='ocrx_word' id='word_1_360' title='bbox 353 3287 372 3326; x_wconf 84' lang='lat' dir='ltr'><strong>s.</strong></span> <span class='ocrx_word' id='word_1_361' title='bbox 391 3275 497 3326; x_wconf 88' lang='lat' dir='ltr'><strong>utetur.</strong></span> 
     </span>
    </p>
   </div>
   <div class='ocr_carea' id='block_1_4' title="bbox 0 0 1584 5173">
    <p class='ocr_par' dir='ltr' id='par_1_4' title="bbox 0 0 1584 5173">
     <span class='ocr_line' id='line_1_37' title="bbox 0 0 1584 5173; baseline 0 0"><span class='ocrx_word' id='word_1_362' title='bbox 0 0 1584 5173; x_wconf 95' lang='lat' dir='ltr'><strong> </strong></span> 
     </span>
    </p>
   </div>
  </div>
 </body>
</html>
