3158 5180
263 385 323 444 364
735 400 827 441 noers
841 399 985 450 Quassus
1249 377 1375 462 [ounsr.
1389 401 1457 444 nvn.

261 543 342 602 Dens
355 541 432 602 velle
449 547 548 605 cutim
570 541 608 601 id.
622 542 741 617 amori,
764 543 816 601 sed
836 561 895 601 non
911 542 994 619 ου’ζω
1009 541 1047 601 id
1064 563 1186 618 semare,
1201 542 1272 620 quia
1285 561 1302 600 a
1315 541 1455 602 voluntate

259 624 387 684 revalata
400 623 623 700 approbationis,
639 622 676 681 ad
690 622 870 682 voluntatem
884 643 1018 682 mennam
1037 623 1210 700 beneplaciti
1232 643 1291 681 non
1306 623 1383 680 valet
1395 643 1455 682 con·

259 703 427 781 sequentia:
447 703 516 762 Sive
526 702 723 780 intelligamus
732 704 913 762 voluntatem
922 703 1096 781 beneplaciti
1104 713 1134 762 et
1142 703 1250 762 decreti
1262 723 1328 761 cum
1339 703 1455 780 Caluino,

259 795 289 844 et
302 784 385 859 aliis;
409 782 487 861 quod
501 783 720 842 convenientius
734 783 858 860 videtur,
874 784 943 862 quia
956 784 1097 861 particula
1110 805 1211 859 omnes,
1226 802 1287 842 non
1297 783 1458 842 damam

258 885 311 944 pro
325 864 440 940 ainpulr‘s
451 883 587 939 pennum
607 863 654 922 hic
676 865 807 940 sumitur,
824 863 876 924 sed
896 867 1033 924 collective
1053 884 1105 942 pro
1124 865 1272 941 gennabus
1285 865 1457 940 sinyrdornn,

257 944 307 1021 id,
323 947 440 1004 utBeza
453 945 550 1020 vertit,
562 963 615 1020 pro
629 944 766 1020 quadrari
779 965 818 1003 ex
831 945 910 1003 omni
924 955 1019 1022 gente,
1035 944 1208 1020 conditione,
1226 951 1321 1020 aetate,
1337 963 1370 1002 ac
1384 963 1457 1019 sexu,

257 1035 291 1084 ut
305 1045 407 1084 sensus
422 1025 468 1098 sit,
484 1025 580 1083 Deum
593 1024 670 1082 velle
684 1045 743 1083 non
757 1044 857 1083 omnes
871 1025 1022 1104 sigillatim
1038 1026 1179 1100 homines,
1195 1023 1250 1083 sed
1264 1043 1302 1083 ex
1316 1023 1458 1100 quibusvis

258 1106 407 1164 hominurn
430 1104 594 1182 generibus,
621 1104 683 1163 sive
708 1104 866 1180 ordinibus,
882 1105 995 1182 aliquos
1020 1105 1117 1164 salvos
1140 1104 1213 1182 fieri,
1238 1113 1269 1162 et
1294 1113 1326 1162 ut
1349 1103 1459 1180 exponit

258 1189 376 1264 Auqtast.
391 1185 493 1244 Eucti.
508 1187 550 1244 ad
561 1186 653 1244 Laur.
668 1205 693 1244 c.
711 1187 777 1260 103,
795 1185 916 1246 “Omne
930 1205 1023 1263 genus
1036 1186 1194 1244 humanum
1215 1204 1270 1263 per
1283 1203 1458 1261 quascunque

259 1266 437 1326 differentias
451 1264 645 1340 distributum,
661 1285 753 1343 reges,
775 1266 921 1344 primates,
937 1266 1058 1342 nobiles,
1081 1265 1236 1344 ignobiles,
1253 1265 1397 1338 sublimes,
1412 1263 1458 1322 hu-

259 1347 352 1422 miles,
375 1345 484 1422 doctos,
506 1345 647 1422 indoctos,
662 1342 717 1404 &a
738 1346 769 1403 in
789 1346 898 1424 linguis
913 1347 1054 1422 omnibus,
1077 1347 1108 1404 in
1127 1346 1261 1406 moribus
1275 1345 1413 1420 omnibus,
1433 1344 1459 1402 in

259 1427 393 1488 aetatibus
407 1426 549 1502 omnibus,
571 1425 602 1484 in
621 1425 849 1504 professionibus
869 1427 1011 1503 omuibus,
1033 1427 1064 1486 in
1077 1425 1265 1486 voluntatum
1279 1433 1308 1484 et
1322 1426 1458 1484 conanen-

258 1508 363 1566 tiarum
378 1507 516 1566 varietate
537 1506 740 1566 innumerabili
760 1506 934 1584 constitutis,
950 1516 981 1567 et
1000 1508 1025 1568 si
1045 1506 1117 1586 quid
1136 1506 1220 1566 aliud
1242 1505 1458 1564 differentiarum

259 1595 304 1647 est
324 1588 354 1644 in
370 1586 566 1662 hominibus,”
583 1583 636 1647 dcc.
680 1587 720 1646 Et
739 1587 802 1646 haec
816 1588 960 1665 expositio
980 1589 1073 1665 primo
1087 1587 1330 1647 confirmatur‘ex
1343 1606 1376 1646 eo
1389 1585 1459 1663 quod

258 1667 490 1745 frequentissime
510 1665 541 1724 in
564 1665 714 1744 Scriptura
734 1677 972 1746 syncategorema
992 1668 1071 1728 istud
1091 1688 1126 1727 eo
1147 1686 1239 1727 sensu
1260 1675 1418 1744 usurpatur,
1431 1675 1459 1724 ut

257 1767 348 1825 quum
363 1749 381 1780 ‘⁶
392 1765 476 1806 omne
497 1746 629 1804 animal”
644 1747 751 1807 dicitur
766 1751 784 1781 “
795 1747 884 1808 fuisse
905 1749 936 1806 in
950 1749 1038 1824 Arca,
1061 1748 1229 1808 Pharisaeos
1243 1767 1328 1806 omne
1341 1746 1403 1806 olus
1414 1745 1456 1805 de·

258 1828 389 1903 cimasse‚
405 1827 552 1886 Christum
573 1845 690 1887 sanasse
712 1847 826 1887 omnem
847 1829 979 1888 morbum
998 1829 1030 1887 in
1049 1829 1167 1908 populo,
1183 1847 1302 1888 omnem
1319 1827 1456 1903 Jerosoly·
1553 1868 1557 1877 .

258 1929 335 1967 nram
350 1915 379 1968 et
393 1907 415 1968 J
416 1907 528 1968 udaeam
543 1907 670 1967 exivisse
684 1908 723 1966 ad
743 1908 765 1969 J
766 1909 918 1985 ohannem,
941 1929 1054 1968 ornnem
1072 1929 1187 1968 earnem
1202 1909 1334 1968 visuram
1348 1907 1456 1967 salutem
1546 1912 1550 1921 ‘

259 1989 324 2064 Dei,
340 1988 437 2048 omnia
454 1987 652 2067 quadrupedia
672 1987 761 2048 luisse
781 1989 812 2048 in
832 1988 922 2049 linteo
938 1989 1025 2066 Petri,
1043 1989 1137 2049 Deum
1152 1989 1316 2050 effusurum
1332 1989 1456 2067 Spiritum

258 2089 343 2131 sunm
364 2069 394 2128 in
408 2089 523 2128 omnem
537 2069 682 2144 carnem,”
698 2078 727 2128 et
741 2070 814 2146 sim,
830 2089 895 2148 qum
916 2089 975 2129 non
995 2070 1033 2129 ad
1054 2071 1169 2148 singula
1189 2089 1343 2148 generum,
1357 2067 1406 2128 sed
1424 2065 1454 2124 ad

258 2170 366 2228 genera
380 2150 560 2228 singulorum
577 2149 719 2227 pertinere
733 2169 818 2209 nemo
831 2170 889 2208 non
903 2149 992 2210 videt.
1014 2155 1042 2210 2.
1064 2150 1094 2209 A
1114 2150 1186 2228 pari,
1198 2151 1274 2228 quia
1295 2149 1413 2226 Spiritus
1429 2147 1454 2205 S.

255 2231 335 2296 hunc
350 2250 467 2289 sensum
481 2229 551 2288 alibi
571 2229 655 2288 nobis
670 2230 843 2308 suppeditat,
860 2231 953 2308 Apoe.
968 2251 996 2292 v.
1013 2233 1040 2308 9,
1056 2231 1107 2290 ubi
1126 2231 1233 2290 fideles
1254 2228 1361 2308 gratias
1376 2237 1455 2306 agunt
1554 2262 1559 2303 t

259 2311 384 2385 Christo,
398 2309 477 2387 quod
498 2309 652 2368 redemerit
668 2311 742 2386 ipsos
756 2331 793 2368 ecc
806 2312 884 2370 omni
902 2312 983 2388 tribu,
999 2312 1104 2389 dopna,
1120 2321 1147 2370 et
1160 2313 1285 2389 populo,
1300 2331 1335 2369 ac
1347 2309 1453 2381 nodone,
1555 2344 1559 2355 ·

256 2390 296 2450 id.
311 2409 369 2448 non
384 2409 484 2448 omnes
498 2398 528 2448 et
548 2389 689 2466 singulos,
712 2390 764 2449 sed
783 2390 1034 2452 indiscriminatim
1048 2413 1087 2452 ex
1101 2392 1242 2451 omnibus
1256 2389 1455 2450 conditionibus
1481 2429 1483 2436 ,

257 2479 287 2529 et
307 2469 430 2547 populis.
453 2472 480 2528 3.
505 2468 616 2546 Scopus
639 2468 722 2529 Pauli
743 2470 798 2530 hoc
818 2471 956 2549 postulat,
979 2474 1029 2552 qui
1049 2483 1094 2533 est
1107 2472 1265 2532 ostendere
1280 2470 1454 2549 Magistratus
1557 2501 1567 2524 ς

255 2549 343 2609 etiarn
358 2549 499 2609 Ethnicos
514 2549 567 2608 sub
582 2549 696 2627 objecto
717 2569 835 2628 precum
848 2552 999 2630 contineri,
1015 2562 1045 2614 et
1059 2555 1154 2614 Deum
1174 2573 1233 2631 pro
1255 2551 1314 2612 illis
1328 2549 1453 2610 orandum

256 2650 329 2706 esse,
344 2629 478 2707 quamvis
492 2637 562 2688 tunc
572 2638 670 2688 essent
683 2630 783 2689 hostes
798 2631 947 2709 Ecclesiae,
962 2634 1041 2712 qnod
1054 2635 1154 2694 multis
1167 2633 1339 2714 scrupulum
1352 2648 1454 2690 movere

257 2719 378 2789 poterat,
393 2729 480 2787 quem
501 2717 631 2768 removet
653 2709 770 2787 Paulus,
793 2731 882 2789 quum
903 2713 945 2772 ait
960 2714 1054 2774 Deum
1068 2715 1144 2774 velle
1158 2733 1264 2774 omnes
1278 2713 1372 2774 salvos
1390 2710 1451 2784 fieri,

256 2791 296 2850 id.
311 2811 349 2850 ex
363 2790 441 2849 omni
456 2789 556 2849 ordine
569 2788 728 2867 hominurn,
743 2801 830 2869 atque
839 2792 912 2852 adeo
926 2814 1011 2871 posse
1025 2795 1164 2855 etiamen
1178 2795 1316 2872 Regibus
1329 2803 1358 2852 et
1370 2792 1452 2867 impe·
1567 2808 1568 2820 ¹

256 2871 400 2932 ratoribns
414 2871 527 2948 aliquos
541 2889 705 2947 assumere;
727 2891 794 2930 cnm
803 2891 874 2931 vero
885 2893 938 2933 nos
952 2875 1049 2952 lateat,
1064 2876 1183 2953 quinam
1197 2875 1247 2934 illi
1261 2875 1326 2950 sint,
1337 2879 1451 2932 noenum

255 2973 319 3012 esse
333 2972 385 3031 pro
400 2952 534 3012 omnibus
548 2971 638 3012 orare.
660 2952 927 3013 tcireumatantie
941 2954 999 3014 loci
1012 2956 1067 3016 hoc
1081 2955 1270 3032 confirmant;
1287 2955 1386 3032 Apost
1397 2949 1452 3010 vult

256 3043 290 3094 ut
303 3053 419 3093 oremus
439 3033 471 3092 in
485 3034 561 3092 omni
574 3035 641 3108 loco,
656 3053 686 3093 v.
701 3034 729 3108 8,
752 3052 810 3092 non
831 3033 861 3091 in
876 3034 1010 3095 omnibus
1030 3045 1060 3096 et
1080 3036 1212 3114 singulis,
1240 3037 1270 3096 in
1284 3034 1449 3113 quibustuae

255 3134 314 3174 non
336 3134 499 3193 possumus,
525 3114 576 3174 sed
596 3113 846 3172 indiscriminatim
868 3113 898 3173 in
921 3115 1034 3193 quovis,
1060 3115 1098 3175 ad
1120 3117 1279 3176 discrimen
1294 3115 1330 3174 V.
1349 3113 1389 3189 T,
1407 3109 1450 3170 nbi

256 3196 352 3255 cultus
366 3194 599 3272 adstringebatur
612 3193 650 3253 ad
664 3193 815 3271 Templum
830 3193 853 3254 J
854 3196 1108 3274 erosolymitanum
1120 3219 1127 3274 ;
1149 3197 1214 3257 vult
1231 3207 1265 3256 ut
1273 3217 1330 3273 pro
1343 3192 1451 3254 aaron

256 3295 414 3352 precemur,
430 3295 490 3334 non
503 3275 582 3352 quod
602 3273 759 3334 debeamus
779 3295 832 3352 pro
853 3275 975 3354 singulis
992 3296 1082 3354 orare,
1105 3295 1171 3336 cum
1191 3297 1254 3336 non
1275 3277 1312 3336 sit
1326 3272 1449 3335 orandum

255 3375 307 3432 pro
322 3355 357 3413 iis
372 3355 422 3432 qui
443 3363 564 3432 peccant
578 3354 616 3412 ad
637 3363 766 3431 mortem,
785 3359 799 3412 l
816 3355 944 3416 Johann.
958 3377 988 3418 v.
1006 3359 1051 3434 16,
1067 3357 1120 3417 sed
1139 3355 1387 3417 indiscriminatim
1404 3369 1448 3430 1³10

256 3433 417 3510 quibusvis,
433 3443 466 3493 ut
479 3433 591 3493 nullum
611 3435 761 3494 hominum
775 3435 906 3496 ordinem
919 3444 949 3497 et
962 3445 1069 3497 statum
1082 3437 1275 3499 excludamus
1295 3457 1312 3496 a
1330 3433 1448 3514 precibus

256 3513 372 3587 nostris,
388 3533 453 3571 cum
468 3533 506 3572 ex
519 3514 650 3590 quolibet
664 3523 742 3574 statu
762 3517 855 3594 possit
875 3537 943 3576 suos
963 3518 1071 3578 electos
1091 3519 1241 3598 colligere
1263 3521 1291 3578 5.
1312 3515 1355 3576 Eo
1373 3511 1447 3572 modo

256 3593 321 3652 vult
334 3613 435 3652 omnes
449 3593 564 3670 salvari,
580 3593 725 3671 quomodo
738 3599 798 3655 onlt
811 3600 854 3656 ad
867 3599 1048 3674 coguitionem
1061 3599 1186 3660 animab
1200 3601 1303 3674 maire,
1317 3593 1390 3675 quod
1401 3609 1447 3650 nec
1552 3650 1564 3672 ,

257 3673 366 3734 factum
380 3693 444 3732 esse
457 3681 592 3752 respectu
604 3674 829 3753 innumerorum,
845 3698 898 3737 nec
911 3676 974 3737 fieri
987 3678 1131 3758 hodieque
1146 3689 1235 3758 patet.
1270 3677 1365 3738 lmosi
1376 3673 1446 3734 Deus

256 3755 312 3814 hoc
326 3755 398 3832 vult,
421 3753 473 3832 qui
492 3753 525 3813 fit
545 3753 624 3832 quod
644 3775 703 3814 non
726 3755 786 3834 fiat,
810 3777 876 3817 cum
897 3758 1033 3818 voluntas
1055 3761 1169 3840 proprie
1192 3759 1270 3820 dicta
1291 3760 1327 3818 sit
1348 3771 1447 3830 semper

256 3834 367 3912 efficax,
383 3844 417 3895 ut
431 3842 564 3914 operetur
578 3835 656 3913 quod
671 3835 744 3914 vult,
760 3857 814 3896 nee
827 3837 986 3917 quidquam
999 3840 1043 3899 illi
1056 3843 1190 3901 resistere
1204 3841 1317 3920 possit?
1336 3837 1442 3905 Rursus,

256 3915 305 3975 vel
326 3914 458 3976 absolute
480 3916 561 3975 Deus
575 3916 640 3976 vult
661 3935 711 3976 eos
732 3937 832 3979 omnes
852 3918 890 3978 ad
911 3920 1087 3997 agnitionem
1101 3921 1233 3983 veritatis
1246 3919 1350 3994 venire,
1365 3924 1391 3974 el
1408 3913 1443 3971 ⁸10

256 4015 357 4056 omnes
370 3995 409 4055 sd
422 4017 486 4056 earn
496 3996 637 4073 venirent,
653 3997 732 4076 quod
745 3997 859 4076 falsum,
874 3999 923 4058 vel
937 4000 991 4058 sub
1005 4001 1187 4063 conditione:
1210 4003 1252 4060 At
1265 4015 1389 4080 queram
1401 3991 1444 4051 illa

255 4085 352 4154 potest
366 4080 452 4136 esse?
473 4079 523 4137 An
537 4077 562 4136 si
575 4097 639 4136 eam
654 4078 796 4138 audiant?
816 4078 859 4138 At
872 4079 1030 4140 innumeris
1044 4101 1108 4140 eam
1126 4083 1275 4162 predicari
1288 4099 1344 4139 non
1356 4083 1442 4145 curat3

256 4156 308 4214 An
321 4157 347 4214 si
367 4156 508 4218 credant?
529 4157 572 4216 At
586 4157 701 4218 credere
716 4167 761 4218 est
780 4160 843 4236 jam
864 4161 1032 4238 pervenisse
1053 4162 1091 4221 ad
1111 4163 1302 4242 cognitionem
1316 4151 1440 4217 veritati&

256 4237 284 4294 6.
307 4235 367 4295 Eos
386 4257 487 4298 omnes
501 4238 582 4296 Deus
596 4239 661 4298 vult
682 4239 791 4299 servari
810 4259 863 4318 pro
884 4241 989 4318 quibus
1010 4262 1042 4302 se
1064 4242 1195 4304 Christus
1215 4241 1294 4302 dedit
1306 4239 1439 4313 ἐπίλυπον,

255 4324 288 4374 ut
306 4314 362 4374 hoc
387 4318 484 4376 statim
508 4317 624 4378 additur
644 4319 681 4377 ab
696 4319 848 4398 Apostolo,
864 4341 893 4380 r.
915 4323 943 4398 6,
969 4322 1080 4382 scilicet
1099 4333 1133 4384 ut
1155 4323 1297 4384 Mediator
1316 4318 1438 4396 ipsorum,

256 4395 382 4472 seipsum
407 4417 506 4456 eorum
529 4397 594 4457 loco
617 4399 826 4476 substituendo,
850 4409 881 4462 et
902 4421 1004 4480 poenas
1027 4403 1099 4482 ipsis
1123 4403 1234 4464 debitas
1256 4401 1364 4460 illorum
1384 4393 1439 4450 vice

254 4471 371 4534 luendo.
413 4476 457 4536 At
476 4478 532 4537 hoc
553 4477 589 4537 de
610 4479 744 4538 omnibus
765 4488 795 4539 et
815 4481 939 4559 singulis
960 4481 1018 4542 dici
1041 4504 1100 4543 non
1123 4494 1228 4562 posset,
1248 4481 1315 4560 quin
1332 4496 1363 4536 ⁶⁰
1383 4473 1438 4550 i12⁵⁰
1562 4497 1568 4512 '

255 4570 355 4610 omnes
369 4563 398 4612 et
413 4555 520 4632 singuli
534 4568 601 4617 actu
615 4559 750 4618 servandi
763 4570 868 4638 essent,
884 4562 962 4639 qnod
975 4583 1061 4624 nemo
1074 4563 1189 4625 dixerit.

296 4627 438 4692 XXXV.
460 4636 600 4709 Quamvis
614 4637 744 4698 dicamus
757 4659 860 4700 vocem
874 4663 967 4704 omnes
980 4643 1018 4703 ad
1029 4665 1136 4722 ponera
1148 4647 1314 4722 stupratorem
1326 4633 1436 4696 reseren-

253 4703 320 4760 dsm
335 4725 407 4784 esse,
422 4731 480 4770 non
494 4715 532 4771 ad
544 4717 656 4792 singula
666 4739 809 4796 generum,
832 4741 890 4781 non
905 4723 1035 4801 sequitur
1047 4745 1148 4804 preces
1162 4722 1269 4799 concipi
1282 4717 1378 4778 debere
1391 4728 1436 4788 1³¹⁰
