3158 5180
121 371 237 420 cussr.
253 347 310 433 vn]
614 371 654 412 nr
668 371 848 414 susurrone,
1275 357 1332 414 199

122 531 159 572 cs
173 531 191 570 s
205 512 271 572 Deo
284 518 353 570 ants
367 510 561 570 hexaemeron
577 521 674 573 crecta
694 519 845 588 statuetis,
861 512 910 571 rel
929 511 1058 571 increats
1070 519 1100 571 ct
1113 521 1256 572 coeterna
1269 514 1334 574 Dso

121 591 269 670 fingetur:
291 592 357 667 Quo
376 591 512 651 videntur
531 592 670 652 inclinare
690 611 750 652 non
770 594 891 652 obscure
914 591 1069 666 Soe'miani,
1091 590 1160 650 dum
1181 593 1334 654 erectionis

123 672 217 750 ipsius
231 671 360 732 meteriae
374 671 405 729 in
418 671 591 730 hexaemero
606 673 699 732 Mosis
712 673 822 733 nullam
835 673 1010 732 mentionem
1023 672 1087 730 ficri
1102 673 1286 750 pertendunt,
1301 683 1335 734 ut

123 753 182 811 hac
194 752 306 812 rstione
320 770 356 810 eo
370 751 484 810 facilius
498 763 708 830 argumentum,
724 753 803 830 quod
823 753 948 830 petimus
962 751 1000 811 ad
1020 752 1204 812 asserendam
1219 754 1333 813 Divini-

122 840 215 892 tetem
231 831 339 891 Christi
353 851 391 892 cx
405 831 561 890 existentia
574 834 639 910 ejus
652 833 718 892 ente
733 833 907 893 creationem
925 832 1034 908 mundi,
1056 842 1204 893 enervent.
1247 832 1334 893 Unde

130 911 248 971 Vollelr'.
268 912 319 970 lih.
335 911 375 970 iv.
391 931 415 970 o.
430 915 459 985 4,
481 927 616 988 expresse
637 913 709 973 dicit
731 913 796 972 “de
817 913 914 972 Terrae
934 922 964 971 et
978 912 1073 990 Aquse
1094 913 1238 972 creatione
1260 901 1342 973 nihil'
1434 942 1441 957 ·

123 991 239 1051 dixisse
261 992 385 1067 Mosem,
409 1009 462 1050 nec
485 1009 581 1052 sacrae
603 993 716 1052 Interes
733 993 812 1068 alibi,
833 1011 888 1051 nec
907 993 983 1051 mule
1003 991 1096 1051 secere
1118 1011 1176 1067 eos,
1198 993 1249 1070 qui
1270 1013 1334 1052 sen·

123 1072 247 1132 tentiam
268 1071 424 1130 haedere
443 1089 524 1130 susm
539 1071 587 1132 vel
609 1073 797 1151 suspendunt,
821 1093 880 1131 non
902 1072 1041 1131 cudentes
1062 1071 1180 1132 definire
1201 1073 1233 1130 id
1254 1073 1334 1150 quod

125 1151 285 1229 Scriptum
298 1171 358 1210 non
372 1150 553 1228 delinienrnt,
565 1153 614 1212 vel
626 1153 658 1212 id
672 1153 751 1231 qnod
760 1153 865 1212 rationi
879 1153 1004 1211 maxime
1019 1159 1243 1212 consentaneum
1252 1153 1334 1212 vide-

123 1232 226 1292 turits
234 1239 403 1310 seqmmtur,
414 1231 703 1310 ateliisamhigsndi,
714 1233 762 1292 vel
772 1231 961 1292 dissentiendi
968 1232 1133 1310 relinquant
1140 1232 1333 1292 libertatem?

125 1312 199 1386 Qua
213 1331 273 1370 non
286 1311 344 1370 alio
359 1319 497 1388 spectare,
512 1331 600 1388 quam
614 1313 652 1372 ad
665 1313 866 1372 infirmandsm
877 1313 1058 1372 creationem
1068 1311 1170 1371 mundi
1183 1331 1221 1370 cx
1231 1313 1332 1390 nihilo,

119 1391 257 1468 judicare
271 1391 364 1450 cuivis
377 1390 506 1469 proclive
519 1401 573 1451 est.

431 1470 486 1530 1v.
518 1471 639 1531 Rectius
661 1489 732 1550 ergo
755 1491 807 1550 per
830 1473 937 1532 Culum
961 1479 992 1531 st
1016 1471 1138 1531 Terram
1160 1471 1335 1550 intelligitur

390 1550 526 1609 universe
540 1551 644 1611 Mundi
657 1553 746 1630 hujus
756 1553 899 1626 machine,
915 1552 967 1611 sed
980 1561 1083 1611 ornatu
1094 1569 1155 1628 suo,
1171 1551 1333 1628 splendore,

125 1713 133 1728 ·
247 1711 255 1725 .
340 1711 346 1724 .
390 1638 419 1689 et
432 1631 606 1725 perfectione
617 1631 870 1726 adhucdestituts,
884 1652 971 1710 quam
983 1632 1108 1769 nocifere
1122 1641 1223 1725 postea
1233 1632 1335 1692 debuit

123 1733 169 1852 ll
182 1710 367 1872 {5¹2³th
369 1711 1226 1868 [311ῗὲΐοῗῃῖἳῖοἰῒέοέᾗέἶέθίῗιὶῗῗὲἐῖ
1240 1711 1335 1852 iffi,
1391 1827 1394 1834 .

390 1869 569 1946 destitutum,
592 1871 644 1930 sed
664 1873 808 1949 precipue
830 1872 937 1931 Ocelum
956 1889 1125 1946 supremum,
1148 1871 1335 1949 Empyraeurn

128 1937 369 2056 Tssuss'ffssfflff·
389 1949 507 2044 dictum,
529 1951 609 2028 qnod
629 1949 701 2011 elias
724 1951 830 2046 Colum
854 1951 1005 2025 C'oelomm,
1031 1950 1138 2042 lReg.
1153 1950 1214 2009 viii.
1235 1955 1282 2043 27,
1304 1959 1335 2010 ct

127 2113 203 2171 nus.
222 2085 305 2170 nin
324 2111 374 2185 ae,
390 2034 627 2188 &dissiliit
646 2029 1333 2190 {egritudinibssrfflbhffinllisaiilriii

125 2192 169 2250 xi.
184 2195 229 2267 10,
251 2190 330 2268 quod
348 2197 394 2248 est
406 2190 503 2266 qcocd
522 2191 706 2250 substantim
719 2189 948 2265 subtilissimum,
964 2189 1061 2267 quoad
1079 2191 1242 2266 orabbatem
1262 2189 1334 2248 luci·

127 2271 289 2346 dissimum,
302 2269 398 2348 quoad
412 2271 590 2330 durationem
603 2271 798 2330 indefectibile
811 2269 849 2329 sb
859 2270 1024 2345 intrinseco,
1036 2269 1132 2346 quosd
1145 2270 1236 2344 chrm,
1249 2287 1336 2346 supra

125 2371 228 2412 ornnes
239 2352 328 2410 coelos
339 2349 529 2426 aspectabiles
538 2351 734 2426 constitutum,
749 2350 764 2408 1
777 2350 851 2408 Tim.
861 2349 900 2409 vi.
912 2352 964 2424 16,
980 2348 1073 2426 Apoc.
1085 2349 1146 2408 xxi.
1159 2351 1210 2426 10,
1226 2347 1248 2408 J
1250 2349 1334 2408 ohan.

123 2433 188 2490 xiv.
204 2435 240 2508 3,
263 2431 338 2507 Eph.
353 2430 393 2489 iv.
411 2432 457 2489 10.
500 2429 587 2490 Unde
603 2429 683 2490 Deus
696 2429 831 2489 habitans
844 2429 874 2486 in
889 2429 963 2488 coelo
976 2429 1082 2488 dicitur
1095 2429 1225 2488 habitare
1239 2429 1270 2486 in
1283 2449 1335 2488 ex·

123 2511 221 2587 celsis,
237 2511 385 2584 altissime,
402 2509 520 2568 Denter.
536 2510 575 2568 iv.
588 2512 636 2586 39,
649 2511 698 2569 Ps.
713 2510 759 2570 eii.
777 2511 823 2586 19,
840 2510 911 2568 Luc.
926 2509 956 2568 ii.
973 2512 1019 2584 14,
1035 2517 1065 2568 et
1074 2509 1157 2569 xxiv.
1169 2512 1217 2585 49,
1229 2507 1336 2569 Jacob.

124 1535 191 1588 ind
210 1551 255 1596 per
275 1536 369 1583 Ocelum

194 1595 311 1641 notetnrl

1 2649 2 2656 ,
121 2591 143 2650 1.
163 2594 214 2665 17,
237 2599 267 2649 ct
280 2589 414 2648 Christus
433 2589 592 2648 ascendens
612 2591 643 2647 in
664 2587 768 2649 coelum
789 2589 895 2648 dicitur
908 2590 938 2647 in
953 2590 1043 2648 situm
1062 2599 1092 2648 et
1111 2589 1233 2648 sublime
1248 2609 1335 2667 cupre

123 2689 228 2730 omnes
241 2669 331 2728 coelos
341 2668 514 2744 escendisse,
528 2669 577 2727 Ps.
587 2667 681 2728 lxviii.
696 2672 747 2745 18,
763 2670 838 2747 Eph.
850 2669 890 2729 iv.
902 2671 929 2744 8,
944 2671 996 2746 10,
1017 2669 1094 2728 Heb.
1106 2669 1157 2728 vii.
1169 2672 1217 2729 26.
1250 2667 1335 2744 Quod

123 2749 331 2828 opponendum
343 2749 524 2823 Lutherenis,
537 2749 588 2826 qui
599 2749 703 2808 eoelum
717 2749 796 2809 istud
806 2748 909 2808 volunt
919 2765 984 2808 esse
994 2750 1162 2825 increatum,
1178 2757 1208 2808 et
1220 2749 1335 2808 illocale

123 2840 155 2890 et
170 2831 370 2908 incorporeum
390 2829 514 2906 fingunt,
529 2837 558 2887 st
572 2825 651 2906 qnod
672 2829 710 2888 sit
723 2829 838 2906 ubique,
854 2837 887 2888 nt
900 2835 1101 2906 argumentum
1116 2828 1152 2887 ab
1167 2828 1336 2888 ascensione

123 2910 236 2971 Christi
249 2911 280 2968 in
294 2909 399 2969 ooelum
412 2907 1326 3048 pitimfflbadcffuigiibiqffimmgc⁰rl⁰m·obritifimi

463 3032 470 3047 .
634 3005 781 3047 orosu
817 3007 882 3046 emo
924 3003 1334 3047 ncoeensmeoaseom·

124 3053 372 3160 unns-re
543 3007 1255 3202 ,mni
1270 3085 1334 3204 rr

124 3236 330 3289 commemoret
344 3245 488 3305 expresse,
508 3228 545 3286 ab
564 3247 599 3288 eo
620 3227 691 3286 sctis
710 3235 808 3286 tumen
828 3225 957 3286 innuitur
971 3225 1025 3284 snb
1040 3225 1163 3282 caerem
1184 3223 1333 3300 Graiorum,

124 3311 162 3368 de
176 3325 235 3388 quo
249 3309 354 3387 agitur,
370 3309 444 3368 Gen.
460 3309 490 3366 ii.
506 3309 533 3384 l,
549 3317 579 3367 et
599 3307 654 3366 snb
674 3308 737 3384 ipso
754 3306 836 3381 coelo,
857 3305 936 3383 quod
956 3304 1056 3364 debuit
1075 3301 1138 3363 e‘sse
1152 3305 1268 3364 illorum
1282 3305 1333 3364 do-

124 3391 275 3464 micilium,
287 3387 309 3448 J
310 3389 359 3448 ud.
372 3390 407 3464 6,
427 3388 497 3447 Luc.
511 3387 542 3447 ii.
559 3390 614 3463 13,
631 3385 716 3446 Matr.
728 3387 810 3444 xxiv.
823 3389 871 3446 36.
905 3385 991 3446 Unde
1005 3384 1141 3444 dicuntur
1154 3386 1333 3524 apglausisse

125 3471 200 3544 Deo,
216 3479 250 3528 ut
267 3469 330 3546 jam
344 3467 441 3543 creati,
456 3485 522 3526 cnm
537 3467 670 3527 funderet
684 3475 798 3542 terrem,
814 3463 883 3526 Job.
898 3465 1024 3524 xxxviii.
1040 3468 1067 3541 6,
1084 3469 1111 3540 7,
1127 3486 1185 3544 quo
1225 3465 1332 3526 sectum

123 3550 173 3610 dic
186 3550 298 3628 primo,
315 3555 345 3607 et
359 3547 436 3607 Psal.
452 3547 562 3606 cxlviii.
578 3552 605 3624 2,
620 3555 807 3607 recensentur
815 3547 908 3626 primo
924 3547 990 3606 loco
1003 3545 1079 3604 inter
1089 3545 1250 3624 Crestums,
1266 3555 1334 3606 ante

125 3630 235 3704 selem,
253 3630 374 3704 Lunam,
390 3636 419 3686 et
429 3627 642 3767 lS'lduaAsiterum
655 3706 741 3784 primi
754 3707 812 3766 diei
826 3724 899 3785 opus
917 3711 963 3765 est
977 3708 1079 3780 Tene,
1094 3721 1152 3780 qao
1165 3705 1281 3763 nomine
1301 3713 1332 3764 et

181 3761 206 3807 ²⁴
224 3761 310 3808 nom
389 3805 472 3864 aquae
487 3785 691 3864 comprehendi
704 3787 806 3863 solent,
821 3805 907 3863 qnam
923 3785 1022 3845 Moses
1035 3803 1087 3863 por
1100 3801 1155 3842 mer
1166 3801 1211 3844 ms
1229 3783 1269 3841 id.
1290 3784 1333 3844 ia·

121 3869 260 3928 critatem
273 3874 304 3926 et
316 3867 472 3926 castitatem
485 3866 631 3941 describit,
646 3885 705 3924 non
719 3866 805 3925 modo
819 3867 888 3942 quia
907 3873 984 3924 terra
997 3865 1195 3926 habitantibus
1209 3871 1239 3926 et
1252 3863 1330 3922 inco·

121 3949 160 4006 lis
174 3947 231 4008 fnit
244 3947 393 4022 destituta,
409 3945 570 4021 sedetiam,
586 3946 654 4023 quis
666 3945 774 4022 herbis,
790 3940 917 4017 floribus,
933 3943 1092 4022 arboribus,
1108 3953 1138 4005 et
1158 3943 1235 4003 omni
1256 3944 1331 4018 lucc,

122 4035 235 4103 ornatu,
251 4034 282 4086 ct
304 4025 511 4103 decerequod
534 4036 635 4103 postca
656 4024 712 4102 ipsi
735 4024 865 4098 secessit,
880 4023 936 4081 fnit
949 4023 1113 4098 denudats3
1135 4043 1200 4101 quse
1223 4022 1332 4082 ibidem

121 4108 280 4186 exponitur
301 4125 354 4183 per
375 4107 504 4181 αόμεειινη
524 4105 652 4164 tenebris
674 4110 822 4180 opertem3
853 4102 953 4178 Atque
972 4102 1015 4160 ita
1027 4102 1157 4162 innuitur
1172 4121 1268 4162 massa
1281 4103 1333 4162 illa

120 4188 255 4249 informis
269 4205 309 4245 cx
322 4203 399 4263 oclus
412 4193 442 4245 et
455 4194 531 4245 terra
545 4184 631 4244 simul
645 4191 787 4258 concretu,
798 4181 877 4241 unde
889 4179 985 4240 roem
999 4199 1082 4241 suum
1096 4183 1189 4242 Chaos
1197 4183 1331 4263 desump-

119 4277 232 4345 serunt,
248 4265 330 4346 quod
347 4266 463 4326 Ocidrirs
476 4279 535 4324 son
549 4265 729 4342 ineleganter
742 4261 886 4340 expressit
898 4261 945 4320 his
959 4261 1057 4322 ver-bis
1070 4262 1121 4321 lib.
1135 4262 1155 4321 i.
1171 4263 1290 4323 Metam.

326 4423 401 4484 Ante
414 4443 495 4484 marc
509 4433 536 4483 ct
548 4433 650 4499 terrea
665 4433 693 4482 et
704 4423 783 4499 qaod
795 4421 861 4500 tegit
876 4421 972 4479 omnia
985 4423 1090 4498 caelmrr,

332 4505 411 4564 unm
423 4513 488 4564 erat
501 4513 556 4563 tcto
570 4513 681 4562 notares
693 4505 784 4562 vulco
798 4503 828 4560 r'a
841 4502 915 4575 orbe,

331 4585 422 4650 Qnera
434 4585 534 4643 umero
550 4584 651 4658 oscos,
667 4583 747 4641 rudis
760 4582 952 4658 indigesteque
964 4583 1050 4640 moles
1059 4605 1072 4654 ,·

329 4665 391 4724 Nec
404 4665 554 4742 quinarum
567 4664 623 4722 mhi
631 4665 744 4739 penum
758 4663 842 4738 iam,
857 4671 1040 4738 mnqestaque
1054 4663 1149 4726 eodem

328 4745 396 4804 Non
410 4745 476 4805 bene
482 4747 648 4821 junctarum
660 4743 802 4802 discordia
816 4742 922 4802 semina
935 4763 1040 4802 reram.
