3152 5178
104 433 207 484 cusan.
221 411 282 496 un]
536 435 575 475 ns
590 433 649 476 nso
664 433 733 496 uno,
752 435 790 476 nr
804 433 903 476 rnrno.
1242 415 1297 476 181

102 573 201 652 genias
223 593 308 650 ssse;
332 572 385 633 ssd
408 573 439 632 in
460 567 556 635 colum
577 595 642 636 esse
665 575 830 652 elevandus,
855 583 888 636 ιιι
910 574 995 634 elteri
1018 580 1125 650 nostro,
1151 572 1230 652 quod
1254 582 1299 634 est

103 655 222 714 Christus
235 653 267 711 in
282 653 376 730 coelis,
391 653 575 733 imponantur
588 656 625 714 eb
638 657 702 734 Ipso
716 653 939 716 amoenamus.

137 733 219 793 XIV.
241 733 313 792 Non
324 733 477 812 indignum
491 742 535 794 est
549 735 703 815 Majestote
715 736 824 795 Divino
837 753 901 795 esse
914 734 1022 813 ubique
1035 733 1067 794 in
1076 740 1153 793 terra
1166 733 1254 793 etiam
1266 733 1298 794 iu

100 813 163 872 locis
174 813 389 891 spurcissimis5
410 815 480 892 qnia
493 813 533 874 ibi
546 834 606 873 non
619 824 665 875 est
676 835 728 894 per
741 823 906 874 contactum
918 813 1080 894 physicum,
1092 813 1142 872 vel
1154 831 1206 892 per
1219 833 1296 872 oom-

98 892 256 952 mixtionem
278 893 410 971 eliquam
431 902 482 954 aut
501 895 746 972 compositionem,
769 895 821 954 sed
840 901 874 954 ut
895 914 983 954 causa
1003 913 1098 954 rerum
1120 893 1246 952 efficiens
1267 896 1321 955 et'

98 991 272 1032 conservans.
296 977 327 1032 2.
351 973 384 1032 Si
405 975 469 1033 Deo
488 974 641 1052 indignum
661 995 719 1033 non
739 974 795 1034 fuit
815 974 912 1034 omnia
932 975 1019 1033 etiam
1032 973 1175 1032 vilissime
1188 992 1294 1049 creare,

96 1071 141 1110 cnr
153 1051 306 1130 indignum
321 1053 471 1148 essetillis
484 1062 623 1147 perpetuo
637 1054 761 1148 adesse?
783 1054 834 1114 Sol
847 1053 936 1112 radiis
950 1054 1010 1114 suis
1023 1052 1088 1112 loca
1102 1052 1219 1112 sordide
1230 1072 1296 1132 per·

96 1133 429 1290 milviffliioiflii
437 1133 576 1272 iiiiii
590 1141 700 1292 iiiii
709 1153 809 1291 ,illi
823 1135 1005 1291 {mem
1019 1211 1173 1291 speeiem
1187 1211 1296 1274 favoris

95 1299 120 1350 et
132 1291 236 1368 ςιιιιίε,
253 1291 309 1350 sed
324 1292 408 1351 adest
421 1292 479 1351 illis
494 1311 606 1371 semper
618 1313 670 1371 per
683 1293 865 1372 praesentiam
879 1292 1043 1370 generalem
1057 1291 1198 1352 essentiae.
1235 1291 1296 1352 Ubi

95 1378 133 1428 est
146 1370 231 1446 Dens,
248 1371 291 1431 ibi
307 1371 427 1449 quidem
441 1379 486 1431 est
499 1373 594 1450 gratie
606 1374 669 1452 ojus
683 1373 858 1450 oripiooliter
871 1380 901 1432 et
913 1371 1065 1449 mlp'ccbbc,
1081 1371 1206 1431 sednon
1219 1391 1293 1431 sem·

94 1467 138 1526 per
149 1451 276 1526 effective,
294 1451 367 1528 quio
381 1452 445 1529 ejus
458 1452 628 1512 exercitium
642 1461 687 1512 est
699 1453 785 1531 plone
798 1452 930 1512 liberum.

130 1529 214 1589 XVI.
236 1529 414 1590 Absurdum
428 1538 473 1590 est
488 1531 583 1592 Deum
597 1551 660 1591 esse
677 1531 707 1590 in
722 1531 854 1592 DiaboIIs
868 1540 897 1592 et
912 1529 1023 1610 Impiis,
1038 1530 1183 1609 quomodo
1198 1538 1244 1590 cst
1263 1531 1294 1591 iri

94 1607 224 1685 fidelibus,
240 1617 275 1670 ut
291 1611 393 1671 Deum
412 1611 579 1688 gratiosum,
596 1610 719 1671 sednon
732 1620 766 1672 nt
780 1611 874 1671 Deum
892 1611 1022 1690 judicem
1036 1619 1066 1671 et
1078 1610 1224 1670 vindicem
1239 1611 1293 1670 ori·

95 1687 208 1766 minnm;
221 1709 283 1750 non
297 1699 336 1750 ut
346 1691 564 1784 approbatorem
576 1690 725 1766 scelernm,
740 1691 792 1750 sed
802 1701 835 1752 ut
845 1692 1009 1751 Creatorem
1023 1699 1053 1750 et
1063 1699 1295 1750 conservatorem

95 1777 200 1828 naturae.
243 1769 335 1830 Licet
349 1778 387 1829 srt
400 1769 593 1830 diversimode
606 1771 637 1829 in
650 1769 750 1830 inferis
763 1791 797 1831 ao
810 1771 841 1830 in
855 1770 945 1848 omlis,
959 1770 1007 1829 hio
1020 1789 1073 1849 per
1085 1771 1216 1848 gratiam,
1233 1769 1294 1830 illic

95 1865 138 1923 per
152 1848 305 1925 justitiam,
335 1849 384 1908 hic
406 1849 528 1926 besndo,
552 1849 613 1911 illic
634 1850 790 1931 puniendo,
814 1857 911 1930 potest
932 1859 1029 1910 temen
1052 1850 1205 1928 utrobique
1229 1869 1293 1910 esse

97 1927 178 2003 quood
192 1930 333 1989 essentiae
347 1929 577 2008 immensitatem.

129 2006 230 2068 XVII.
254 2009 346 2068 Licet
359 2009 484 2069 essentie
498 2009 554 2069 Dei
568 2009 607 2070 sit
619 2008 657 2069 ab
671 2007 806 2068 omnibus
819 2006 935 2068 entibus
948 2007 1052 2068 creatis
1066 2007 1219 2084 obstructo,
1234 2026 1293 2067 non

97 2087 219 2165 seqnitur,
239 2108 303 2150 non
329 2108 416 2167 posse
435 2109 499 2149 ease
519 2089 769 2167 omnipraescntem
789 2087 885 2166 quoad
907 2088 1078 2164 essentisrn3
1100 2087 1169 2165 qnia
1189 2086 1295 2147 dicitur

96 2164 226 2227 abstractu
239 2177 390 2246 quatenus
404 2169 440 2227 ab
454 2169 490 2228 iis
503 2168 598 2228 dirisa
611 2177 664 2246 est,
680 2173 733 2228 neo
744 2176 789 2228 est
801 2189 868 2246 pers
882 2187 1000 2244 corum;
1022 2166 1075 2226 sed
1087 2167 1294 2244 omnipraesens

98 2241 196 2323 dicitnr,
210 2267 269 2306 non
284 2248 370 2327 quod
380 2247 478 2308 veniat
491 2269 557 2309 oum
570 2248 607 2308 iis
620 2249 650 2307 in
664 2247 901 2327 compositionem
914 2256 1052 2325 tunquam
1064 2265 1140 2326 pers,
1152 2246 1201 2306 vel
1215 2245 1294 2324 quod

99 2323 351 2462 illlipficontineetur,
371 2328 424 2388 sed
443 2337 586 2407 quatenns
606 2328 714 2389 nullius
734 2328 861 2389 essentia
880 2327 1058 2406 terminatur,
1077 2334 1129 2388 aut
1142 2327 1179 2388 ab
1193 2347 1229 2388 oa
1241 2347 1291 2387 ex·

98 2421 136 2462 ou
164 2415 216 2466 tur.

132 2483 249 2548 XVIII.
271 2487 375 2566 Quum
388 2487 493 2548 dioitm
507 2487 588 2548 Deus
601 2487 766 2566 immensos,
781 2488 832 2568 qni
850 2487 891 2550 ita
905 2487 943 2554 sit
962 2487 994 2547 in
1006 2487 1115 2548 mundo
1128 2487 1245 2566 ubique,
1259 2495 1294 2549 ut

100 2564 191 2624 mundo
204 2575 314 2646 tumen,
335 2569 386 2647 qui
404 2568 503 2628 finitus
523 2578 577 2646 est,
598 2588 657 2628 non
677 2567 849 2646 includetur,
865 2567 917 2628 secl
937 2568 1115 2647 concipiatur
1128 2568 1215 2627 etiam
1229 2587 1294 2628 esse

100 2651 169 2702 extra
185 2649 349 2726 mundum
371 2669 429 2707 non
449 2649 536 2708 debet
555 2648 611 2708 hoc
631 2649 756 2727 intelligi
771 2651 898 2727 positive,
920 2647 1004 2727 quasi
1025 2647 1213 2726 concipiendo
1235 2648 1294 2708 sint

100 2725 178 2796 rpofia
190 2729 328 2804 quedam
342 2738 426 2787 extra
434 2727 583 2806 mundum,
598 2748 663 2806 que
675 2729 755 2789 Deus
764 2730 875 2808 repleat
888 2728 1040 2808 praesentia
1050 2747 1103 2788 sne
1112 2751 1119 2804 ;
1142 2728 1194 2788 sed
1207 2748 1292 2805 nepa·

100 2801 149 2876 litt,
163 2816 304 2882 qnatenus
327 2807 422 2885 sputis
441 2808 577 2867 universe
597 2809 698 2868 mundi
717 2829 776 2868 non
795 2809 969 2869 exhauriunt
988 2807 1211 2866 immensitatem
1226 2807 1291 2886 Dei,

102 2888 127 2938 ut
144 2882 197 2942 illis
216 2890 403 2949 contineatur
415 2895 445 2947 et
458 2888 725 2949 circumscribetur:
747 2888 862 2948 Dicitur
881 2908 951 2966 ergo
968 2907 1032 2947 esse
1046 2893 1129 2946 extra
1141 2885 1291 2965 mundum,

101 2960 156 3048 fluia
168 2963 208 3022 illi
221 2987 280 3027 non
295 2974 344 3027 est
364 2967 501 3044 inclusus,
516 2986 575 3026 non
592 2977 627 3027 nt
645 2968 683 3028 sit
702 2967 733 3025 in
753 2969 825 3027 locis
845 2966 1019 3045 quibusdem
1039 2965 1225 3043 imaginariis,
1242 2967 1294 3026 sed

103 3056 126 3094 ¹11
138 3043 223 3120 seipso
242 3047 273 3106 in
295 3046 441 3106 infinitate
455 3047 587 3107 essentie
605 3066 674 3124 sum,
689 3054 723 3107 ut
741 3055 807 3107 ante
826 3046 973 3106 conditum
993 3044 1133 3103 mnndum
1153 3045 1184 3102 in
1198 3045 1294 3124 seipso

102 3129 159 3256 θῐιὸι,
172 3123 222 3183 eti
232 3137 299 3188 erat
312 3135 341 3186 et
353 3129 437 3204 beo,
453 3136 480 3186 et
496 3129 616 3188 mundus
631 3137 659 3189 ct
671 3127 774 3206 omnia,
788 3133 822 3187 ut
835 3125 956 3186 Tertull.
971 3125 1012 3184 ait
1026 3131 1126 3184 contra
1140 3123 1292 3202 Prueem,

103 3215 123 3254 c
153 3245 159 3258 .

137 3277 221 3371 XIX.
243 3285 303 3362 Qui
318 3285 444 3365 concipit
458 3285 554 3346 Deum
567 3286 675 3365 ubique
689 3305 742 3346 suo
756 3285 880 3346 essentie
900 3291 1079 3365 praesentem,
1095 3303 1153 3344 non
1167 3282 1294 3366 concipit

105 3373 199 3447 091poo
212 3364 311 3426 Deum
331 3384 383 3443 per
396 3375 489 3426 totum
502 3365 642 3426 mundum
656 3375 808 3426 extensum
822 3366 860 3425 ad
879 3366 970 3426 inetur
983 3384 1143 3442 corporum,
1159 3364 1211 3424 sed
1225 3385 1292 3426 con·

107 3435 250 3511 opitulum
264 3446 481 3524 simplicissima
494 3447 626 3506 essentie
641 3466 700 3506 suae
714 3446 864 3522 infinitate,
879 3454 972 3506 totum
985 3444 1125 3504 mundum
1136 3445 1291 3524 continere,

107 3515 146 3604 *tl
162 3539 221 3581 eum
240 3525 404 3586 coexistere
424 3524 642 3586 indivisibiliter
660 3527 794 3586 omnibus
814 3525 900 3586 rebus
914 3525 1031 3603 creatis3
1051 3524 1196 3603 quomodo
1210 3535 1292 3585 oeter-

108 3603 266 3734 ffime
297 3613 466 3683 tempnunt
485 3614 625 3685 punctum
645 3606 710 3666 sinu
733 3625 785 3667 suo
807 3605 1016 3686 complectitur,
1038 3613 1067 3666 et
1093 3604 1137 3664 illi
1160 3605 1291 3666 indivisi-

175 3684 343 3744 rooexistit.
975 3728 979 3736 -

143 3753 207 3821 XX.
226 3764 354 3824 Tantum
369 3763 451 3824 abest
465 3771 498 3824 ut
510 3763 642 3824 doctrine
651 3765 687 3825 de
702 3766 932 3844 omnipraesentia
943 3765 1089 3826 essentiali
1104 3763 1161 3823 Dei
1171 3763 1293 3823 Athe'r's-

114 3845 175 3893 fflum
194 3839 318 3920 inducet,
342 3851 377 3904 nt
400 3843 638 3904 Remonstrantes
660 3846 692 3905 in
714 3845 860 3924 Apologia
884 3867 937 3906 sue
966 3851 1105 3919 statuunt,
1122 3851 1170 3916 ¹ut
1193 3852 1294 3902 contre

115 3918 207 3988 nlStilo
219 3925 282 4002 ejus
297 3923 339 3982 illi
354 3943 414 3983 non
426 3943 527 4002 parum
541 3923 646 4000 faveat,
662 3925 730 4003 quia
740 3927 817 3985 tollit
826 3927 889 4003 ejus
902 3924 1093 3984 reverentiam
1107 3931 1137 3981 et
1150 3923 1291 3998 timorem,

118 3985 171 4080 (lum
186 4017 243 4061 tum
262 4005 414 4064 absentem
435 4004 491 4062 sibi
510 4003 603 4082 fingit,
626 4005 733 4083 quique
754 4005 819 4065 ideo
839 4013 958 4083 peccata
978 4002 1136 4076 hominum,
1161 4001 1210 4059 vel
1234 4021 1293 4060 non

118 4069 186 4150 ”det
198 4083 241 4141 vel
257 4083 410 4143 vindicare
427 4103 487 4142 non
527 4091 620 4160 otest;
640 4084 692 4144 sed
710 4085 751 4163 pii
772 4085 822 4162 qui
844 4084 939 4143 Deum
959 4084 1062 4142 timent
1076 4080 1211 4139 dicuntur
1232 4099 1291 4140 nm·

117 4142 194 4214 bulum
206 4179 299 4222 coram
314 4163 387 4240 Deo,
402 4162 472 4241 quia
491 4164 499 4177 '
524 4163 570 4224 ius
590 4165 744 4242 presentie
763 4164 927 4223 excitantur
940 4161 977 4220 ad
998 4161 1061 4239 ejus
1075 4159 1185 4218 cultum
1198 4169 1228 4220 et
1241 4159 1292 4220 ob·

156 4250 231 4301 nrum

118 4241 228 4379 ⁸&lull
248 4321 342 4383 Aliud
355 4329 400 4382 est
413 4323 595 4400 presentiam
609 4323 666 4383 Dei
679 4343 731 4402 per
749 4322 943 4401 operationem
957 4319 995 4380 sd
1007 4325 1091 4379 extro
1104 4318 1250 4378 declarare
1263 4327 1297 4381 et

120 4381 285 4480 lelnmtmre
298 4423 318 4461 n
330 4403 499 4482 posteriori;
522 4402 614 4463 Aliud
628 4411 672 4464 est
691 4402 874 4482 presentiam
889 4398 946 4460 Dei
965 4401 1029 4479 ipss
1042 4399 1208 4478 operatione
1222 4399 1294 4459 defi·

120 4461 183 4530 fissflt
201 4497 216 4534 o
234 4483 330 4559 prlori,
352 4491 404 4541 eut
424 4483 519 4542 Deum
532 4503 591 4542 non
612 4491 737 4543 statuere
758 4490 938 4561 presentem,
961 4481 1018 4539 nisi
1038 4499 1089 4558 per
1104 4479 1241 4540 virtutem
1263 4489 1294 4542 et

120 4555 294 4638 ⁰ttfrotionem.
338 4562 424 4621 Prius
436 4563 491 4623 rite
503 4581 589 4641 posse
602 4563 665 4623 fieri
679 4562 862 4623 concedimus
873 4585 881 4639 ;
903 4561 1046 4641 posterius
1059 4579 1129 4620 vero
1142 4579 1291 4639 negamus,

121 4639 172 4718 (ΙΨ
183 4643 299 4714 operam
315 4641 373 4701 Dei
387 4641 450 4720 ejus
462 4643 645 4721 presentiam
659 4643 802 4722 supponit,
818 4651 848 4703 et
867 4643 947 4722 prins
961 4640 1073 4720 concipi
1087 4640 1173 4699 debet
1186 4660 1251 4700 esse
1264 4649 1294 4701 et

119 4715 224 4792 existere,
238 4729 396 4800 antequam
410 4723 586 4803 concipietur
599 4743 695 4801 egere.
738 4723 769 4784 si
783 4724 834 4802 qui
854 4723 912 4784 sint
926 4741 996 4800 ergo
1009 4741 1048 4780 ex
1062 4719 1291 4794 Recentioribus,
