3152 5178
91 357 198 409 eumer.
213 339 296 421 xxa]
523 359 562 398 nu
577 359 635 399 nso
650 358 719 416 uuo,
735 359 772 399 nu
786 357 885 400 sarno.
1246 343 1305 402 223

98 500 203 640 rapidum
221 499 311 638 pllpue
335 499 464 579 amplius
485 499 601 560 deretur
622 499 808 578 impossibile,
832 499 901 578 quie
922 497 1034 558 nullum
1056 497 1141 558 detur
1162 499 1257 578 majus
1271 520 1306 559 eo

118 603 137 642 u
186 581 225 638 im
258 581 328 640 'cst
666 583 668 589 ’

99 603 118 660 q
225 601 245 658 P
288 709 295 724 .
404 659 500 720 XIII.
522 659 605 720 Licet
618 667 715 719 sutem
734 659 864 739 potentis
875 678 935 719 nou
955 657 1128 718 extendatur
1141 657 1180 717 ed
1194 666 1305 718 eontra-

119 712 322 815 rontffiluee
363 738 494 815 dictoris,
509 759 568 798 non
580 748 733 818 propterea
746 739 890 800 censenda
903 747 948 799 est
960 738 1078 798 limitari
1087 739 1151 816 ejus
1160 738 1306 815 infinitas;

362 839 433 879 nam
445 820 672 898 uniuscujusque
686 821 799 898 egentis
812 820 942 898 potentia
963 819 1121 878 aestimetur
1133 837 1171 876 ex
1191 818 1307 897 proprio

97 901 228 978 objecto;
257 899 410 978 proprium
434 907 532 959 autem
552 899 698 978 objectum
717 901 854 978 potentiae
867 899 975 958 divium
989 905 1034 957 est
1047 898 1078 956 id
1091 898 1169 975 quod
1182 918 1241 956 non
1261 919 1306 958 re·

96 1000 570 1134 mat
583 1000 1293 1138 ...

95 1141 237 1200 tinentnr.

135 1220 230 1279 XIV.
253 1219 336 1279 Deus
349 1217 468 1296 quidem
476 1225 573 1297 potest
582 1215 677 1279 fecere
685 1239 750 1297 qum
761 1227 829 1279 sunt
840 1238 927 1298 supra
939 1217 1080 1278 rationem
1093 1216 1226 1294 hominis,
1238 1217 1308 1295 quie

94 1309 193 1378 potest
206 1299 305 1359 iecere
319 1318 407 1377 supra
425 1298 456 1358 id
476 1299 555 1377 quod
574 1319 728 1378 possumus
741 1300 878 1378 cogitare,
894 1299 970 1376 Eph.
985 1298 1025 1358 iii.
1041 1300 1088 1373 20,
1105 1297 1156 1358 sed
1169 1317 1227 1356 non
1241 1318 1307 1376 quae

98 1388 166 1440 suut
179 1387 285 1439 eontra
297 1379 459 1439 rationem:
481 1380 542 1438 Nec
556 1379 581 1438 si
593 1388 691 1457 potest
704 1379 797 1440 fecere
818 1378 1008 1457 impossibilia
1020 1377 1099 1456 apud
1111 1378 1251 1454 homines,
1265 1378 1307 1438 id.

98 1481 162 1538 quae
176 1467 318 1538 superant
330 1459 409 1518 vires
422 1460 571 1536 humanas,
584 1459 681 1518 statim
693 1460 823 1538 sequitur
832 1477 917 1538 posse
928 1458 1021 1518 iacere
1031 1458 1222 1536 impossibilia
1230 1457 1309 1536 opud

98 1541 250 1614 rationem,
265 1539 307 1598 id.
321 1559 387 1617 qne
401 1547 564 1618 repugnant
576 1540 691 1599 rationi.
733 1541 843 1600 Verum
863 1538 981 1617 quidem
1002 1547 1046 1598 est
1064 1538 1243 1598 intellectum
1263 1538 1317 1596 di-¹

99 1621 201 1680 vinum
216 1639 355 1698 superare
368 1619 493 1696 logicam
507 1628 537 1679 et
556 1619 803 1680 ratiocinationem
817 1627 964 1694 nostram
986 1619 1039 1678 sed
1058 1617 1125 1678 inde
1138 1638 1197 1678 non
1212 1627 1308 1696 potest

99 1700 198 1778 colligi
213 1701 311 1759 Deum
324 1699 376 1758 illa
396 1687 482 1777 pos‘se
495 1718 560 1776 ques
581 1699 614 1757 in
626 1709 726 1759 nostra
745 1699 841 1778 logica
860 1699 1010 1777 implicant
1033 1699 1288 1759 contradictionem
1299 1721 1320 1775 3¹

99 1781 167 1858 quis
179 1781 252 1838 licet
266 1779 383 1838 deficiet
395 1786 475 1838 recta
487 1787 586 1838 nostra
598 1779 673 1838 ratio
686 1781 716 1838 in
730 1780 929 1858 adaequefione
942 1779 1074 1838 veritatis
1087 1778 1203 1854 divinae,
1218 1786 1252 1837 ut
1264 1789 1308 1838 to·

100 1869 160 1920 tem
173 1880 235 1919 non
248 1859 343 1938 possit
356 1859 480 1938 assequi,
495 1859 569 1918 nihil
580 1867 679 1919 tamen
691 1861 736 1919 illi
749 1859 865 1920 veritati
879 1858 1053 1918 contrarium
1067 1858 1203 1917 continet.

138 1940 215 1999 XV.
236 1938 331 1999 Aliud
344 1947 391 1999 est
403 1938 499 2000 dicero
513 1940 608 1999 Deum
621 1940 706 2017 plura
718 1958 803 2018 posse
823 1956 911 2015 quem
924 1937 1067 2016 possimus
1086 1936 1257 2014 intelligere,
1278 1945 1310 1997 ot

99 2039 181 2080 mens
193 2027 296 2080 nostra
308 2037 422 2100 cepere.
462 2017 555 2079 Aliud
572 2039 651 2095 vero,
675 2021 771 2079 Deum
790 2037 876 2097 posse
896 2036 961 2095 quae
982 2016 1131 2094 implicent
1150 2016 1310 2077 contradic·

99 2101 228 2177 tionem;
248 2099 330 2177 prius
343 2099 504 2159 docuemnt
516 2098 659 2178 Theologi
679 2099 772 2159 nostri
784 2118 823 2157 ex
841 2097 997 2175 Scriptura,
1013 2095 1065 2155 sed
1085 2116 1144 2155 non
1158 2096 1309 2173 posterius,

101 2179 179 2258 quod
194 2180 258 2239 sine
272 2179 334 2239 ullo
347 2179 484 2258 potentiae
497 2177 605 2238 divinae
617 2178 776 2239 limitando
790 2186 870 2238 metu
883 2185 1049 2236 constanter
1061 2183 1213 2254 negarunt.

140 2260 234 2320 XVI.
257 2257 348 2337 Apud
363 2259 458 2318 Deum
471 2277 530 2318 non
543 2265 588 2318 eet
601 2259 780 2338 impossibile
793 2258 886 2318 ullum
898 2257 1029 2332 verbum,
1044 2256 1094 2316 vel
1107 2275 1162 2333 res,
1178 2276 1243 2334 quae
1299 2290 1310 2300 -

103 2347 159 2400 test
171 2339 282 2399 hebere
301 2339 443 2398 rationem
456 2339 519 2397 veri
539 2339 633 2416 Entis,
650 2339 755 2399 Luci.
770 2342 825 2416 373
847 2337 899 2396 sed
912 2335 986 2397 illud
1000 2337 1079 2414 quod
1092 2344 1137 2396 est
1150 2276 1311 2396 eonmdi-

104 2420 208 2479 torium
221 2419 282 2479 tale
295 2437 355 2477 non
368 2426 422 2492 est,
437 2417 489 2477 sed
501 2418 575 2477 nihil
590 2427 620 2478 et
633 2439 691 2478 non
705 2439 766 2479 ens.

142 2499 253 2558 XVII.
275 2497 368 2558 Aliud
382 2507 427 2558 est
446 2496 541 2558 facere
560 2499 722 2576 contraria;
744 2497 836 2558 Aliud
857 2494 1088 2558 contradictoria.
1129 2497 1211 2556 Dens
1230 2496 1312 2574 prius

104 2589 206 2658 potest,
222 2577 276 2638 sed
288 2597 349 2637 non
361 2579 523 2656 posterius3
545 2586 576 2638 et
589 2578 615 2637 si
635 2579 716 2638 Deus
736 2587 868 2638 naturam
888 2596 983 2637 rerum
1004 2577 1088 2636 eliter
1104 2576 1310 2652 constituisset,

104 2659 245 2737 nobisque
258 2659 333 2718 elias
345 2677 442 2718 rerum
455 2657 535 2717 ideas
549 2657 710 2734 indidisset,
725 2659 833 2718 laceret
848 2656 966 2736 quidem
979 2657 1095 2716 diversa
1108 2664 1138 2716 et
1158 2657 1311 2732 contrarie,

104 2739 154 2798 sed
167 2759 228 2798 non
249 2737 491 2814 contradictoria3
511 2755 567 2798 nec
586 2737 692 2799 fulsum
712 2738 786 2799 foret
805 2737 879 2798 illud
898 2736 1079 2815 principium,
1095 2737 1260 2813 inpossibile
1273 2746 1314 2795 eat

104 2821 175 2878 idem
188 2820 274 2878 amul
286 2838 344 2878 esee
357 2827 384 2876 et
395 2839 452 2878 aon
465 2837 530 2894 esse,
545 2817 625 2896 qnod
638 2827 682 2878 est
695 2837 796 2878 verum
810 2817 1045 2878 contradictionis
1058 2815 1286 2876 fundamentum.

143 2899 273 2958 XVIII.
294 2899 377 2957 Deus
389 2899 484 2976 potuit
496 2899 590 2958 faeere
604 2906 637 2958 ut
649 2899 826 2976 praeteritum
836 2916 896 2956 non
909 2904 986 2955 esset
998 2895 1175 2973 praetoriam
1189 2897 1218 2954 in
1230 2915 1314 2954 aeneo

105 2979 201 3054 diseo,
215 2987 247 3039 et
260 2987 413 3055 antequam
428 2985 505 3038 esset
523 2977 720 3056 praeteritum:
743 2977 802 3037 Sed
821 2977 852 3036 ia
870 2995 952 3035 sensu
965 2974 1122 3051 coraposito,
1137 2993 1196 3032 non
1215 2982 1313 3051 potest

104 3059 197 3118 iecere
209 3069 246 3118 nt
258 3058 339 3136 quod
352 3067 397 3117 est
408 3059 586 3136 praeteritum
598 3077 658 3117 non
678 3058 716 3116 sit
729 3056 914 3135 praeteritum,
929 3054 998 3131 quia
1017 3073 1076 3112 non
1089 3053 1185 3112 minus
1204 3053 1314 3130 impos-

103 3139 188 3199 sibile
202 3147 250 3199 est
262 3157 325 3198 rem
337 3137 425 3196 simul
438 3136 527 3197 fuisse
540 3147 571 3198 et
583 3157 643 3197 non
656 3137 754 3212 fuisse,
769 3155 856 3214 quem
870 3153 933 3193 esse
947 3141 977 3193 et
990 3152 1049 3192 non
1062 3151 1136 3192 esse.

143 3219 242 3278 XIX.
264 3219 349 3278 Licet
361 3237 523 3277 asseremus
538 3219 633 3278 Deum
647 3215 780 3295 quaedem
790 3234 848 3274 non
862 3233 956 3293 posse,
966 3233 1024 3272 non
1037 3221 1189 3290 propterea
1202 3211 1314 3271 censeri

104 3299 245 3359 debemus
258 3317 366 3376 negare
380 3298 443 3375 ejus
457 3297 710 3375 Ommpotentiam,
725 3303 759 3356 ut
771 3297 828 3355 hoc
840 3293 1010 3371 impingitur
1022 3293 1106 3352 nobis
1121 3311 1139 3350 s
1152 3291 1313 3351 Pontifioiis

105 3389 132 3438 et
146 3378 324 3438 Lutheranis
335 3397 343 3454 ς
364 3378 434 3455 quia
446 3377 502 3437 hoc
515 3385 628 3437 tantm
641 3375 831 3454 intelligimus
841 3375 878 3434 de
892 3374 1026 3452 illisque
1036 3371 1185 3450 implicent
1199 3379 1312 3432 conna-

104 3459 271 3532 dictionem,
294 3467 324 3518 et
337 3457 386 3516 vel
398 3457 502 3516 vitium
522 3455 649 3535 aliquod,
663 3457 713 3516 rel
733 3453 977 3534 imperfectionem
999 3461 1153 3531 arguerent
1172 3452 1204 3512 in
1224 3471 1313 3512 causa

104 3539 211 3616 primo;
226 3537 326 3616 qualia
339 3556 423 3616 posse
436 3537 615 3616 impotentiae
627 3545 679 3611 est,
691 3555 750 3596 non
763 3535 908 3614 potentiae.
950 3534 978 3593 N
979 3554 1011 3593 ec
1021 3533 1115 3610 megia
1123 3532 1207 3611 argui
1216 3541 1313 3611 potest

105 3618 284 3696 impotentiae
298 3618 355 3677 Dei
368 3618 504 3696 potentie,
520 3617 599 3694 qnod
612 3637 671 3676 non
690 3617 798 3676 feratur
811 3615 842 3674 in
862 3614 1059 3692 impossibilia,
1073 3634 1161 3692 quam
1175 3613 1256 3672 visus
1276 3633 1313 3672 eo

107 3698 184 3775 quod
196 3717 258 3758 non
271 3697 370 3757 videat
384 3717 479 3774 sonos,
493 3697 543 3755 vel
563 3697 679 3756 auditus
693 3695 772 3774 qnod
791 3715 850 3754 non
863 3695 963 3754 audiat
981 3695 1102 3754 colores.
1144 3692 1311 3752 Contradic-

106 3780 178 3837 torie
191 3785 290 3838 antem
304 3797 454 3837 censemus
475 3796 539 3836 esse
552 3795 588 3835 ea
608 3793 673 3854 quae
687 3777 783 3836 Deum
804 3795 889 3855 posse
910 3793 1070 3851 negemus3
1098 3780 1133 3832 ut
1152 3770 1314 3830 accidentia

109 3857 167 3916 deri
181 3859 245 3917 sine
258 3856 399 3934 subjecto,
415 3857 525 3935 Corpus
539 3855 657 3934 aliquod
670 3855 784 3916 illocale
798 3876 870 3932 esse,
885 3855 935 3914 vel
947 3853 1096 3912 stemma

150 3937 226 3998 XX.
269 3937 356 4012 Quod
389 3937 412 3998 J
413 3937 540 3996 ohannes
555 3937 602 3996 ait
622 3937 709 3997 Mett.
740 3936 780 3994 iii.
808 3938 837 4012 9,
867 3935 962 3994 Deum
989 3953 1075 4011 posse
1095 3951 1133 3990 ex
1165 3928 1312 4007 lapidibus

111 4018 245 4077 medere
274 4017 352 4076 filios
386 4017 573 4093 Abraham03
611 4033 670 4076 non
705 4015 806 4076 statuit
840 4015 935 4074 Deum
953 4033 1039 4091 posse
1073 4009 1311 4086 contradictoria3

110 4096 161 4156 scd
185 4106 301 4158 tautum
328 4115 433 4155 renam
460 4096 661 4174 gloriationem
688 4095 858 4155 Judseorum
886 4092 1022 4166 retundit,
1050 4099 1081 4149 et
1107 4107 1188 4167 spem
1219 4089 1312 4166 impu·

107 4178 205 4238 nitatis
228 4185 349 4256 propter
371 4185 523 4256 parentum
543 4177 733 4250 sanctitatem,
763 4183 792 4234 et
821 4173 917 4250 gentis
940 4171 1111 4248 dignitatem
1135 4177 1311 4246 conceptam,

107 4277 141 4317 eo
159 4257 240 4336 quod
262 4257 345 4316 Deus
368 4255 428 4315 illis
449 4255 552 4316 doletis
572 4265 671 4333 posset
690 4255 779 4314 alium
800 4253 857 4312 sibi
876 4251 1013 4330 populum
1032 4248 1169 4325 colligere
1189 4249 1312 4312 miracu

106 4337 164 4398 loso
188 4359 227 4398 ex
251 4335 409 4414 lapidibus,
431 4336 482 4413 qui
509 4344 606 4396 essent
626 4335 679 4394 filii
700 4332 861 4393 Abrahami
885 4351 943 4390 non
967 4328 1151 4408 generatione
1174 4327 1225 4388 sed
1248 4327 1321 4390 imi·¹

107 4419 224 4478 tatione.
268 4417 343 4475 Herc
357 4424 454 4475 eutem
467 4415 584 4490 locutio,
599 4415 657 4475 Vel
669 4415 792 4492 figurate
805 4410 929 4488 intelligi
943 4417 1039 4487 potest
1052 4408 1088 4467 de
1103 4408 1241 4484 lapidetur
1255 4431 1313 4488 non

103 4499 214 4574 plyo'cc
227 4496 283 4558 sed
296 4496 391 4572 odrice,
406 4495 446 4554 id.
460 4495 497 4554 de
512 4496 648 4573 gentibus
661 4495 807 4554 extraneis
821 4511 885 4571 quas
899 4490 1011 4570 lapides
1025 4488 1132 4564 colunt,
1147 4496 1177 4548 et
1190 4508 1255 4566 queo
1271 4493 1313 4551 la·

107 4579 219 4655 pidibus
233 4578 267 4637 in
283 4575 434 4654 Scriptura
446 4583 667 4652 comparentur;
688 4574 746 4634 Vel
760 4573 797 4632 ad
812 4573 931 4648 literam,
946 4572 1002 4630 hoc
1016 4589 1119 4645 sonsn;
1142 4569 1167 4628 si
1180 4591 1234 4630 vos
1252 4593 1313 4631 orn·

107 4675 156 4720 nes
168 4659 247 4719 male
262 4655 398 4736 pareatis,
414 4656 495 4716 Deus
508 4663 605 4728 umen
618 4675 672 4714 nec
686 4655 741 4714 erit
753 4673 847 4714 vanus
860 4653 890 4712 in
903 4650 1053 4731 promissis
1067 4649 1136 4726 suis,
1158 4671 1211 4712 nec
1224 4651 1325 4726 doerit,
