3152 5178
111 367 215 420 eum.
230 347 314 430 vnn]
532 367 571 406 nr
585 367 644 410 nso
658 367 726 426 uso,
741 368 780 409 nn
793 367 892 412 neruo.
1259 349 1314 406 177

151 509 239 570 VIII.
255 508 339 568 Deus
360 506 470 568 dicitur
488 507 618 568 infinitus
631 508 741 568 retione
761 508 894 570 essentis
910 507 1065 585 triferium
1089 509 1114 567 1.
1129 506 1314 584 oripimliter,

414 668 682 747 s...
708 586 1137 667 ιι

114 750 275 824 &malim
291 749 362 826 quis
382 749 493 808 nullum
513 712 655 826 spheirem
675 749 833 808 activitatis
855 769 915 808 sure
935 749 1046 808 finitum
1062 748 1158 824 habet,
1180 693 1234 807 noio
1254 745 1315 806 ullo

113 849 251 889 concursu
265 828 356 888 ullius
370 848 465 888 ceusu
479 837 547 906 eget
560 829 592 887 in
605 828 727 906 egendo,
744 828 796 888 sed
809 829 905 892 omnia
925 837 1021 906 potest
1034 847 1213 906 quecunque
1227 827 1301 886 vult.

415 907 476 966 IX.
498 907 581 967 Licet
592 908 673 967 Deus
683 927 743 967 uon
759 909 851 986 possit
861 909 1019 986 producere
1029 910 1156 982 effectum
1168 907 1314 986 infinitam,

127 965 336 1070 rentffilntm
371 987 441 1066 quie
453 987 642 1066 producibilis
655 1008 714 1047 non
728 996 781 1064 cet,
802 1008 862 1048 non
875 988 981 1048 desinit
1001 996 1097 1048 temen
1118 1007 1182 1046 esse
1196 987 1315 1048 nfinite

374 1068 499 1144 virtutis,
514 1069 583 1146 quis
592 1067 654 1146 egit
663 1071 746 1128 ruodo
756 1069 869 1148 sifim'to,
885 1077 915 1128 et
928 1088 993 1145 quo
1006 1067 1133 1127 infinitus
1149 1087 1207 1126 non
1220 1075 1318 1145 potest

109 1151 230 1230 reperiri
243 1149 276 1208 in
290 1148 407 1209 amnuo
421 1155 538 1225 propter
551 1148 779 1228 repugnentiam,
794 1149 935 1226 reperitur
947 1147 1056 1226 inipso
1069 1149 1175 1226 rependi
1185 1149 1277 1206 modo.

151 1231 194 1290 X.
218 1228 435 1306 Gmnprelennb
449 1226 497 1286 vel
510 1236 592 1287 notet
605 1228 836 1288 consecutionem
855 1235 885 1288 et
898 1227 1062 1286 fruitionem
1075 1227 1189 1306 plenem
1210 1228 1252 1286 rei
1266 1226 1316 1286 de·

109 1310 254 1386 sideretoe,
271 1329 323 1388 per
336 1309 420 1386 exim
434 1307 471 1366 sd
485 1325 535 1366 eos
549 1307 599 1385 qui
612 1307 644 1365 in
658 1307 751 1368 studio
765 1315 872 1367 metam
885 1308 1041 1385 attingunt,
1057 1326 1115 1385 qno
1133 1327 1220 1367 sensu
1237 1307 1317 1368 besti

109 1399 233 1470 possunt
247 1389 307 1449 dici
321 1387 582 1466 comprehensores,
598 1387 674 1447 Phil.
689 1387 729 1447 iii.
746 1389 803 1462 123
827 1390 842 1446 1
859 1388 924 1448 Cor.
938 1388 979 1446 ix.
995 1392 1043 1463 24,
1055 1395 1088 1448 ut
1102 1387 1317 1464 distinguuntur

110 1492 130 1530 c
141 1469 279 1530 fidelibus
292 1469 344 1546 qui
358 1476 427 1528 sunt
439 1467 533 1529 edhuc
546 1467 578 1525 in
590 1466 656 1528 vie:
677 1466 726 1526 vel
739 1467 874 1545 designet
892 1475 1056 1528 eccumtam
1069 1475 1099 1530 et
1113 1467 1247 1528 omnibus
1263 1487 1316 1528 nu·

110 1550 198 1609 meris
218 1549 384 1608 absolutum
407 1547 464 1606 Dei
485 1546 688 1624 cognitionem,
711 1567 777 1625 qne
799 1547 915 1624 objecto
936 1547 1022 1626 plene
1043 1546 1231 1625 adaequetur:
1261 1547 1317 1608 hoc

107 1645 199 1690 muso
220 1629 297 1690 nulli
317 1635 439 1706 possunt
453 1625 511 1686 dici
532 1627 793 1704 comprehensores,
814 1646 867 1688 nec
887 1627 1020 1688 homines
1040 1647 1094 1688 nec
1108 1627 1226 1706 Angeli
1248 1629 1318 1708 quia

111 1709 226 1770 finitum
240 1729 301 1768 non
315 1717 361 1768 est
373 1727 466 1786 cuper
478 1705 592 1766 infiniti.

153 1789 214 1850 XI.
236 1789 379 1864 Quamvis
393 1786 474 1846 Dens
488 1786 614 1864 seipsum
627 1785 753 1864 perfecte
766 1794 797 1847 ct
808 1785 959 1864 &aequate
972 1793 1137 1865 cognoscet,
1149 1807 1208 1846 non
1222 1787 1317 1866 eequi-

113 1879 161 1930 tur
172 1869 330 1928 essentium
345 1868 409 1946 ejus
423 1885 486 1926 esse
499 1865 618 1942 finitum,
630 1866 700 1944 quie
713 1873 743 1925 et
762 1864 826 1943 ipsa
839 1867 967 1943 cognitio
987 1875 1017 1926 et
1030 1868 1246 1945 comprehensio
1261 1867 1319 1930 Dei

112 1949 149 2008 de
163 1969 195 2008 se
209 1947 325 2008 infinita
338 1955 402 2008 est:
422 1945 464 2005 ita
476 1947 602 2006 essentie
613 1945 696 2006 finita
710 1947 774 2006 Deo
788 1945 902 2021 dicitur,
917 1945 1013 2006 minus
1030 1946 1153 2024 proprie,
1168 1966 1228 2006 non
1241 1947 1319 2024 qood

112 2029 195 2090 Deos
212 2027 329 2106 judicet
347 2027 503 2088 essentiam
516 2045 599 2086 suum
619 2044 683 2086 esse
696 2025 817 2102 finium,
833 2023 885 2086 sed
897 2024 977 2102 qnod
997 2024 1125 2104 cognitio
1138 2025 1204 2104 ejus
1217 2025 1261 2088 illi
1281 2027 1320 2087 sit

197 2117 276 2168 uate.

111 2109 234 2248 αἰ’ἓὶῑὶ
257 2188 415 2266 Repugnet
427 2185 543 2264 quidem
557 2185 667 2263 eliquid
680 2204 744 2246 esse
758 2184 936 2266 risdefinimm,
946 2193 976 2246 et
986 2203 1050 2246 esee
1059 2193 1124 2246 actu
1134 2187 1186 2246 loc
1194 2186 1321 2264 aliquid:

113 2268 167 2334 sed
179 2287 240 2328 non
260 2274 405 2346 repugnat
425 2285 488 2325 esse
508 2274 573 2324 actu
585 2266 723 2344 infinitum
743 2265 806 2324 sine
825 2265 894 2326 ullis
910 2265 1043 2327 essentie
1057 2266 1196 2344 terminis,
1211 2275 1241 2326 et
1254 2275 1321 2327 ectu

113 2348 170 2408 hoc
191 2347 313 2426 eliquid,
332 2347 373 2406 id.
394 2344 664 2424 singularissimum,
679 2344 837 2407 indivisum
857 2345 888 2406 in
901 2365 941 2424 se,
956 2355 987 2410 et
1006 2345 1133 2407 divisum
1153 2367 1172 2408 e
1191 2347 1322 2427 quolibet

116 2428 182 2491 ulio.

156 2507 254 2566 XIII.
277 2504 361 2566 Licet
375 2504 520 2566 Orceturm
533 2523 634 2565 ornnes
644 2503 753 2565 distem
766 2505 797 2564 in
807 2505 951 2567 infinitum
965 2525 983 2566 a
995 2506 1170 2586 perfectione
1184 2506 1319 2584 increeta,

118 2596 147 2648 et
159 2587 235 2647 inter
248 2586 316 2646 illes
329 2595 359 2646 et
373 2587 469 2646 Deum
482 2584 563 2644 nulls
576 2585 615 2646 eit
627 2586 773 2664 proportio
788 2586 960 2664 equalitatis
974 2597 1004 2648 et
1017 2588 1321 2665 commensuretionis3

117 2687 174 2728 uon
193 2665 326 2744 sequitur
346 2673 492 2725 creeturm
511 2685 612 2724 omncs
632 2685 695 2724 esse
716 2685 797 2743 reque
811 2666 961 2744 perfectos,
976 2667 1045 2745 quis
1064 2687 1199 2726 mensure
1211 2667 1321 2746 perfec·

118 2747 204 2806 tionis
215 2747 419 2806 Cresturnrum
432 2764 491 2803 uon
505 2744 627 2805 sumitur
640 2763 658 2803 a
671 2743 809 2805 distantis
821 2745 1004 2824 perfectionis
1013 2747 1078 2823 Dei,
1094 2747 1146 2807 sed
1160 2767 1178 2806 e
1190 2747 1323 2824 pluribus

119 2827 165 2886 vel
178 2825 365 2906 paucioribus
379 2823 517 2903 grrdibm
534 2823 728 2904 perfectionis,
743 2845 817 2903 quos
830 2845 1010 2904 uneqneeque
1029 2846 1077 2888 res
1097 2827 1193 2886 eDec
1206 2826 1322 2906 portici·

119 2925 250 3044 P⁸va.
274 2982 470 3044 Perfectionee
492 3001 592 3043 omncs
615 2983 679 3042 Deo
701 2991 876 3061 competunt,
898 2984 948 3044 vel
962 2985 1136 3062 formaliter,
1158 2992 1192 3045 ut
1212 2985 1323 3064 perfee-

121 3065 212 3126 tiones
226 3063 397 3143 simpliciter
411 3064 492 3140 teies,
514 3063 553 3123 id.
568 3083 641 3140 ques
661 3062 794 3122 absolute
813 3063 959 3140 loquendo
972 3072 1091 3141 prestat
1110 3064 1216 3123 habere
1237 3083 1324 3142 quem

120 3165 175 3204 non
188 3145 308 3220 hebere,
324 3151 354 3203 et
367 3143 472 3221 quibus
490 3142 571 3202 nulls
583 3142 676 3221 major
688 3141 827 3220 perfectio
841 3143 953 3220 concipi
966 3150 1081 3220 poteet3
1102 3143 1151 3202 vel
1165 3144 1323 3221 eruimur,

121 3235 151 3286 ut
163 3223 358 3304 perfectiones
372 3222 530 3282 secundum
542 3221 622 3299 quid,
636 3241 703 3300 qne
716 3217 834 3299 quidem
853 3222 885 3280 in
904 3241 956 3281 sno
976 3241 1082 3300 genere
1102 3221 1203 3284 dicunt
1215 3223 1324 3302 perfec-

121 3305 227 3364 tionem
240 3303 379 3381 nliquem,
394 3301 447 3362 secl
460 3321 525 3380 quse
538 3301 700 3362 neceeserio
711 3321 778 3361 cnm
791 3300 889 3379 ulique
902 3301 1116 3380 imperfectione
1129 3311 1174 3362 est
1187 3304 1324 3383 conjunc·

122 3393 165 3458 te3
179 3403 255 3461 quus
269 3383 339 3461 quie
351 3381 465 3459 proprie
479 3389 509 3440 et
522 3380 679 3440 formaliter
691 3381 798 3441 hebere
809 3400 868 3440 nou
881 3389 984 3459 potest,
999 3380 1147 3460 possidere
1160 3393 1258 3443 temen
1276 3403 1326 3446 ess

123 3463 225 3524 (licitur
239 3462 350 3522 virtute
364 3469 394 3520 ct
406 3460 573 3536 eminenter,
588 3460 657 3538 quie
669 3461 983 3600 potestperfectionem
999 3462 1079 3520 illam
1095 3463 1262 3541 producere,
1277 3465 1327 3524 vel

125 3543 188 3638 quiq
200 3551 340 3622 praetere
354 3547 451 3620 potest
463 3540 573 3619 ubsque
585 3539 637 3600 ille
650 3541 738 3619 quicq
759 3540 766 3555 ’

127 3621 345 3778 fecqquthd
359 3700 401 3760 ite
420 3706 466 3760 est
484 3699 540 3760 hoc
553 3706 588 3758 nt
606 3698 718 3760 nonsit
737 3699 825 3777 eliud,
840 3719 894 3761 nec
907 3701 1065 3762 formaliter
1084 3721 1138 3762 nec
1157 3702 1326 3778 eminenter,

129 3789 168 3840 eet
179 3782 295 3842 finitum
308 3780 420 3840 ratione
434 3779 621 3855 substentim3
641 3778 694 3839 eso
706 3778 743 3838 de
757 3780 821 3840 Deo
834 3780 890 3840 hoc
904 3781 962 3840 clici
975 3781 1083 3860 nequit,
1095 3783 1146 3859 qui
1159 3782 1201 3841 its
1214 3789 1259 3840 est
1272 3781 1327 3840 hoc

131 3861 241 3938 etiqoid,
256 3869 290 3921 ut
311 3869 411 3920 humen
425 3859 463 3920 sit
483 3859 580 3919 omniu
599 3858 766 3936 eminenter,
784 3879 880 3920 rerum
899 3861 1028 3922 omnium
1041 3859 1232 3938 perfectiones
1250 3859 1283 3918 in
1296 3879 1328 3919 se

133 3941 282 4000 eminenter
297 3938 484 4000 continendo.

800 3541 852 3602 ille
865 3549 991 3620 prestet,
1006 3542 1120 3603 secluso
1132 3543 1211 3604 omni
1220 3544 1326 3623 imper·

171 4018 255 4080 XVI.
270 4018 414 4097 Quamvis
426 4017 554 4079 infinitos
567 4015 830 4078 secundnmlecum
843 4019 971 4096 requiret
980 4017 1129 4078 formalem
1143 4015 1327 4077 existentium

134 4096 172 4156 rei
183 4098 210 4158 in
223 4101 359 4162 omnihus
371 4097 454 4173 loeis,
469 4105 566 4158 temen
578 4096 707 4158 infinitus
726 4097 867 4172 essenus
882 4117 941 4156 non
962 4096 1082 4174 requirit
1101 4103 1134 4156 ut
1152 4116 1199 4156 res
1219 4097 1258 4155 sit
1270 4095 1327 4155 for·

135 4177 237 4239 mlier
249 4179 346 4242 omnis
366 4176 537 4254 substantia,
559 4176 611 4238 sed
624 4183 737 4238 tentum
749 4185 784 4238 nt
802 4175 949 4237 contineet
967 4175 1158 4256 perfectiones
1174 4176 1327 4254 cujuscun-

136 4273 184 4334 que
195 4259 376 4336 snhatsntim,
393 4257 419 4318 si
431 4276 491 4318 uon
504 4256 669 4334 formaliter,
684 4257 787 4318 saltem
800 4255 967 4316 eminenter.
