3160 5194
661 341 792 389 ORATIO
809 339 994 388 FUNEBRIS.

430 501 648 576 -Maqnaram
658 498 834 576 prodientem
848 499 890 556 ad
901 498 1023 557 culmine
1037 497 1154 556 16611661

435 581 637 658 Prosequimar
651 580 758 658 cupide,
773 579 1035 656 voaaqaefavemua
1049 577 1132 638 661111.

235 765 381 845 Quaedam
396 772 471 831 tunc
487 765 602 848 ingenii
617 764 664 829 sui
687 763 817 846 pignora
844 783 909 827 aevo
923 763 1173 846 transcripserat,
1192 782 1259 843 quae
1287 759 1373 824 nulla
1388 780 1443 824 se·
1550 732 1551 774 ³

236 886 332 947 quens
367 865 433 929 dies
464 865 617 928 oblivione
647 863 778 945 ingloria
806 863 904 944 premi
936 862 1028 926 sinet.
1059 862 1154 925 Anno
1188 861 1246 938 64,
1271 858 1442 923 Pontificio
1550 917 1553 974 ,

235 964 353 1045 scripto
369 963 580 1046 responderat,
597 969 630 1026 et
646 961 810 1026 veritatem
832 961 1002 1044 Religionis
1020 960 1208 1024 Reformatae
1226 980 1246 1021 a
1262 956 1380 1023 cavillis
1405 965 1442 1022 et
1551 1031 1553 1038 .

235 1061 395 1128 calumniis
430 1061 689 1126 Adversariorum
719 1061 937 1125 vindicaverat.
979 1061 1074 1122 Anno
1107 1060 1164 1134 66,
1199 1057 1441 1138 Disputationes

235 1161 380 1226 emiserat
396 1161 435 1225 de
451 1161 681 1246 Setiafoetr'one
696 1158 815 1222 01111611
830 1160 974 1222 adversus
990 1158 1135 1222 Soeiuum
1159 1159 1286 1238 ejusque
1318 1155 1442 1218 infaus-
1553 1163 1555 1240 j

235 1267 299 1324 tam
316 1259 442 1340 prolem,
458 1267 491 1323 ot
506 1260 654 1322 adversus
664 1258 851 1334 Pontificios‚
863 1258 973 1338 quibus
990 1257 1065 1320 alias
1081 1256 1242 1319 addiderat
1255 1255 1294 1319 de
1306 1254 1440 1318 0116616
1554 1263 1556 1338 }

234 1360 412 1442 Pontificio,
431 1379 467 1422 ac
483 1359 520 1421 dc
537 1359 717 1422 Concordia
741 1357 842 1420 Pauli
858 1365 889 1420 et
905 1356 1022 1420 Jacott
1036 1357 1070 1418 ia
1089 1355 1332 1438 Jasta'ficatt'ont‘s
1354 1353 1442 1415 arti-
1555 1361 1556 1366 ’

235 1459 317 1521 calo.
353 1456 449 1519 Anno
476 1453 532 1534 74,
559 1457 796 1519 [restitutionem
817 1455 995 1538 Tbeoleqt'ae
1012 1455 1188 1518 Elencttcae
1208 1451 1381 1525 adornavit,
1405 1451 1442 1512 in

236 1577 298 1636 qua
312 1561 428 1617 statum
443 1553 728 1616 Controuersiarum
745 1553 906 1634 perspicue
924 1553 1078 1634 exposuit,
1095 1553 1161 1616 siue
1176 1572 1236 1632 quo
1251 1551 1442 1614 Andabata-

235 1674 303 1715 rum
313 1672 397 1715 more
407 1660 500 1731 atque
513 1651 746 1714 iusoelieimarte
762 1651 936 1714 dimicatur.
983 1650 1047 1714 Diu
1064 1652 1186 1732 quidem
1204 1649 1295 1714 bresit
1312 1670 1352 1712 au
1365 1649 1442 1712 illud

236 1751 321 1830 Opus
332 1749 449 1831 ederet,
460 1750 572 1830 quippe
585 1757 712 1814 noverat
724 1749 879 1814 laborasse
888 1750 1009 1830 pridem
1019 1750 1053 1812 in
1064 1751 1155 1831 hujus
1163 1748 1285 1831 generis
1296 1749 1440 1812 lucubra-

236 1848 372 1911 tionibus
387 1869 565 1930 magnorum
583 1856 649 1911 tum
666 1855 805 1912 veterum
822 1855 890 1911 tum
905 1849 1075 1913 recentium
1095 1849 1318 1930 Theologorum
1332 1846 1443 1910 indus-

236 1947 337 2024 triam,
355 1947 417 2012 imo
432 1947 580 2011 immensa
596 1947 718 2010 illarum
734 1948 822 2028 copia
836 1947 883 2010 ita
898 1948 986 2011 obrui
1002 1947 1170 2029 litigiosum
1191 1945 1336 2027 seculum,
1354 1952 1392 2008 61
1408 1945 1439 2008 61

236 2046 296 2109 illac
312 2045 413 2128 aliquo
428 2046 575 2111 novitatis
587 2047 738 2112 lenocinio
747 2046 884 2112 alliciant
894 2047 1039 2111 lectorem
1049 2046 1253 2125 fastidiosum,
1266 2039 1354 2107 illum
1366 2065 1441 2108 con-

236 2145 324 2209 tinuo
341 2145 479 2225 iniquum
509 2146 753 2225 parturientibus
776 2145 1005 2210 nanciscantur.
1058 2144 1106 2208 At
1129 2149 1178 2207 tot
1194 2143 1273 2207 votis
1298 2143 1442 2222 expetita

235 2243 296 2305 suit
311 2245 375 2308 baec
393 2243 568 2324 Institutio,
596 2250 633 2304 61
650 2243 800 2322 denegare
817 2244 948 2323 amplius
975 2264 1035 2306 non
1061 2243 1209 2324 potuerit,
1236 2261 1271 2305 ac
1300 2261 1317 2302 c
1348 2242 1442 2320 proeli

237 2341 410 2404 carceribus
425 2359 623 2418 prorumpere
640 2359 748 2419 passus
763 2339 867 2404 fuerit.
920 2340 1007 2404 Viris
1033 2342 1132 2406 doctis
1154 2362 1215 2405 nou
1246 2339 1441 2420 displicuisse

237 2443 393 2500 testantur
414 2436 582 2499 innumerae
607 2456 795 2500 summorum
820 2439 918 2503 totius
946 2439 1029 2504 orbis
1058 2439 1280 2522 Theologorum
1311 2439 1440 2514 literae;

237 2534 424 2599 creberrima
437 2533 518 2598 euim
534 2541 624 2598 erant
641 2535 700 2616 ipsi
717 2537 899 2602 commercia
912 2539 977 2602 fere
993 2559 1062 2602 cum
1075 2539 1226 2619 omnibus,
1243 2557 1319 2618 quos
1340 2537 1441 2601 inusi-

237 2639 305 2695 tata
322 2633 452 2713 quadam
469 2633 616 2698 doctrinae
631 2634 729 2716 gloria
754 2635 822 2700 aliis
839 2637 1014 2718 praecellere
1031 2638 1184 2714 audiebat,
1209 2637 1291 2701 unde
1315 2636 1341 2700 si
1371 2635 1440 2717 quis
1558 2664 1563 2723 3

238 2729 388 2794 Musaeum
414 2732 480 2811 ejus
510 2733 677 2814 expendat,
702 2733 800 2798 totius
827 2735 961 2816 Europae
995 2736 1207 2817 compendium
1235 2736 1331 2800 fuisse
1359 2757 1440 2800 com-

238 2828 347 2908 periet.
405 2829 524 2893 Eodem
557 2839 696 2912 tempore
723 2833 907 2913 prodierunt
938 2835 1006 2914 ejus
1040 2835 1218 2916 Conciones,
1251 2854 1318 2915 quae
1348 2835 1441 2898 hodie
1562 2906 1566 2915 ¹

236 2927 376 2992 manibus
391 2928 526 2991 omnium
541 2936 631 2994 tauto
646 2951 715 2995 cum
731 2933 835 2995 fructu
851 2939 1006 2997 teruntur.
1057 2934 1153 2996 Anno
1174 2930 1232 3014 87,
1259 2934 1297 2996 de
1320 2933 1440 2997 Neces-

238 3037 331 3088 saria
355 3027 534 3092 Secesaione
557 3037 671 3092 nostra
688 3033 730 3094 ab
747 3029 895 3094 Ecclesia
909 3033 1072 3108 Romana,
1094 3042 1124 3096 at
1148 3031 1346 3114 Impossibilt
1367 3053 1440 3094 66111

237 3146 276 3188 ea
295 3127 510 3208 Synereta'smo
536 3127 775 3209 Disputationes
801 3131 979 3210 recognovit
998 3136 1030 3193 et
1058 3131 1156 3208 auxit,
1180 3130 1291 3210 quibus
1319 3131 1440 3194 addidit

236 3223 524 3288 Miscellaneam
542 3227 801 3308 Disputattoenm
825 3229 996 3294 Decedam.
1038 3228 1131 3292 Suam
1147 3229 1242 3292 etiam
1260 3229 1440 3294 Institutio-

237 3339 307 3382 uem
321 3339 539 3401 recognoscere
554 3323 733 3407 incipiebat,
751 3334 784 3390 et
800 3328 899 3390 multa
916 3327 1029 3391 addere
1045 3347 1080 3392 ac
1097 3327 1253 3392 illustrare
1265 3329 1439 3392 meditaba-

236 3424 298 3492 tur,
315 3437 384 3480 cum
399 3417 468 3482 coeli
493 3420 592 3482 incola
617 3423 717 3486 faetus
738 3429 797 3505 est,
819 3431 852 3486 et
868 3426 1053 3489 aternitatis
1074 3426 1267 3514 candidatus.
1318 3427 1357 3490 Iu
1375 3427 1441 3490 dies

237 3513 297 3577 Vir
313 3513 365 3578 ille
391 3515 599 3598 pientissimus
619 3521 810 3584 moriebatur
827 3543 883 3604 per
900 3523 1013 3588 multos
1030 3545 1135 3598 annos,
1162 3545 1226 3606 prae
1242 3546 1361 3589 summo
1387 3525 1441 3588 do-

237 3611 300 3675 lore
316 3634 375 3694 quo
392 3615 571 3695 angebatur,
597 3617 636 3679 ob
661 3619 903 3686 luctuosissimas
931 3622 1139 3686 Ecclesiarum
1164 3623 1384 3704 dissipationes
1408 3632 1442 3688 et

238 3718 366 3793 strages.
418 3711 502 3775 Nam
517 3721 536 3749 “
549 3734 617 3776 eum
632 3715 685 3778 alii
701 3719 838 3800 omnes,”
855 3721 936 3800 quod
962 3721 999 3783 do
1015 3721 1132 3784 Basilio
1146 3728 1254 3784 narrat
1270 3723 1338 3802 ejus
1354 3729 1442 3806 ἐγκω-

236 3817 364 3886 μιαστής,
388 3811 452 3875 “id
476 3817 599 3876 tautum
616 3815 699 3893 quod
714 3823 786 3880 aute
803 3819 896 3897 pedes
910 3825 967 3895 est,
987 3819 1123 3901 videant,
1139 3839 1254 3900 suaque
1269 3828 1306 3883 ut
1322 3821 1355 3883 iu
1371 3829 1442 3886 tuto

237 3909 301 3973 sint
321 3911 473 3988 laborent,
492 3909 533 3996 (si
555 3917 659 3976 tamen
684 3913 716 3976 id
743 3915 819 3979 satis
845 3923 947 3980 tutum
965 3937 1032 3982 esse
1051 3909 1171 4008 potest)
1188 3939 1286 3998 neque
1310 3920 1442 3984 ulterius

237 4009 486 4092 progrediantur,
504 4029 560 4074 uec
575 4011 677 4093 magui
695 4012 812 4093 aliquid
829 4021 862 4078 et
874 4016 994 4080 strenui
1007 4016 1055 4079 vel
1071 4017 1260 4098 cogitatione
1277 4018 1442 4098 complecti

238 4104 285 4167 vel
303 4109 422 4172 efficere
440 4115 563 4190 queant,
585 4109 651 4190 ipsc
668 4118 778 4175 eontra
798 4115 923 4178 tametsi
943 4115 1064 4178 caeteris
1089 4115 1122 4177 in
1147 4117 1238 4178 rebus
1263 4116 1443 4180 moderatus

237 4209 328 4277 esset,
357 4205 407 4268 hic
430 4215 535 4271 tamen
561 4209 684 4273 modum
710 4211 944 4293 haudquaquam
972 4213 1108 4289 tenebat,
1130 4232 1235 4277 verum
1259 4213 1382 4278 sublato
1409 4215 1444 4279 in

237 4299 335 4360 altum
350 4303 452 4380 capite
469 4306 641 4386 mentisque
655 4310 752 4373 oeulis
764 4331 1006 4390 quaquaversum
1019 4311 1158 4390 jactatis,
1171 4331 1276 4374 omues
1287 4331 1340 4376 eas
1356 4313 1442 4377 orbis

237 4403 354 4480 partes,
371 4419 446 4478 quas
462 4401 621 4466 salutifera
638 4406 754 4472 Christi
780 4409 922 4473 doctrina
946 4415 1112 4491 pervagata
1127 4415 1186 4486 est,
1204 4409 1443 4489 comprehende-

238 4495 310 4570 bat;
343 4503 375 4560 et
400 4519 494 4578 quum
522 4499 642 4564 vineam
670 4505 796 4570 Domini
822 4507 1016 4574 devastatam
1039 4506 1194 4583 audiebat,
1220 4527 1277 4571 666
1300 4529 1444 4573 66616661

238 4591 334 4659 666116
351 4603 406 4660 aut
427 4595 677 4666 dormitationem
694 4605 851 4686 palpebris
868 4605 1064 4684 concedebat,
1081 4604 1286 4686 quicquidque
1301 4607 1443 4672 earnium
