3160 5194
596 771 753 813 nsssnrc‘fl
768 771 884 813 PICTETI

385 907 650 1006 ORATIO
741 913 1091 1008 FUNEBRIS

566 1121 605 1161 DE
619 1122 691 1162 VITA
705 1121 803 1172 Arous
817 1122 907 1164 OBITU

442 1261 685 1331 FllhlllllSGl
724 1264 1020 1344 l'UllREl'l'lllh

413 1449 521 1486 naum
531 1451 579 1487 nm
590 1451 632 1488 111.
643 1451 766 1488 NOVBHB·
779 1453 824 1488 AN.
836 1453 864 1488 ll.
875 1454 915 1490 Dc.
927 1454 1059 1490 mxvii.

168 1839 401 1903 AMPLISSIMI
428 1857 617 1923 esocem,
633 1841 824 1923 Reipublicae
839 1849 953 1907 nostrae
967 1842 1083 1905 lumina
1099 1861 1135 1905 ac
1152 1841 1335 1906 columina:

119 1935 290 2019 Magnifice
310 1937 403 2021 hujus
420 1939 565 2004 Athenaei
581 1939 720 2003 Rector:
746 1939 924 2004 Venerandi
940 1947 974 2002 et
987 1937 1176 2004 celeberrimi
1192 1939 1335 2005 Pastores

121 2055 156 2098 ac
167 2035 386 2117 ‚Professores
405 2036 592 2101 Generensis
609 2037 755 2100 Ecclesiae
781 2044 813 2100 et
831 2036 1009 2100 Academia
1027 2035 1188 2114 splendida
1202 2037 1333 2100 decora:

122 2131 337 2208 Nobssissimi,
354 2135 598 2210 Generosissimi‚
616 2133 930 2212 Praestantissimiqua
945 2133 1079 2196 omnium
1094 2132 1235 2194 ordinum
1251 2131 1337 2196 Hos-

123 2231 225 2311 pites:
254 2233 391 2318 Vosque
408 2233 495 2298 Sacri
511 2233 581 2296 Deo
596 2231 628 2294 N
630 2231 741 2307 aziraei,
757 2231 981 2312 Prophetarum
997 2230 1070 2294 Filii
1088 2229 1301 2293 dilectissimi:

169 2329 311 2394 Vesana
329 2333 441 2395 desunt
457 2333 548 2395 rebus
563 2330 728 2394 immensis.
755 2328 814 2392 Vis
831 2349 942 2410 magna
955 2349 1059 2392 vocem
1075 2327 1212 2401 emittit;
1231 2325 1335 2408 Maj0r

124 2433 218 2492 huet.
256 2431 354 2494 Ourae
364 2429 446 2493 leves
459 2429 627 2509 loquuntur
642 2450 650 2502 ;
669 2428 815 2510 Ingentes
830 2433 967 2507 stupent.
1004 2426 1075 2490 Non
1092 2445 1159 2490 sose
1173 2427 1332 2492 confestim

124 2533 262 2590 ostentat
284 2527 432 2592 intensus
450 2526 553 2601 dolor;
579 2525 677 2590 scdri
703 2546 759 2590 sua
773 2525 876 2589 verbis
891 2524 1122 2589 obluctantibus
1140 2525 1220 2588 viam
1236 2525 1333 2590 inter-

126 2623 231 2688 cludit.
285 2623 367 2688 Post
390 2624 508 2707 publici
531 2623 669 2706 parentis
688 2624 859 2699 interitum,
874 2622 994 2705 gelidus
1015 2622 1125 2703 cuique
1150 2642 1214 2702 praa
1240 2623 1333 2686 animi

128 2723 382 2787 consternatione
406 2725 500 2786 hebet
515 2722 647 2802 sanguis,
664 2721 744 2786 sicut
761 2721 873 2784 amisso
887 2720 1112 2784 Patresamilias
1129 2727 1250 2782 vastum
1265 2727 1335 2784 tota

129 2817 218 2883 domo
232 2821 406 2897 silentium,
420 2827 453 2885 et
463 2820 594 2902 elinguis
603 2820 828 2901 lachrymarum
842 2819 949 2894 imber,
962 2825 1017 2881 aut
1031 2817 1151 2880 turbidi
1167 2824 1199 2880 et
1217 2818 1334 2883 confusi

130 2917 252 2996 quidam
267 2918 418 2998 ejulatus.
470 2917 629 2981 Hactenus
653 2918 754 2982 tacuit
769 2918 956 2981 Athenaeum
981 2921 1182 2990 nostramet
1205 2917 1335 2980 horrore

132 3016 210 3078 sacri
236 3015 357 3080 silentii
381 3017 498 3080 luctum
523 3015 707 3097 obsignarit.
759 3015 857 3078 Dolor
877 3014 1020 3076 infandus
1039 3012 1188 3093 repressit
1208 3033 1273 3088 ora,
1302 3019 1335 3076 at

132 3111 236 3176 tristia
250 3115 380 3194 negarit
390 3116 494 3178 verba.
525 3113 645 3178 Verum
659 3113 775 3175 diutius
786 3133 847 3175 yox
859 3119 968 3176 nostra
978 3109 1129 3189 supprimi
1146 3109 1262 3188 nequit,
1278 3129 1336 3174 nec

135 3210 214 3274 valet
232 3211 369 3293 amplius
392 3213 513 3274 animus
535 3211 666 3275 tacitum
689 3212 745 3273 suh
771 3215 897 3288 pectore
912 3207 1031 3270 nutrire
1046 3205 1164 3268 vulnus.
1215 3203 1336 3285 Majora

134 3309 274 3373 cruciant
290 3331 382 3390 quam
394 3318 432 3373 ut
445 3329 546 3372 moras
561 3308 676 3390 possim
687 3307 772 3388 pati;
788 3307 917 3372 damma
930 3303 1077 3369 medullas
1092 3310 1124 3368 et
1135 3323 1189 3367 cor
1199 3310 1337 3368 exurunt

134 3426 243 3470 meum.
298 3407 487 3490 Lachrymas
504 3407 669 3487 lachrymis
684 3405 813 3468 miscere
822 3404 923 3483 juvat,
938 3411 971 3467 et
985 3401 1087 3468 serbis
1102 3403 1269 3466 obductum
1282 3402 1334 3466 do-

135 3502 227 3568 lorem
238 3505 374 3586 vulgare.
397 3507 446 3570 At
457 3505 531 3585 quid
542 3503 684 3584 eloquarl
701 3501 794 3566 Unde
805 3502 927 3566 dicendi
939 3499 1117 3565 exordiuml
1135 3499 1336 3576 “Grandes'’

136 3609 171 3662 ut
185 3621 254 3665 cum
271 3602 460 3684 Hieronymo
474 3603 592 3682 loquar,
608 3608 626 3637 ‘⁶
636 3600 782 3664 materias
797 3599 921 3681 ingonia
934 3619 1030 3679 parva
1046 3619 1106 3661 nou
1124 3598 1288 3673 sustinent,
1303 3604 1337 3662 et

136 3698 168 3759 in
185 3697 256 3778 ipso
281 3709 393 3764 conatu
414 3702 498 3764 ultra
511 3699 592 3762 vires
606 3719 683 3760 ausa
701 3699 912 3776 succumbunt,
928 3703 1103 3776 quantoque
1117 3696 1217 3775 majus
1242 3694 1337 3758 suerit

138 3797 216 3873 quod
232 3796 394 3862 dicendum
414 3805 472 3872 est,
488 3804 578 3860 tanto
597 3795 696 3876 magis
715 3795 867 3872 obruitur,
885 3795 937 3874 qui
960 3793 1201 3876 magnitudinem
1217 3791 1264 3854 rei
1283 3811 1336 3854 ex·

138 3892 251 3970 plicare
268 3895 370 3958 verbis
384 3917 444 3960 non
461 3890 594 3975 potest.”
642 3892 731 3957 Mens
748 3899 863 3973 stupet,
883 3911 991 3954 manus
1007 3890 1122 3964 tremit,
1147 3889 1252 3968 lingua
1270 3887 1336 3950 hal-

139 3990 230 4064 butit,
246 3998 280 4054 et
293 3993 413 4072 quoties
435 3995 519 4056 nit'or
541 3991 574 4054 in
591 3993 686 4072 yerba
705 4009 913 4070 prorumpere,
936 3989 1031 4052 toties
1055 3985 1226 4064 implentur
1247 3982 1336 4058 oculi,

141 4091 172 4147 et
194 4096 342 4153 renovato
362 4091 467 4155 dolore
491 4095 577 4153 totus
602 4109 668 4152 sum
689 4088 722 4150 in
745 4089 863 4150 iuuere.
919 4085 1121 4147 Turrettinua
1138 4084 1244 4143 noster
1266 4080 1336 4157 fuit,

145 4181 255 4248 Eheu!

744 4275 814 4342 Quas
829 4271 1011 4347 toliasando,

459 4360 605 4436 Temperet
616 4379 637 4417 α
651 4355 822 4431 ῑαεήψνιὺὲ

187 4534 318 4602 Vanum
330 4540 355 4602 si
370 4543 506 4621 quadam
520 4541 659 4606 moeroris
672 4537 785 4604 solatia
798 4555 866 4599 esse
881 4535 1028 4600 dixerunt
1042 4531 1189 4604 nonnulli,
1205 4531 1243 4594 de
1258 4551 1338 4594 mor-

147 4639 265 4698 tuorum
289 4643 367 4714 ortu,
390 4660 589 4721 supremoque
616 4639 672 4702 sati
696 4635 747 4699 die
761 4635 856 4698 rerba
875 4635 984 4708 facero,
1006 4633 1085 4694 hanc
1101 4627 1340 4707 qualemcunque
