3158 5190
239 383 296 438 124
714 395 805 439 rocus
820 395 980 438 securene.
1235 372 1360 455 [eursu.
1377 393 1444 435 rvr.
1567 391 1568 402 ¹

238 536 415 614 Scripturem
430 535 530 616 utilem
544 535 602 595 dici
624 545 712 614 patet.
758 536 899 613 Secundo,
922 534 970 614 agi
991 542 1105 602 tantum
1128 523 1164 592 dc
1190 533 1339 612 Scriptura
1353 533 1392 591 V.
1408 533 1445 592 Τ.

239 617 270 676 si
285 635 354 692 ergo
369 615 431 674 sola
445 614 588 674 sufficiens
602 615 708 675 dicitur
721 615 873 692 adomnia,
887 613 1092 694 superfluitatis
1107 613 1237 672 damnari
1252 613 1289 672 N.
1304 613 1339 671 Τ.
1355 612 1405 671 vel
1419 613 1446 671 si

236 696 330 774 potuit
344 693 413 753 addi
427 695 495 754 Vct.
510 695 589 754 Test.
612 695 736 770 Novum,
760 695 833 753 nihil
855 694 969 754 obstare
990 693 1146 770 quominus
1167 693 1252 752 Novo
1276 692 1363 750 etiarn
1390 691 1445 750 ali·

236 774 308 851 quid
321 774 407 832 hodie
421 773 489 832 addi
503 775 603 850 possit.
645 775 721 832 Nam
731 773 839 832 Paulus
852 773 981 852 loquitur
995 772 1031 832 de
1046 781 1108 832 tota
1123 772 1272 850 Scriptura
1285 779 1356 830 tunc
1368 779 1445 830 tern-

235 853 315 931 poris
330 863 465 928 extante;
487 853 557 912 Jam
570 873 649 928 vero,
665 873 723 912 non
736 853 775 912 V.
790 851 824 912 Τ.
840 861 960 928 tantum,
983 851 1036 910 scd
1056 852 1144 910 variae
1164 861 1261 929 partes
1283 850 1361 908 Novi
1378 850 1445 926 jam

235 933 406 1070 inibiae
430 933 652 1071 {militi
671 929 1446 1088 lt...l⁰.⁵t.⁸.¹¹ltlt⁵.ffit.ssttptbtethi?

266 1056 273 1070 ·
380 1055 388 1069 ·
451 1055 458 1069 ·
562 1056 569 1070 ·
1042 1055 1050 1088 r

235 1089 501 1246 iiiiiffli
519 1087 1446 1248 'tttttttfflttttttttttttttt'ttt

235 1258 348 1310 tantum
370 1249 467 1326 quoad
488 1248 716 1308 circumstantias
738 1257 768 1308 et
789 1249 938 1308 clariorem
961 1267 1060 1306 corum
1082 1247 1317 1326 propositionem.
1358 1249 1388 1305 4.
1413 1246 1446 1306 Si

236 1328 274 1388 V.
290 1329 324 1388 T.
341 1329 456 1387 Novum
473 1337 518 1387 est
537 1327 676 1404 additum,
699 1347 758 1386 non
782 1328 912 1405 sequitur
933 1327 1043 1404 aliquid
1064 1346 1150 1404 posse
1170 1327 1232 1404 jam
1255 1324 1324 1384 eddi
1348 1325 1445 1402 Novo,

237 1409 307 1486 quia
333 1408 478 1485 perfectus
501 1408 564 1484 jam
592 1415 636 1466 est
665 1406 828 1466 omnimode
851 1407 1007 1484 Scriptura
1029 1406 1138 1482 Canon,
1159 1425 1218 1464 non
1238 1403 1326 1464 modo
1347 1403 1446 1482 quoad

237 1487 428 1548 substantiam
455 1505 550 1544 rerum
573 1486 789 1561 credendamm,
819 1485 982 1546 sedetiam
1009 1484 1106 1563 quoad
1131 1484 1250 1543 modum
1270 1491 1301 1544 et
1321 1484 1446 1562 gradum

236 1565 421 1624 revelationis
434 1565 485 1642 qui
497 1573 593 1641 potest
607 1564 707 1624 haberi
723 1565 754 1624 in
766 1567 821 1624 hac
835 1566 905 1624 vita.
947 1565 1053 1641 Tertio,
1068 1583 1128 1622 non
1142 1563 1200 1622 dici
1213 1563 1270 1627 lar»
1284 1563 1380 1639 litam,
1394 1563 1447 1622 sed

237 1658 448 1782 ttttttt
464 1645 803 1782 illihbffliit
813 1642 1446 1800 tl.ttttttttt⁰ttt{⁶ttttltz

237 1802 315 1861 dum.
359 1801 434 1860 Nam
447 1820 506 1861 vox
520 1807 594 1860 πᾶα
609 1803 656 1860 hic
670 1821 728 1860 non
741 1803 913 1861 distributive
926 1821 978 1878 pro
993 1802 1116 1878 singulis
1135 1802 1275 1878 partibus,
1291 1801 1340 1860 vel
1354 1801 1445 1859 versi·

238 1882 293 1942 bus
310 1881 464 1959 Scripturas
478 1889 523 1939 est
544 1881 741 1958 intelligenda,
766 1882 817 1940 sed
831 1883 968 1940 collective
981 1901 1033 1960 pro
1056 1889 1117 1940 toto
1139 1880 1283 1957 integrali,
1299 1880 1446 1956 quomodo

186 2027 189 2034 ,
239 1980 315 2038 sape
337 1959 467 2036 sumitur,
484 1961 569 2020 Mau.
585 1961 614 2019 ii.
630 1965 657 2036 3,
679 1969 709 2019 ct
729 1961 823 2020 xxvii.
838 1963 896 2036 45;
920 1961 988 2019 Act.
1003 1960 1033 2018 ii.
1049 1962 1107 2035 tt;
1131 1959 1201 2018 Luc.
1216 1960 1279 2017 xxi.
1295 1963 1352 2034 32;
1376 1959 1445 2018 Act.

237 2061 288 2100 xx.
304 2043 352 2116 24,
368 2049 397 2100 et
411 2040 452 2099 sic
465 2039 632 2117 intelligunt
647 2039 793 2100 Cornelia
803 2060 823 2098 a
836 2040 957 2114 Lepide,
973 2040 1077 2114 Eetius,
1096 2039 1251 2098 Oatccbcsrb
1267 2038 1445 2097 lhideuina.

280 2120 353 2179 XV.
378 2125 407 2179 2.
429 2120 504 2194 Quia
526 2121 606 2178 Deus
628 2139 762 2196 expresse
784 2127 864 2178 vetat
886 2119 1040 2196 quicquam
1061 2117 1160 2178 Verbo
1182 2135 1235 2177 suo
1257 2116 1374 2190 addere,
1397 2118 1448 2176 vel

237 2198 396 2272 detrahere,
413 2199 499 2257 Deut.
514 2199 553 2257 iv.
568 2201 596 2273 2,
611 2200 657 2256 Ne
670 2199 766 2258 addite
778 2201 821 2257 ad
839 2199 956 2257 Verbum
969 2199 1042 2256 iibrd
1054 2199 1132 2274 quod
1143 2217 1194 2274 epo
1208 2196 1348 2272 pretim
1361 2198 1446 2271 cebri,

237 2297 325 2354 neque
343 2279 479 2335 detrabitc
493 2279 528 2335 da
540 2297 581 2336 eo.
617 2277 683 2337 Gal.
699 2278 717 2336 i.
733 2279 760 2352 8,
776 2277 901 2336 Etiamsi
911 2297 962 2336 aar
974 2286 1026 2335 aut
1038 2279 1161 2354 Anpelm
1174 2279 1266 2335 eccela
1280 2278 1449 2352 ertanpelr'zct

238 2357 312 2414 mbic
326 2365 435 2432 prater
448 2355 481 2414 id
498 2359 575 2431 quod
593 2357 808 2433 evangelizatum
826 2366 873 2433 eet,
888 2358 1039 2416 anatbma
1052 2365 1117 2415 esto.
1152 2356 1246 2433 Apoc.
1261 2357 1335 2414 xxii.
1353 2358 1399 2430 18,
1413 2355 1451 2414 Si

238 2436 299 2511 quis
312 2435 447 2512 adjecerit
460 2437 502 2492 ad
513 2437 578 2508 baec,
594 2437 715 2512 imponet
728 2437 755 2495 ei
766 2439 845 2495 Deus
853 2439 960 2512 piaque
972 2436 1092 2511 scriptu
1105 2436 1135 2494 in
1148 2436 1218 2494 libro
1232 2436 1292 2509 isto,
1308 2445 1336 2494 et
1347 2436 1375 2492 si
1385 2435 1448 2510 φάε

237 2513 382 2572 abstiterit
393 2513 509 2589 aliquid,
525 2517 634 2590 auferet
646 2517 726 2574 Deus
741 2525 856 2594 partem
874 2519 932 2592 ήκω
951 2535 967 2574 e
987 2516 1057 2573 libro
1076 2515 1148 2574 uiue.
1191 2513 1251 2574 Ubi
1271 2533 1332 2572 non
1350 2521 1448 2591 potest

237 2592 304 2668 dici,
320 2592 377 2650 Vel
393 2593 518 2670 intelligi
532 2602 643 2652 tantum
658 2594 768 2672 Legem
782 2615 799 2654 a
817 2593 900 2654 Mose
914 2594 984 2652 viva
996 2613 1069 2652 voce
1082 2593 1226 2668 traditam,
1242 2612 1308 2670 quse
1323 2593 1448 2670 amplior

237 2670 325 2731 fuerit
341 2671 464 2748 scripta:
486 2671 560 2746 Quia
574 2673 694 2731 verbum
716 2675 809 2733 Mosis
822 2671 938 2755 iugata
953 2682 982 2732 et
999 2671 1133 2753 imatos,
1153 2691 1212 2731 non
1232 2692 1263 2731 re
1285 2672 1338 2730 sed
1359 2671 1447 2731 modo

238 2759 350 2810 tanturn
371 2749 514 2826 differunt,
537 2771 591 2810 nec
612 2752 691 2810 aliud
704 2753 774 2811 viva
788 2773 859 2812 voce
873 2753 980 2828 docuit,
995 2772 1082 2829 quarn
1101 2751 1180 2830 quod
1201 2752 1333 2829 scripsit,
1358 2750 1446 2811 Unde

240 2830 349 2908 Legem
360 2837 451 2888 totam
464 2849 522 2888 non
533 2830 663 2890 mutilem
677 2831 707 2888 in
721 2841 892 2910 perpetuum
907 2831 1046 2890 Ecclesiae
1056 2851 1141 2891 nsum
1154 2831 1333 2907 perscribere
1344 2831 1448 2908 jussus

239 2916 291 2985 est,
308 2918 337 2968 et
351 2918 383 2969 ut
398 2929 498 2968 servus
512 2907 606 2969 fidelis
624 2912 798 2988 perscripsit,
816 2910 911 2970 Exod.
926 2911 1008 2969 xxiv.
1024 2914 1060 2986 4;
1083 2911 1170 2968 Deut.
1185 2910 1268 2968 xxxi.
1285 2912 1313 2983 9,
1332 2913 1379 2982 ll,
1398 2911 1445 2984 19,

240 2987 294 3048 &a
309 2989 350 3048 sic
364 2989 472 3066 passim
486 3009 537 3067 per
551 2991 655 3066 Leqeur
668 2991 840 3068 intelligitur
853 2991 928 3048 liber
941 2989 1038 3067 Legis,
1055 2990 1142 3049 Deut.
1157 2989 1260 3047 xxviii.
1277 2991 1334 3065 583
1358 2989 1444 3048 Josu.

239 3069 258 3128 i.
274 3073 290 3128 7
304 3091 311 3145 3
333 3069 391 3129 Vel
408 3069 457 3146 agi
471 3069 507 3128 de
524 3068 688 3147 integritate
703 3078 815 3129 tantum
829 3069 1008 3144 obedientiae,
1024 3069 1093 3147 quia
1106 3067 1257 3146 integritas
1272 3067 1447 3128 obedientia

239 3147 362 3208 refertur
375 3149 412 3208 ad
432 3149 627 3226 integritatem
642 3150 739 3226 Legis,
755 3169 820 3227 que
834 3149 901 3208 talis
915 3158 960 3208 est
979 3157 1012 3207 ut
1032 3147 1114 3208 nefas
1128 3149 1166 3206 sit
1180 3147 1206 3206 ei
1223 3147 1380 3224 quicquam
1394 3147 1445 3206 ed·

239 3225 324 3304 dere;
343 3228 400 3287 Vel
411 3228 459 3305 agi
473 3227 509 3286 de
523 3229 710 3288 additionibus
724 3230 970 3304 corrumpentibus,
985 3249 1041 3286 uon
1048 3227 1262 3307 perficieturbuo,
1276 3228 1352 3300 Quia
1366 3227 1447 3285 nulla

239 3305 325 3363 datur
347 3307 476 3364 Traditio
498 3307 650 3383 perficiens
672 3307 745 3366 illud
767 3307 845 3383 quod
864 3308 926 3385 jam
948 3306 1107 3385 perlectum
1129 3316 1190 3382 eet;
1215 3325 1270 3365 nec
1291 3305 1446 3364 damnatur
1569 3385 1570 3398 ἱ

239 3389 351 3441 tantum
365 3385 518 3459 corruptio,
535 3384 586 3442 sed
607 3385 730 3462 simplex
751 3385 868 3460 additio,
891 3385 1042 3464 appositio,
1066 3405 1124 3444 non
1147 3393 1259 3444 tantum
1281 3385 1442 3462 oppositio;

242 3460 328 3520 Unde
343 3461 439 3520 Galat.
454 3463 473 3518 i.
489 3463 517 3536 8,
539 3481 598 3520 non
617 3463 688 3522 dicit
707 3472 819 3521 tantum
835 3463 943 3522 Paulus
963 3473 1070 3539 contra,
1094 3464 1145 3523 sed
1165 3485 1254 3540 supra
1268 3465 1318 3522 vel
1334 3474 1444 3540 prater
1569 3435 1570 3466 ³

238 3539 300 3618 φας’
313 3538 326 3597 ‘i
338 3539 555 3615 euanpelizatum
569 3549 610 3598 est
621 3549 655 3600 ut
665 3541 703 3599 V.
715 3541 819 3599 Versio
834 3541 936 3618 reddit,
952 3542 1003 3602 ubi
1016 3553 1093 3602 recte
1107 3542 1258 3619 Theophy.
1273 3546 1317 3601 eia
1332 3541 1394 3601 ιῙπι
1408 3541 1443 3601 ‘iu
1569 3555 1570 3558 ’

239 3619 278 3679 ibt
292 3619 385 3677 luimus
399 3619 615 3693 termimum,
631 3623 705 3678 ἅλλιὶ
718 3617 766 3678 acii
775 3620 860 3700 peragit
871 3647 896 3679 τι
905 3622 1109 3698 ιῦιγῃλιξοπαι
1122 3621 1184 3703 rng'
1194 3621 1207 3679 'a‘
1216 3624 1443 3700 ιῦαγγιλιηίμὶθο.

241 3698 342 3760 Omnis
356 3698 466 3758 additio
486 3698 517 3756 in
537 3700 656 3758 materh
676 3699 744 3758 fidei
765 3709 810 3758 est
823 3720 1017 3780 corrumpens,
1032 3704 1101 3779 quia
1115 3703 1232 3761 additur
1245 3703 1441 3777 laudamento,

157 3792 161 3802 '
239 3778 318 3857 quod
331 3778 448 3838 unicum
461 3796 524 3836 esse
539 3777 633 3853 debet,
649 3786 679 3838 et
694 3777 741 3838 cui
762 3778 787 3837 si
807 3780 879 3856 quid
899 3779 1022 3856 additur,
1045 3801 1080 3840 eo
1100 3781 1164 3859 ipso
1178 3781 1327 3858 evertitur,
1343 3789 1376 3841 ut
1390 3781 1443 3839 cir·
1569 3787 1570 3846 l

239 3859 322 3918 culus
336 3857 492 3918 destruitur
506 3857 531 3916 si
544 3857 592 3916 vel
613 3857 758 3918 tantillum
772 3859 870 3936 addes,
886 3879 940 3919 nec
953 3861 1067 3938 pondus
1084 3860 1196 3936 justum
1210 3861 1336 3937 amplius
1351 3859 1444 3920 eritsi
1569 3905 1570 3928 ,

239 3938 316 3997 ultra
329 3937 407 4016 quod
420 3937 574 4015 requiritur
592 3937 702 4016 aliquid
718 3958 854 4016 apponas.
896 3940 958 3999 Nec
978 3939 1043 3999 ideo
1062 3959 1197 4018 peccasse
1217 3940 1357 3999 censendi
1378 3947 1446 3998 sunt

240 4015 392 4095 Propheta
414 4026 445 4078 et
458 4017 594 4094 Apostoli
614 4017 664 4094 qui
685 4026 744 4077 tam
765 4019 857 4078 multa
877 4019 988 4079 Caroni
1010 4019 1142 4078 Mosaico
1163 4017 1355 4094 addiderunt3
1377 4017 1445 4096 quia

239 4095 435 4156 discernendae
457 4105 525 4157 sunt
543 4105 643 4157 aetates
657 4097 804 4174 Ecclesia,
824 4099 912 4176 juxta
931 4118 1004 4175 quas
1025 4116 1151 4158 crescere
1172 4097 1273 4156 debuit
1293 4097 1443 4172 revelatio,

312 4177 407 4312 qllad
426 4177 618 4316 prpe...
632 4177 808 4316 (10222
831 4177 890 4316 ll
903 4176 1443 4316 ututututumtu

239 4270 469 4407 pqffiibuspsmp
481 4277 853 4415 xqs,2,qp12,prpmmtpro
862 4277 959 4396 uben
972 4355 1004 4395 se
1016 4334 1089 4392 nihil
1107 4334 1217 4394 dixisse
1231 4277 1368 4395 extraudd
1378 4347 1443 4412 quae

241 4406 341 4498 Moses
362 4419 392 4499 et
414 4411 565 4488 Propheta
588 4415 729 4491 dixerant,
746 4417 846 4475 Actor.
868 4417 950 4475 xxvi.
972 4419 1020 4474 22.
1063 4413 1196 4490 Denique
1217 4413 1356 4492 pleraque
1378 4431 1442 4491 qua

241 4483 385 4543 Pontrficrr
400 4487 517 4565 addunt,
533 4511 591 4552 non
605 4502 717 4554 tantum
731 4505 798 4554 sunt
807 4505 916 4571 prater
926 4495 1064 4568 Verbum,
1080 4493 1231 4552 sedetiam
1245 4504 1347 4552 contra
1362 4491 1442 4551 illud.

241 4560 291 4620 Ad
305 4563 469 4624 bohannem
483 4587 553 4626 vero
567 4572 645 4646 quod
665 4574 776 4650 attinet,
798 4593 856 4633 non
871 4574 1012 4652 spectavit
1025 4579 1136 4631 tantum
1151 4571 1337 4650 Prophetiam
1352 4591 1441 4644 suam,

240 4648 273 4698 ut
283 4649 394 4702 vetaret
407 4663 470 4702 eam
484 4645 666 4726 interpolari;
690 4653 740 4711 sed
754 4662 786 4713 ut
800 4653 854 4713 luit
870 4654 1046 4731 Scriptorum
1061 4671 1205 4710 sacrorum
1218 4652 1348 4727 ultimus,
1363 4651 1442 4729 Apo·
