3174 5174
261 365 321 424 486
723 371 816 414 nocue
830 370 983 414 serrruus.
1305 345 1437 430 [cussa.
1451 367 1474 406 r.

566 515 605 577 V.
627 513 769 593 Angelos,
783 533 843 572 non
856 533 920 574 esee
935 512 1000 572 Deo
1012 515 1179 587 coaeternos,
1193 515 1227 568 nt
1240 507 1380 568 uolebant
1393 505 1477 566 Peri·
1578 517 1579 526 ¹

268 585 375 647 ”8⁰¹oe
414 587 507 632 “mm
527 595 661 676 patetici;
684 594 736 654 sed
750 615 768 653 a
783 595 845 654 Deo
859 601 980 668 creatos,
1002 610 1061 652 uon
1081 589 1260 650 moderatio
1280 588 1393 668 probat,
1408 607 1480 666 quae
1578 625 1579 630 κ

527 677 585 735 alis
605 674 702 736 omnia
722 693 740 733 a
761 674 824 734 Deo
846 682 880 734 ut
903 691 1017 732 summo
1039 672 1125 748 Entc,
1149 689 1201 748 per
1223 667 1479 748 participationem
1578 697 1579 706 =

270 759 358 822 Eutia
371 779 434 818 esse
448 755 572 834 evincit;
597 754 656 816 Sed
678 754 827 832 Scriptura
844 772 980 831 expresse
999 751 1111 826 asserit,
1128 752 1155 810 1.
1176 751 1207 808 iu
1227 767 1343 827 genere,
1357 747 1480 824 quando
1578 775 1579 828 3

269 840 376 900 coelum
397 847 426 898 et
446 846 560 914 terram,
582 843 613 896 et
631 833 752 914 proinde
772 841 915 912 quotquot
935 833 966 890 iu
983 850 1017 891 eo
1032 839 1108 908 snut,
1124 837 1220 889 creata
1233 849 1251 888 a
1265 829 1330 888 Deo
1343 827 1481 902 affirmat,
1578 843 1579 882 ι

272 921 379 981 Genes.
394 917 413 978 i·.
431 921 457 978 1.
490 921 520 978 2.
536 916 573 974 lu
587 915 691 994 specie,
706 933 796 1008 quum
804 913 1045 991 perfectorfist'sse
1057 914 1146 985 colos
1161 918 1310 970 nomnen
1322 906 1481 967 meacm

271 1020 368 1060 eorum
382 997 453 1057 dicit
467 995 575 1058 Genes.
589 993 620 1055 ii.
636 997 669 1071 1*;
693 991 768 1052 mhil
780 1007 850 1052 vero
871 1002 917 1052 cat
929 989 1099 1051 familiarius
1115 988 1279 1068 Scriptores,
1294 1005 1382 1067 quum
1395 987 1482 1065 quod
1578 1019 1579 1068 3

272 1079 321 1139 An
344 1079 382 1139 eli
396 1079 459 1137 coels'
469 1077 607 1136 eandm
619 1081 770 1148 uocantur,
786 1073 864 1132 Psal.
879 1072 937 1132 ciii.
948 1075 997 1150 20,
1012 1075 1060 1148 21,
1075 1079 1106 1130 et
1119 1070 1230 1129 cxlviii.
1241 1073 1277 1148 23
1300 1069 1372 1126 Luc.
1383 1067 1414 1128 ii.
1429 1070 1482 1127 13.
1578 1129 1579 1132 ,

273 1100 360 1221 Unde
383 1161 465 1220 Deua
486 1157 592 1217 dicitur
611 1155 744 1229 Zebcotb,
770 1172 822 1213 seu
842 1141 1039 1228 Emesam,
1062 1149 1189 1209 maxime
1211 1149 1248 1208 ab
1269 1147 1404 1226 Angelis,
1427 1147 1483 1226 qui

271 1239 367 1318 ipsum
382 1238 577 1311 circumstant,
594 1235 669 1294 Dan.
683 1235 735 1295 vii.
752 1235 798 1292 10.
840 1232 903 1292 Nec
917 1232 1012 1292 dicere
1031 1239 1131 1310 posset
1144 1229 1252 1306 David,
1267 1229 1317 1290 Ps.
1331 1229 1389 1288 civ.
1403 1231 1435 1304 4,
1451 1236 1485 1288 et

273 1327 339 1400 post
359 1338 426 1378 eum
440 1318 546 1396 Apost.
562 1316 640 1376 Heb.
654 1315 674 1374 i.
689 1318 717 1391 7,
733 1313 829 1372 Deum
848 1311 943 1372 lacere
956 1313 1079 1389 Angelos
1097 1330 1162 1370 suos
1180 1320 1281 1386 centos,
1296 1317 1324 1368 ct
1335 1308 1484 1367 nanim
1578 1305 1579 1372 l

273 1420 339 1458 suos
351 1399 443 1476 igneio
448 1399 651 1476 flammantes,
667 1403 694 1454 et
706 1411 764 1454 esse
775 1392 891 1471 petus
903 1391 1128 1470 mimttratcrt'os,
1143 1390 1195 1470 qui
1207 1391 1362 1450 mittuntur
1375 1387 1414 1446 ad
1433 1408 1484 1447 sa-
1578 1427 1579 1482 ,

297 660 350 694 esee
360 645 483 704 probatur.

273 1479 365 1539 lutem
378 1477 516 1553 fidelium,
532 1497 561 1536 v.
578 1479 624 1551 14,
636 1475 692 1534 nisi
706 1494 724 1533 s
738 1474 802 1532 Deo
815 1473 905 1532 creati
918 1480 1024 1532 essent.

317 1557 374 1618 VI.
396 1557 505 1617 Paulus
525 1555 683 1616 clarissime
702 1553 759 1614 boc
779 1552 912 1628 adamarit,
934 1553 1044 1612 Goloss.
1065 1550 1085 1610 i.
1102 1552 1150 1618 16,
1166 1552 1213 1626 17,
1234 1566 1324 1628 quum
1337 1546 1379 1607 ait
1394 1549 1412 1580 “
1425 1546 1489 1606 Per
1578 1591 1579 1608 ι

278 1638 425 1698 Christum
438 1637 555 1697 condita
568 1655 633 1696 ease
647 1634 751 1709 omnia,
766 1653 832 1712 quae
845 1633 876 1691 in
890 1633 972 1692 coelis
983 1640 1059 1707 sunt,
1074 1640 1104 1691 et
1113 1650 1179 1709 qnae
1192 1631 1223 1688 in
1233 1639 1328 1706 terra;
1342 1627 1485 1704 visibilia,
1578 1615 1579 1704 J

276 1726 307 1777 et
328 1717 495 1792 invisibilis,
518 1716 581 1776 sive
602 1716 730 1790 thronos,
753 1715 815 1773 sive
836 1712 972 1789 dominia,
997 1712 1059 1772 sive
1080 1710 1209 1790 imperis,
1231 1710 1295 1770 sive
1313 1713 1486 1786 potestates,
1578 1713 1579 1720 ³

275 1797 375 1857 omnia
396 1816 450 1875 per
471 1797 567 1874 ipsum
587 1795 704 1854 condita
728 1813 801 1854 esse.
844 1793 886 1852 Ut
907 1793 984 1853 enim
1007 1812 1059 1870 per
1077 1791 1196 1851 mesia
1216 1799 1358 1850 ereatures
1378 1807 1487 1846 omues

278 1895 439 1955 corporeas,
454 1876 516 1936 sive
535 1876 676 1950 scelestes,
692 1874 754 1935 siue
773 1872 943 1934 sublunares
957 1871 1110 1950 complecti
1123 1870 1236 1930 voluit:
1258 1871 1306 1929 Ita
1324 1887 1374 1946 per
1387 1868 1487 1927 sein·
1578 1879 1579 1892 ³

278 1957 346 2017 bilia
367 1965 513 2018 creaturas
537 1955 701 2034 spirituales
725 1961 755 2014 et
775 1953 980 2031 intelligentes,
1001 1960 1073 2031 puta
1092 1950 1235 2028 Angelos,
1249 1947 1382 2010 denotari
1404 1955 1488 2008 certo
1578 1983 1579 1990 ι

279 2037 387 2098 certius
400 2045 455 2098 est.

582 2113 657 2176 VII.
672 2112 872 2176 Gmstiautem
881 2110 1077 2190 suutAngeli,
1086 2117 1220 2170 nonanta
1234 2107 1408 2187 principium
1416 2105 1485 2166 Mo·
1578 2147 1579 2192 ,

291 2183 322 2228 1¹¹
332 2183 451 2286 Ρῑῑὲῑῦξῑο
462 2181 514 2228 ΜΟ·
542 2189 1400 2272 ssioumntvellentSedaimtdetnonpeuciexVeteribm,
1410 2207 1486 2266 prn-

431 2272 439 2288 '
542 2274 640 2335 sertim
663 2274 775 2335 (lu-acie
796 2272 940 2349 Patribus,
961 2280 995 2332 ut
1019 2271 1251 2348 chrysostomus,
1273 2268 1486 2344 Nasiauueuus,
1578 2283 1579 2324 i

281 2355 418 2430 Basilius,
434 2353 528 2416 etalii
540 2353 621 2416 citati
640 2355 745 2430 Vestio,
760 2353 811 2414 lib.
832 2353 853 2414 i.
867 2352 904 2412 de
918 2353 991 2430 orig.
1006 2350 1082 2410 Idol.
1097 2371 1122 2410 c.
1138 2354 1184 2426 17,
1199 2349 1305 2428 quibus
1324 2345 1487 2426 suffragan-
1578 2407 1579 2418 ,

280 2443 330 2494 tur
342 2453 381 2494 ex
396 2433 508 2495 Lame
527 2433 628 2494 Hiero.
643 2451 785 2492 commen.
805 2432 836 2492 in
851 2431 945 2511 Epist.
965 2432 1003 2492 ad
1024 2431 1131 2506 Titum,
1146 2439 1176 2490 et
1190 2429 1374 2505 Ambmsius,
1394 2429 1447 2488 lib.
1467 2429 1489 2488 ἰ.

281 2533 345 2608 cap.
355 2516 383 2590 5,
397 2513 559 2574 Hense:
581 2527 745 2592 quanquam
766 2531 826 2572 nou
840 2511 944 2590 desint,
960 2513 1011 2590 qui
1024 2530 1074 2572 eos
1087 2512 1198 2587 volunt,
1213 2527 1273 2570 non
1286 2519 1347 2570 tam
1361 2509 1398 2568 de
1411 2509 1493 2587 prin·
1578 2509 1579 2554 ἲ

281 2594 358 2732 papio
372 2593 505 2686 Moesico
517 2593 608 2670 loqui,
623 2590 804 2686 quamquod
816 2591 847 2650 iu
860 2591 1002 2684 principio
1015 2599 1082 2651 ante
1093 2599 1211 2686 captares
1221 2599 1369 2684 cfeaturss
1382 2589 1496 2648 conditi

293 2680 399 2748 'ml
412 2669 1427 2834 “tltttttttfflnttlttlttsnll:etsist
1440 2667 1493 2727 Μ

185 2867 188 2874 .
282 2755 417 2894 abllll
438 2832 578 2894 Rationes
592 2839 670 2908 sunt,
692 2830 803 2912 l.qu'1a
822 2832 995 2914 principium
1016 2831 1181 2893 Mosaioum
1201 2836 1249 2890 est
1266 2829 1450 2908 principium,
1465 2834 1495 2888 et
1578 2839 1579 2842 ’

283 2911 431 2992 temporis,
446 2921 477 2972 et
490 2912 583 2974 omnis
598 2913 752 2988 Creoturoe,
767 2920 835 2972 ante
856 2911 943 2990 qued,
965 2931 1004 2972 ex
1025 2911 1102 2990 stylo
1123 2911 1210 2971 etism
1233 2910 1401 2988 Scripturas,
1421 2909 1494 2967 nihil

283 2992 398 3073 concipi
412 3001 509 3072 potest
522 2999 627 3076 prater
639 2991 778 3088 abyssum
793 2992 971 3053 eternitatis.
1013 2991 1093 3070 Ergo
1107 2991 1150 3050 illi
1164 2989 1306 3070 principio
1319 3009 1380 3049 non
1392 2997 1493 3068 potne-

284 3081 354 3136 runt
366 3073 559 3154 praestitisse
573 3071 692 3152 Angeb,
707 3073 779 3154 quin
799 3071 948 3134 extiterint
961 3071 999 3132 eb
1012 3081 1129 3132 aterno.
1151 3075 1180 3131 2.
1197 3071 1273 3146 Quia
1286 3068 1429 3148 quicquid
1441 3068 1495 3128 luit

286 3163 354 3214 ante
368 3153 517 3232 mundum,
532 3153 563 3214 id
584 3163 629 3215 est
643 3153 733 3230 Deus,
753 3151 822 3232 quis
833 3153 897 3213 hmc
909 3152 1104 3230 praerogativa
1116 3151 1160 3210 illi
1172 3150 1340 3210 vindicamur
1353 3149 1385 3208 iu
1400 3149 1494 3226 Scrip

286 3243 370 3312 ture,
386 3233 436 3295 Ps.
449 3253 497 3294 xc.
517 3237 557 3311 23
579 3233 719 3294 Proterb.
733 3233 795 3294 viii.
815 3236 872 3309 12,
894 3233 1003 3292 Johsn.
1023 3232 1044 3292 it
1061 3235 1088 3290 1.
1127 3234 1156 3292 3.
1172 3229 1247 3306 Quia
1267 3231 1370 3290 Moses
1390 3229 1497 3289 diserte

287 3313 367 3388 dicit,
381 3314 420 3374 In
436 3314 582 3390 pmieetpio
595 3315 690 3374 Deum
703 3329 813 3374 creasse
826 3315 924 3372 coeluee
937 3321 965 3371 et
977 3321 1093 3387 mos,
1114 3312 1171 3370 boc
1184 3319 1237 3386 est,
1252 3320 1283 3370 et
1300 3311 1353 3370 illa
1366 3329 1497 3387 corpora,

285 3399 319 3450 et
331 3391 428 3450 omnia
440 3410 506 3468 quse
520 3392 551 3450 iu
565 3393 640 3452 ooelo
652 3399 682 3454 et
695 3392 726 3454 in
740 3401 817 3454 terra
830 3393 1032 3470 eontinentur;
1054 3391 1091 3450 In
1104 3391 1246 3470 principio
1260 3389 1369 3450 scilicet
1383 3397 1498 3466 tempo-

286 3471 336 3546 ris,
351 3477 382 3529 et
395 3471 557 3546 erectionis,
572 3478 605 3530 ut
619 3471 756 3549 exprimit
768 3474 913 3548 Lyrceus.
941 3473 1022 3550 Ergo
1032 3471 1148 3550 Angeli·
1156 3481 1223 3531 ante
1236 3469 1309 3530 illud
1322 3468 1499 3548 principium

287 3548 457 3644 creatiuou
476 3548 600 3624 luerunt,
622 3551 703 3632 quod
722 3551 886 3612 evidentius
906 3553 1052 3628 asseritur,
1075 3551 1171 3610 Exod.
1185 3571 1238 3612 xx.
1255 3554 1302 3626 11,
1321 3551 1384 3610 8ae
1404 3551 1502 3609 diebus

284 3631 405 3708 perfect
416 3631 498 3688 Deua
510 3632 607 3689 wlcan
621 3640 648 3689 et
661 3638 777 3706 enea
793 3639 821 3691 ct
833 3633 967 3710 qudquid
977 3641 1019 3692 est
1031 3633 1060 3692 ris
1074 3633 1108 3690 ιἰἰ
1115 3655 1128 3706 ,·
1150 3631 1230 3710 Ergo
1244 3639 1274 3691 et
1287 3630 1436 3708 Angelos.

329 3709 396 3770 IX.¹
413 3706 553 3784 Quemvis
572 3710 675 3770 Moses
694 3711 854 3771 creationis
875 3712 1056 3792 Angelorum
1077 3731 1214 3790 expresse
1233 3730 1293 3770 uon
1312 3709 1498 3785 meminerit;

288 3809 348 3850 non
368 3797 521 3868 propterea
534 3789 665 3868 sequitur
684 3791 771 3870 plene
784 3791 821 3850 de
834 3791 893 3852 illis
908 3793 1032 3868 siluisse,
1046 3811 1121 3868 eum,
1136 3799 1170 3851 ut
1183 3791 1293 3851 dictum
1307 3799 1362 3866 est,
1377 3809 1429 3850 eos
1443 3789 1498 3848 sub

289 3871 420 3931 exercitu
433 3871 581 3947 oculorum,
593 3871 642 3930 rel
653 3871 707 3930 sub
720 3871 786 3931 luca
799 3871 979 3951 primigenis,
990 3873 1038 3932 rel
1053 3871 1107 3932 sub
1122 3871 1196 3932 coelo
1210 3879 1240 3932 et
1252 3879 1331 3931 terre
1343 3869 1498 3948 complecti

289 3951 425 4090 potuerit.
467 3951 562 4011 Causa
576 3948 683 4011 silentii
704 3951 806 4028 Mosis,
822 3971 880 4011 non
893 3952 957 4028 fuit,
971 3953 1021 4012 uel
1040 3951 1189 4030 ingenium
1203 3951 1404 4010 Imaltlitamm
1418 3950 1497 4022 crad-

305 4047 367 4123 pao
380 4030 418 4090 sd
430 4029 622 4092 idololatriam
636 4031 901 4110 propensissimum,
916 4032 985 4110 quie
998 4032 1040 4091 sic
1053 4033 1163 4090 nullam
1183 4033 1291 4109 pariter
1303 4047 1405 4090 eorum
1418 4049 1498 4088 men-

290 4119 399 4171 tionem
419 4109 514 4170 fecem
534 4109 682 4171 debuisset
700 4112 733 4170 iu
751 4111 834 4171 libris
853 4112 922 4188 suis,
943 4111 1023 4188 qnod
1041 4119 1139 4171 tamen
1158 4111 1229 4171 fecit
1242 4111 1421 4188 saepissime3
1443 4109 1500 4168 Vel

290 4189 412 4250 tarditas
425 4190 533 4269 populi,
549 4191 597 4251 oui
607 4199 796 4270 attemperata
805 4191 960 4270 scriptione
970 4191 1112 4269 originem
1122 4191 1308 4270 aspectabilis
1318 4190 1421 4250 mundi
1435 4207 1501 4268 prc-

289 4289 397 4364 ponere
411 4270 545 4345 voluerit,
560 4270 703 4348 siquidem
718 4271 860 4331 Israelitis
872 4271 1026 4332 traditione
1047 4271 1150 4332 saltem
1170 4273 1321 4349 majorum,
1343 4290 1404 4330 uon
1418 4279 1501 4330 erant

290 4349 385 4426 ignoti
399 4347 517 4426 Angeli,
533 4357 587 4409 neo
605 4369 679 4428 opus
699 4350 754 4412 luit
773 4351 841 4412 rudi
859 4353 968 4430 populo
987 4359 1119 4412 naturam
1135 4351 1309 4430 Angelicem
1330 4350 1396 4412 fuse
1411 4369 1502 4428 expo-

290 4447 368 4522 nere,
384 4429 437 4487 sed
450 4429 514 4506 ejus
527 4436 640 4489 tentum
654 4429 795 4508 originem
809 4451 988 4510 proponere3
1011 4432 1070 4492 Sed
1091 4451 1196 4511 scopus
1210 4431 1311 4508 blesis,
1328 4432 1376 4491 esi
1395 4450 1501 4509 propo-

291 4507 449 4600 sutumtirit
462 4509 612 4569 historiam
627 4509 767 4570 Ecclesia
781 4518 889 4588 texere,
904 4519 935 4572 et
948 4513 1012 4591 ejus
1026 4512 1140 4572 initium
1155 4512 1192 4572 ab
1205 4512 1293 4571 initio
1302 4511 1406 4571 mnndi
1419 4529 1502 4588 repe-

290 4589 370 4659 tere,
383 4585 450 4646 rdeo
464 4587 605 4664 originem
619 4589 729 4666 mundi,
745 4610 783 4650 ex
797 4610 856 4671 quo
866 4591 999 4652 Ecclesia
1013 4591 1154 4669 originem
1168 4591 1287 4667 dusitd
1317 4591 1325 4605 '
1348 4612 1416 4652 ears
1430 4591 1503 4650 satis

290 4659 400 4736 hahuit,
416 4663 452 4722 de
464 4663 589 4743 Angelis
602 4665 690 4726 etiam
703 4689 763 4730 non
777 4669 889 4731 silendo
904 4671 1035 4748 subinde,
1049 4680 1138 4750 prout
1150 4671 1302 4750 postulaba
1328 4671 1458 4732 instituti
1473 4671 1503 4730 iu
1578 4703 1579 4720 ι
