3158 5180
290 381 349 438 396
800 399 892 441 cocus
907 398 1042 447 cerasus.
1321 377 1431 460 [ouran.
1444 399 1470 438 s.

288 537 405 616 scripsit
420 538 581 598 Orestionis
602 539 769 618 historiam
791 541 897 619 quippe
914 539 963 600 Sol
978 540 1078 599 debuit
1092 559 1206 598 cursum
1222 559 1304 597 suum
1317 538 1430 616 incipere
1441 539 1472 597 ab

287 620 385 696 aliquo
395 639 433 677 ex
443 619 596 678 duodecim
611 620 842 698 SignisZodiaci,
851 622 899 680 vel
909 621 947 678 ab
953 618 1325 695 ArieteVere,relaLibra
1333 619 1471 677 Autumno.

328 698 371 757 X.
395 698 477 757 Licet
491 698 553 758 Ver
566 700 672 759 habeat
685 701 841 778 imaginem
863 701 1009 759 nascentis
1024 699 1135 775 Mundi,
1160 707 1190 758 et
1208 699 1272 776 ejus
1284 697 1383 756 referat
1394 697 1471 754 iussn·

286 777 376 855 tiam;
399 797 457 836 non
472 778 539 838 inde
553 778 626 838 bene
641 780 788 858 colligitur
801 781 878 840 Vere
901 780 1049 839 conditum
1063 779 1160 855 fuisse,
1186 779 1255 855 quia
1274 787 1307 836 ut
1331 778 1384 836 Dei
1401 797 1472 853 opere

289 868 357 917 sunt
371 857 506 935 perfecta,
532 860 622 918 creari
645 859 745 919 debuit
763 861 793 918 in
817 870 895 919 statu
916 859 1052 937 perfecto,
1075 869 1162 936 atque
1181 858 1255 917 adeo
1277 877 1334 916 non
1354 857 1431 914 modo
1449 866 1474 916 ut

286 957 418 1013 nascens,
434 938 487 996 sed
500 946 533 997 ut
546 939 677 1016 partibus
691 941 751 998 suis
765 940 899 999 omnibus
921 940 1090 1015 absolutus;
1112 947 1209 1016 potest
1222 956 1292 1015 ergo
1317 937 1372 994 dici
1393 935 1473 1012 imago

287 1018 432 1076 nascentis
447 1018 547 1076 mundi
561 1019 591 1076 in
605 1029 708 1078 namra
721 1021 886 1096 constituta,
907 1019 980 1078 et'in
999 1021 1050 1078 via
1063 1018 1208 1078 ordinaria
1222 1015 1414 1094 generationis,
1433 1015 1474 1074 sed

286 1115 345 1156 non
361 1099 391 1156 in
404 1097 453 1155 via
467 1098 694 1158 extraordinaria
709 1099 876 1176 creationis,
893 1107 922 1159 et
935 1099 966 1157 in
979 1108 1084 1158 natura
1097 1097 1307 1158 constituenda

327 1175 388 1236 XI.
411 1176 496 1252 Quod
510 1175 591 1236 Deus
602 1179 686 1256 jubet
700 1179 819 1237 Terram
834 1179 995 1257 germinare
1008 1179 1113 1237 herbas
1126 1187 1156 1238 et
1166 1177 1372 1256 graminamn
1383 1173 1473 1233 evincit

285 1257 449 1316 necessario
471 1257 526 1316 hoc
548 1258 625 1317 Vere
649 1258 757 1318 factum
781 1277 864 1335 esse;
885 1279 953 1318 nam
974 1267 1004 1318 et
1017 1259 1133 1318 arbores
1147 1257 1302 1316 fructifera
1317 1257 1402 1334 jussa
1420 1261 1474 1312 sunt

285 1335 396 1396 fructus
410 1337 484 1396 serre
499 1338 658 1397 secundum
682 1340 805 1416 speciem
828 1359 918 1414 suam,
941 1338 1021 1416 quod
1044 1337 1224 1397 commodius
1242 1336 1304 1396 fieri
1324 1355 1378 1394 nou
1396 1334 1473 1411 potuit

286 1437 372 1495 quam
404 1417 574 1494 Autumn03
597 1419 636 1478 Et
665 1418 690 1476 si
716 1418 874 1478 absurdum
894 1427 939 1478 est
961 1419 1079 1478 Terram
1101 1418 1264 1496 germinare
1283 1417 1314 1474 in
1334 1416 1471 1486 Autumno,

285 1496 365 1574 quod
378 1505 476 1556 tamen
498 1517 574 1575 sepe
597 1497 649 1574 fit;
672 1498 825 1559 absurdius
846 1507 890 1558 est
903 1498 1021 1558 arbores
1035 1499 1181 1576 quaslibet
1194 1497 1306 1556 fructus
1318 1494 1394 1570 ferre,
1413 1511 1472 1570 quos

286 1577 437 1639 Autumno
452 1576 568 1635 demum
582 1576 743 1638 debuerunt
757 1579 923 1657 producere.
1465 1650 1471 1662 Ι

329 1655 408 1715 XII.
430 1656 497 1715 Non
511 1657 676 1734 negandum
690 1667 736 1718 est
750 1659 902 1736 plerosque
916 1659 1057 1718 Veterum
1077 1657 1213 1716 retulisse
1235 1655 1372 1734 originem
1385 1649 1472 1711 blondi

285 1734 324 1795 ed
337 1735 468 1794 Vennum
482 1743 604 1815 tempus,
620 1756 678 1815 quo
692 1738 850 1816 respiciunt
863 1739 915 1797 illa
933 1739 1046 1816 vespilio·
1058 1737 1087 1796 ii.
1104 1737 1242 1815 Georgic.

445 1898 514 1955 Non
528 1897 599 1956 alios
608 1899 709 1973 prima
722 1899 858 1957 aaseeztcb
872 1898 980 1975 origine
992 1899 1093 1956 mundi

445 1978 468 2035 I
467 1979 581 2036 duxisse
595 1979 661 2055 dies,
677 1979 798 2037 adamus
811 1980 936 2037 hebudes
950 1987 1073 2036 tenorem

449 2057 627 2116 Crediderim
637 2081 649 2130 ;
676 2059 732 2116 Ver
746 2060 819 2117 illud
830 2068 901 2134 wat,
919 2059 976 2116 Ver
988 2076 1108 2134 maenus
1120 2057 1225 2134 agebat

450 2139 540 2213 Orbis,
556 2147 584 2197 et
596 2139 737 2214 Hydarnes
746 2140 905 2215 parcebant
908 2139 1024 2214 flabbus
1037 2137 1122 2196 Euri

286 2294 334 2353 Ita
347 2294 499 2374 Astrologi
514 2296 704 2356 communiter
717 2297 877 2356 coelestium
890 2305 1021 2357 motuum
1035 2297 1143 2356 initias
1155 2295 1253 2374 primo
1269 2291 1372 2352 Arietis
1384 2296 1469 2368 peracto

284 2373 464 2434 inchoarunt.
523 2376 653 2452 Scaliger
684 2377 746 2454 ipse
778 2377 885 2436 fatetur
907 2373 1030 2454 (praefat
1060 2377 1091 2435 in
1115 2376 1242 2454 Euseb.)
1271 2375 1385 2433 Veteres
1405 2387 1468 2444 msg·

284 2471 354 2510 num
381 2453 519 2513 honorem
548 2455 683 2534 babuisse
711 2456 769 2514 diei
797 2459 835 2514 25
864 2456 984 2533 Aprilis,
1014 2457 1045 2515 in
1072 2477 1130 2535 quo
1158 2456 1304 2515 Mundum
1337 2449 1467 2548 conditum,

285 2531 431 2590 Christum
460 2545 630 2612 conceptum
653 2543 681 2594 et
705 2555 831 2613 passum,
860 2536 1010 2614 putabant.
1053 2536 1182 2614 Ideoque
1208 2537 1286 2596 diem
1307 2534 1377 2592 hunc
1397 2551 1468 2621 egm-
1541 2581 1542 2584 η

282 2612 494 2753 ttff’tttt
507 2615 1179 2755 ttlttdutltlttlttttttt?
1192 2617 1319 2756 iiiiii
1333 2613 1467 2763 litt:

283 2738 398 2831 nionem
420 2715 606 2834 multitudine
634 2775 800 2836 Autborum
828 2716 984 2855 potiusqs'e
1008 2717 1329 2854 commenddrefaquam
1350 2769 1466 2830 mdonuu

282 2852 419 2929 pondere.

762 3097 956 3175 Qumssro
977 3097 1016 3156 v.

283 3254 330 3312 Aa
344 3255 471 3314 Mundus
484 3256 566 3316 uaioo
588 3266 724 3316 momento
739 3265 849 3316 meante
862 3259 905 3332 sit,
919 3257 967 3316 Aa
986 3275 1052 3316 vero
1065 3277 1117 3315 sec
1130 3257 1249 3316 diebus!
1288 3257 1330 3312 Et
1339 3252 1380 3310 Aa
1393 3261 1463 3338 opera

322 3334 434 3409 deputa
444 3339 576 3412 cujusque
587 3337 751 3396 hexaemeri
761 3339 864 3414 absque
873 3347 950 3396 motas
959 3347 985 3396 et
997 3337 1165 3395 mecedem
1179 3336 1310 3414 emporis
1320 3337 1406 3392 creata
1413 3331 1462 3394 mi

322 3414 369 3470 Aa
383 3433 449 3472 cero
462 3416 677 3492 aammjmque
685 3419 870 3493 productioni
882 3419 1021 3494 integrum
1034 3419 1108 3476 diem
1121 3419 1202 3476 Deae
1215 3409 1396 3494 impenderit-¹

285 3611 289 3624 -
586 3574 611 3631 1.
634 3575 823 3652 Creationem,
847 3595 905 3635 non
931 3597 984 3638 sex
1009 3577 1120 3636 diemm
1144 3576 1305 3650 intervallo,
1327 3568 1375 3631 aed
1394 3561 1463 3652 unic?

282 3649 388 3696 Mundus
398 3650 525 3696 ³⁰¹¹¹¹¹¹¹⁰0
546 3663 692 3714 momento
706 3655 811 3715 factam
826 3676 889 3715 esse
903 3658 1016 3716 censuit
1029 3658 1201 3734 Augustinus
1214 3643 1461 3736 superGenes.l·1·

335 3713 460 3814 ἕζζῗξζξω
486 3715 525 3757 ⁰⁸*
545 3754 570 3793 c.
582 3736 628 3810 15,
644 3743 673 3794 et
687 3735 717 3794 li.
733 3737 774 3794 xi.
789 3735 825 3795 de
840 3736 872 3795 C.
885 3737 922 3796 D.
938 3758 963 3798 c.
975 3739 1003 3812 9,
1019 3745 1049 3796 et
1063 3757 1128 3796 cum
1142 3757 1177 3796 eo
1188 3737 1262 3796 varii
1276 3755 1313 3795 ex
1321 3724 1460 3792 veteribus,

544 3834 617 3892 quos
633 3816 786 3876 Caietanus
807 3817 945 3894 sequitur,
961 3827 992 3876 ut
1006 3837 1071 3894 quae
1086 3817 1185 3876 Moses
1199 3817 1235 3876 de
1256 3837 1306 3875 sex
1326 3809 1415 3870 diebus
1426 3819 1460 3892 rt·

282 3892 345 3969 fert,
361 3893 516 3972 allegorice
531 3895 589 3955 sint
609 3895 799 3974 intelligenda
819 3897 856 3955 de
877 3897 1091 3974 cognitionibus
1106 3896 1274 3976 Angelicis3
1295 3889 1371 3972 quasi
1383 3897 1460 3944 ommfl

282 3973 389 4033 idcirco
404 3984 499 4035 creata
513 3975 646 4034 dicantur
660 3995 712 4035 sex
726 3976 838 4050 diebus,
853 3977 922 4055 quia
942 3977 1062 4037 totidem
1084 3977 1195 4036 notitiis
1215 3970 1367 4037 intellectui
1378 3966 1459 4038 Ange*

282 4053 375 4112 lorum
389 4054 506 4114 finenmt
525 4064 739 4134 repraesentata,
755 4057 796 4115 ita
809 4065 842 4116 ut
855 4077 1035 4135 unaquaeque
1049 4058 1178 4134 cognitio
1193 4057 1241 4115 An
1279 4056 1331 4114 lies
1350 4049 1403 4138 dies
1420 4059 1458 4130 sp·

281 4133 413 4212 pelletur,
429 4144 458 4194 st
479 4135 585 4196 babere
607 4136 720 4195 dicatur
740 4157 825 4196 mane
846 4146 875 4197 et
888 4157 1017 4216 vespere,
1032 4138 1109 4198 unde
1130 4147 1193 4197 orta
1207 4139 1237 4196 vi
1258 4146 1319 4196 etur
1337 4129 1459 4189 distincto

282 4215 443 4291 cognitoris
457 4215 609 4294 Angelicae
624 4217 654 4274 in
668 4218 835 4276 matutinam
848 4226 878 4276 et
890 4219 1086 4294 cepaticum.

586 4297 628 4355 II.
651 4297 709 4356 Sed
723 4299 791 4357 huic
806 4298 954 4356 sententies
969 4298 1073 4373 obstat,
1088 4301 1114 4358 1.
1123 4298 1249 4357 namatio
1258 4292 1344 4355 Mosis
1357 4280 1458 4360 simplex

543 4384 573 4436 et
586 4376 731 4452 historica,
743 4397 808 4454 quse
822 4397 876 4437 sex
889 4377 951 4437 dics
965 4387 1112 4454 memorat,
1129 4387 1158 4438 et
1172 4377 1291 4456 singulis
1304 4369 1394 4431 diebus
1405 4376 1456 4438 pro·

280 4453 375 4528 prium
388 4472 461 4531 opus
475 4453 621 4515 adscribit.
665 4459 692 4515 2.
702 4457 781 4534 quod
794 4466 871 4517 terra
884 4457 991 4518 dicitur
1004 4458 1092 4538 fuisse
1106 4457 1200 4517 inertis
1214 4467 1244 4517 et
1256 4471 1349 4524 vacua,
1358 4453 1384 4504 et
1393 4451 1457 4500 tene·
1541 4469 1542 4502 l

280 4530 339 4588 brae
353 4550 439 4608 super
453 4535 632 4610 superficiem
653 4536 761 4614 abyssi,
776 4537 855 4615 quod
875 4537 933 4597 dici
954 4557 1011 4596 non
1032 4539 1181 4616 potuisset,
1197 4540 1222 4598 si
1243 4533 1335 4597 omnis
1350 4543 1401 4618 1ξὶἱο
1412 4534 1461 4610 ¹13⁰·
1541 4545 1542 4607 t

278 4617 589 4700 mentoconsummata
602 4614 734 4675 fuissent
767 4621 795 4676 3.
811 4617 889 4694 quod
903 4617 934 4676 in
948 4627 1051 4696 quarto
1064 4627 1217 4697 precepto,
1233 4618 1270 4678 sd
1285 4604 1459 4676 montoso·
1541 4613 1542 4654 i

278 4703 344 4740 nem
358 4685 415 4744 drsi
430 4691 545 4764 septimi
558 4695 824 4772 commendandam,
840 4696 947 4756 dicitur
962 4697 1043 4757 Dens
1056 4718 1168 4757 creasse
1185 4719 1236 4757 sex
1251 4694 1357 4762 dicbus,
1371 4693 1396 4742 et
1408 4695 1459 4752 sep·
1541 4709 1542 4726 ¹

306 4345 353 4392 Sed
363 4361 406 4392 sex
416 4347 507 4394 diebus.
