3158 5180
270 359 329 425 374
750 381 841 422 rocus
855 380 1000 430 essenus.
1244 362 1480 442 [consenum.

269 541 411 601 veruque
425 517 556 583 decrevit
575 523 744 597 nominatim
765 542 881 582 seruere
901 541 974 599 quos
1007 521 1122 582 rsevidit
1135 521 1306 597 credituros,
1320 521 1393 580 nihil
1407 521 1486 580 nevi

269 604 406 678 decernit,
421 603 472 662 sed
485 603 601 681 prsescit
615 611 727 662 tentum
751 603 869 680 quinem
893 541 1051 662 seeundum
1072 602 1204 680 regulum
1226 601 1349 662 secundi
1367 601 1485 660 decreti

205 697 211 708 ·
270 684 308 743 ed
329 683 450 742 salutem
472 683 531 743 sint
551 683 727 760 perventuri,
742 683 791 742 vel
807 703 883 743 nou.
925 687 953 744 2.
977 683 1195 742 Predestinetio
1217 681 1314 758 qualis
1334 681 1365 740 in
1378 681 1487 740 Verbo

269 764 400 839 truditur,
426 783 539 841 semper
562 762 683 822 refertur
706 763 744 822 ed
765 783 903 840 personas
924 763 1095 840 singulares,
1111 771 1139 821 et
1159 762 1191 820 in
1211 763 1247 821 iis
1261 761 1486 836 determinatur,

269 850 355 920 prout
368 842 417 901 vel
429 843 504 903 fiunt
515 861 588 901 sese
601 843 710 920 gretie,
731 844 780 904 vel
793 863 866 902 sese
878 845 938 918 irre,
953 842 1053 901 velud
1066 843 1156 902 vium
1171 841 1364 918 destinantur,
1378 841 1432 900 vel
1448 841 1488 898 ed

269 923 399 998 exitium,
426 924 511 982 Rom.
525 923 587 982 viii.
603 925 650 998 29,
666 925 725 998 3ος
748 923 833 982 Rom.
855 923 896 982 ix.
914 925 959 998 ll,
978 926 1033 999 163
1055 922 1164 1000 Ephes.
1186 921 1303 997 i4,fi;
1325 921 1488 982 dehemus.

270 1005 318 1078 26,
332 1011 362 1062 et
376 1003 437 1062 xiii.
455 1005 501 1078 18,
524 1012 554 1062 11
567 1003 639 1061 xvii.
655 1005 683 1076 6,
700 1006 747 1062 12.
789 1002 832 1062 At
844 1004 932 1080 longe
953 1003 1037 1062 nliter
1050 1021 1081 1062 ee
1094 1001 1204 1062 hebent
1216 1001 1336 1061 decretu
1350 1001 1489 1060 Armini·

269 1101 343 1158 eue;
365 1102 431 1141 nem
451 1084 580 1159 primum
602 1091 633 1142 et
655 1083 767 1142 tertium
780 1083 927 1142 decretum
940 1082 1089 1142 indefinite
1102 1089 1282 1159 occupantur
1296 1081 1375 1140 circe
1388 1099 1489 1158 genus

268 1163 435 1222 humanum.
479 1162 644 1222 Secundum
657 1170 791 1232 ¹versutus
803 1171 916 1224 tentum
930 1161 1007 1221 circe
1026 1163 1178 1240 quslitetes
1198 1161 1419 1236 solvendorum,
1438 1159 1489 1218 vel
1560 1203 1561 1226 ,

268 1242 505 1319 damnandorum,
527 1243 600 1301 citru
613 1242 826 1302 distinctionem
839 1261 1035 1320 perrenorum.
1077 1242 1218 1317 Quartum
1232 1261 1304 1300 rem
1318 1241 1400 1300 circe
1419 1259 1489 1318 per·

269 1341 356 1382 sonas
380 1323 541 1399 singulares
563 1331 697 1380 versetur
719 1321 844 1400 quidem,
868 1322 920 1381 sed
942 1322 1142 1399 contingenter
1165 1330 1196 1381 et
1214 1321 1422 1395 eveutueliter,
1446 1319 1488 1378 id.

267 1410 384 1482 proptor
397 1402 463 1462 illes
477 1401 640 1479 quelitstes,
652 1421 718 1479 quse
727 1400 829 1461 edesse
843 1409 873 1460 et
882 1401 983 1460 ebesse
997 1409 1118 1478 possunt
1130 1421 1149 1460 1
1162 1400 1297 1477 subjecto
1308 1400 1358 1459 cui
1373 1401 1488 1474 ineunt,
1560 1417 1561 1474 j

268 1499 323 1540 neo
336 1490 397 1542 tem
418 1482 537 1560 respicit
557 1501 704 1562 personas,
733 1500 820 1558 quem
842 1481 930 1540 fidem
951 1481 983 1538 in
995 1481 1134 1558 personis,
1148 1489 1236 1558 prout
1248 1479 1435 1556 praevidetur
1456 1479 1489 1537 iu
1560 1493 1561 1544 J

267 1559 385 1620 homine
397 1559 494 1621 tumre
507 1581 546 1620 ex
568 1561 646 1620 bone
668 1579 723 1620 usu
747 1561 846 1638 gretie
860 1569 889 1620 et
902 1561 986 1620 liberi
999 1559 1119 1620 arbitrii
1160 1563 1189 1618 3.
1212 1560 1318 1620 Gratis
1330 1559 1488 1638 predesti-

268 1641 394 1700 nationis
407 1659 445 1700 cx
461 1641 610 1719 Scriptum
629 1649 674 1701 est
693 1641 875 1718 particularis
887 1640 1070 1718 quibusdem,
1083 1659 1142 1700 non
1155 1639 1320 1702 communis
1335 1639 1486 1712 omnibus,
1560 1641 1561 1650 ’

270 1721 356 1781 Mae.
371 1721 412 1780 xi.
433 1723 481 1797 25,
504 1724 561 1797 263
583 1721 668 1780 Rom.
690 1721 751 1779 viii.
773 1723 821 1796 29,
843 1729 872 1780 et
891 1721 932 1780 ix.
950 1723 996 1796 11,
1021 1723 1066 1795 16,
1090 1721 1144 1794 18;
1167 1719 1244 1797 Eph.
1265 1718 1286 1779 i.
1308 1723 1340 1795 4.,
1362 1723 1401 1796 5;
1427 1717 1488 1780 Sed

269 1801 372 1861 (lretie
385 1819 451 1878 quse
471 1801 565 1862 tribus
577 1801 679 1882 primis
691 1800 816 1860 decretis
828 1799 993 1875 sdstruitur,
1009 1809 1053 1858 est
1067 1799 1201 1859 omnihus
1214 1807 1245 1859 et
1260 1799 1393 1878 singulis
1405 1819 1486 1860 com-

268 1879 373 1957 munis,
388 1888 489 1959 utpote
502 1900 567 1958 que
582 1881 638 1940 sits
650 1889 696 1942 cet
708 1881 739 1939 in
753 1880 952 1940 Misericordia
959 1880 1125 1954 uniuersali,
1136 1878 1350 1956 Redemptioue
1365 1879 1486 1940 unirer·

270 1960 333 2036 nli,
349 1970 379 2021 et
392 1961 554 2021 Voceticne
567 1961 735 2020 universali.

311 2041 371 2100 IX.
392 2046 421 2101 4.
444 2041 663 2101 Prssdestinstio
681 2041 719 2099 ed
740 2039 831 2100 vitem
852 2037 975 2099 includit
989 2039 1151 2099 necessario
1171 2037 1323 2098 decrmum
1344 2037 1430 2114 fidei,
1450 2046 1481 2098 et

268 2121 492 2198 poneremus
506 2141 523 2182 1
538 2122 602 2180 Deo
616 2119 765 2196 depende,
781 2119 850 2180 Act.
865 2119 927 2178 xiii.
941 2121 1000 2194 48,
1022 2119 1106 2178 Rom.
1117 2119 1180 2178 viii
1195 2121 1244 2193 su,
1260 2120 1311 2178 30.
1356 2119 1399 2178 Et
1414 2138 1482 2196 pre

269 2201 370 2260 missio
384 2201 420 2260 de
441 2200 537 2265 dende
556 2201 614 2259 fide
634 2200 744 2274 electis,
765 2219 825 2258 nou
844 2199 939 2259 minus
959 2199 1083 2278 pertinet
1102 2198 1140 2257 ed
1161 2197 1339 2274 Euangeliei
1358 2197 1482 2258 ioederis
1560 2219 1561 2224 ¹

269 2280 419 2354 ambitum,
436 2279 514 2339 Hel).
528 2280 591 2348 viii,
607 2282 654 2354 10,
680 2279 756 2357 Eph.
767 2279 798 2338 ii.
813 2281 842 2354 S,
869 2279 945 2338 Phil.
960 2279 979 2338 i
994 2280 1043 2355 29,
1057 2297 1144 2358 quem
1156 2277 1312 2355 promissio
1326 2277 1367 2338 de
1380 2277 1485 2338 dende

269 2359 363 2418 seluto
377 2358 520 2418 fidelibus.
558 2358 617 2417 Sed
629 2358 705 2416 nihil
718 2360 748 2418 in
761 2368 887 2434 quatuor
900 2358 959 2418 illis
973 2358 1095 2418 decretis
1108 2357 1232 2418 hebetur
1245 2357 1283 2416 de
1297 2357 1379 2418 dono
1392 2357 1484 2433 fidei,

270 2437 333 2495 Nec
346 2436 376 2494 in
390 2437 492 2514 primo,
508 2437 587 2514 quod
601 2446 645 2496 est
659 2437 697 2496 de
709 2437 848 2502 missione
862 2438 987 2514 Christi3
1010 2438 1071 2497 Neo
1090 2438 1122 2496 iu
1139 2437 1276 2513 secundo,
1296 2437 1381 2514 quod
1394 2437 1486 2498 tidem

268 2515 362 2576 sancis
375 2516 406 2573 in
414 2516 609 2576 conditionem
623 2517 734 2592 salutis,
745 2515 798 2575 sed
806 2517 880 2578 nihil
894 2517 931 2577 de
946 2519 1011 2578 e'us
1021 2517 1175 2580 deustione
1184 2527 1320 2594 respectu
1335 2527 1485 2578 centenum

267 2615 486 2734 6611Ὑέ
487 2595 1040 2738 wettelmus*
1053 2597 1131 2737 ‘ld'
1132 2596 1486 2738 fflihldid’il

268 2753 467 2831 emersurus,
482 2747 590 2834 pesse
611 2756 649 2815 ae
662 2755 790 2815 romeus
811 2695 931 2816 tlte..
951 2775 986 2816 02
1006 2697 1122 2833 sitive
1140 2775 1216 2833 uou3
1238 2757 1302 2816 uss
1316 2758 1350 2816 in
1365 2737 1482 2834 quem,

269 2832 349 2912 quod
375 2833 479 2895 nititur
503 2835 574 2894 fidei
592 2836 776 2914 previeioue,
805 2837 942 2914 quodque
963 2855 1027 2898 cem
1049 2836 1246 2915 presuppouit
1269 2855 1308 2896 ex
1331 2836 1484 2898 communi

268 2921 382 2976 tentum
397 2916 490 2992 gretie
504 2915 601 2994 quoed
622 2915 726 2992 Donni,
741 2935 780 2976 ex
794 2915 914 2994 speciali
926 2925 1024 2976 eutem
1036 2916 1128 2994 ipsius
1139 2914 1284 2976 credentis
1298 2925 1331 2976 et
1343 2937 1483 2994 perseve-

267 2996 359 3055 mutis
373 2995 621 3072 determinatione,
642 3005 783 3074 torquem
793 2996 909 3074 propris
922 3005 951 3056 et
964 2996 1094 3074 proxime
1108 3015 1195 3056 csuss
1212 2996 1381 3074 utriusque.

310 3075 354 3135 X.
376 3078 405 3136 5.
421 3075 570 3154 Scriptura
590 3077 677 3138 unius
699 3085 813 3137 tuntum
834 3075 992 3138 Electiords
1013 3075 1151 3150 meminit,
1171 3095 1236 3154 quse
1254 3075 1289 3136 tit
1308 3076 1435 3137 definite
1454 3085 1483 3136 et

269 3155 422 3234 complete,
437 3157 628 3234 particularis,
649 3165 679 3216 et
700 3157 841 3232 obsolute,
863 3165 978 3232 eterne,
999 3165 1029 3215 et
1048 3155 1265 3232 irrevocabilisq
1296 3155 1359 3216 Sed
1381 3157 1483 3217 schole

269 3235 396 3294 Arminii
411 3236 557 3315 duplicem
570 3236 664 3314 fingit,
679 3257 767 3300 unser
784 3236 956 3314 geuerslem,
971 3235 1156 3312 indefinitum,
1176 3234 1396 3313 incomplutam,
1413 3255 1482 3296 eon·

269 3313 448 3388 ditlouetem,
465 3325 495 3374 et
508 3317 719 3393 revocabilem,
741 3317 828 3376 elisur
841 3316 1019 3394 complemm,
1034 3314 1266 3392 peremptorium,
1281 3313 1438 3376 definitum
1452 3323 1482 3376 et

269 3391 498 3468 irrevocabilem,
513 3414 581 3472 que
599 3396 630 3454 in
650 3396 710 3455 line
723 3395 839 3456 demum
852 3397 929 3471 vite,
951 3403 981 3454 et
999 3402 1069 3472 pest
1084 3403 1207 3454 mortem
1219 3395 1354 3456 obtinere
1372 3404 1482 3472 potest,

268 3471 338 3546 quie
351 3472 538 3548 suspenditur
550 3493 569 3532 1
581 3477 798 3552 perseverentia
811 3475 899 3536 tinsli.
941 3473 1072 3550 Denique
1086 3493 1124 3554 ex
1137 3473 1191 3534 hec
1205 3474 1366 3552 hypothesi
1380 3476 1482 3553 objec-

268 3557 330 3608 tum
345 3549 611 3612 Praedestiuetiouis
626 3563 694 3614 sunt
708 3555 765 3614 soli
776 3555 933 3631 credentes,
949 3553 997 3612 vel
1010 3552 1148 3613 increduli
1167 3553 1273 3628 vocati,
1289 3555 1401 3631 quihus
1414 3575 1481 3632 gru·

268 3627 310 3688 tie
332 3627 507 3708 intempore
525 3632 624 3692 oblate
644 3641 698 3708 est,
713 3641 800 3712 etque
814 3636 856 3695 ite
869 3633 991 3694 inientes
1005 3651 1112 3709 omnes,
1134 3640 1164 3691 et
1182 3633 1316 3710 plerique
1331 3635 1479 3710 Gentiles,

267 3709 493 3865 rpuiioosdppgs
504 3711 667 3850 ἓεῦῐὶοἰροε
687 3733 836 3792 umquem
849 3713 974 3788 trorum,
994 3711 1032 3772 el>
1051 3731 1085 3771 ee
1097 3731 1248 3790 perpetem
1267 3713 1480 3774 excluduntur.

299 3809 309 3847 1
355 3809 418 3866 sup.
481 3834 488 3847 .
571 3835 578 3850 .

309 3869 369 3928 XI.
394 3869 425 3928 Si
439 3889 509 3930 vcro
522 3871 645 3931 ulterius
658 3870 688 3930 in
702 3892 826 3932 summu
840 3873 1028 3935 Decretomm
1041 3869 1162 3931 istorum
1175 3869 1393 3946 descendimus,
1403 3871 1479 3932 mul·

267 3947 395 4027 tiplicem
412 3967 512 4009 eornm
533 3952 754 4029 repugnantiam
772 3973 839 4012 cum
859 3953 985 4030 3111111
1003 3949 1268 4012 Predesumtionis
1286 3949 1426 4012 doctrina
1448 3951 1479 4010 in

269 4027 419 4106 Scriptum
432 4029 546 4105 tmdits,
561 4049 621 4090 non
634 4031 750 4091 difficile
764 4033 819 4092 erit
832 4028 1052 4110 deprehendere.
1094 4029 1169 4088 Nem
1184 4038 1215 4091 ut
1229 4029 1268 4088 de
1284 4030 1382 4107 primo
1397 4031 1478 4090 dice

266 4125 340 4183 mus,
355 4107 435 4185 quod
448 4118 560 4186 spectet
573 4110 740 4172 missionem
762 4111 878 4187 Christi,
895 4114 921 4170 1.
938 4109 1085 4187 Scriptura
1097 4115 1219 4170 testetur
1233 4109 1385 4170 chrisum
1399 4111 1478 4170 ordi·

267 4195 368 4246 netum
382 4205 455 4263 esse,
471 4197 501 4247 et
514 4189 614 4249 dutum
628 4189 660 4248 in
672 4198 794 4250 mortem
814 4189 984 4250 nominatim
1003 4204 1055 4266 pro
1076 4187 1153 4248 detis
1172 4188 1228 4248 sibi
1249 4207 1267 4248 1
1288 4187 1388 4264 Petne,
1404 4191 1477 4250 Jch.
1560 4195 1561 4200 ’

265 4265 338 4324 xvii.
354 4269 382 4340 2,
397 4268 426 4341 6,
441 4269 469 4344 9,
481 4287 534 4345 pro
548 4269 653 4328 ovibus
667 4270 736 4346 suis,
751 4269 861 4330 John.
875 4289 904 4330 x.
919 4271 964 4344 11,
976 4271 1026 4344 26,
1034 4269 1082 4344 29,
1097 4287 1150 4346 pro
1163 4267 1270 4346 populo
1284 4287 1351 4343 seq
1365 4270 1476 4328 Metth.

265 4341 285 4402 i.
300 4346 349 4402 21.
364 4353 394 4403 ct
406 4365 459 4422 pro
474 4347 615 4424 Ecclesia,
630 4349 706 4426 Eph.
721 4369 750 4408 u.
766 4352 814 4408 25.
855 4347 899 4410 At
912 4348 981 4407 dum
994 4347 1091 4425 prime
1107 4348 1160 4408 sslo
1172 4347 1289 4408 decreto
1306 4346 1476 4408 destinetur

265 4439 318 4497 pro
332 4441 439 4499 genem
456 4424 586 4486 humano
603 4428 814 4505 uuiverseliter,
830 4427 972 4488 ordinetis
992 4427 1043 4486 ille
1055 4427 1132 4488 iectu
1145 4427 1315 4505 supponitur
1331 4425 1365 4484 in
1377 4427 1475 4488 ineer-

264 4505 336 4573 tum,
352 4509 506 4580 antequem
520 4505 675 4598 quicquam
688 4507 767 4645 sppd
780 4527 813 4568 se
825 4509 974 4570 stetuisset
989 4507 1068 4568 Deus
1088 4506 1125 4566 de
1139 4525 1283 4584 quoquam
1296 4505 1474 4568 nominatim

265 4577 418 4666 serpendc
460 4585 488 4640 2.
503 4583 635 4644 Ghnstus
649 4604 687 4645 ex
719 4613 720 4620 ¹
739 4596 817 4654 creto
832 4587 928 4646 Petris
946 4605 1005 4647 nce
1017 4585 1111 4663 potuit
1125 4586 1230 4646 husee
1242 4583 1323 4660 mori,
1340 4583 1396 4646 sed
1411 4585 1474 4648 effi-

265 4661 372 4712 cecrter
385 4655 485 4716 debuit
498 4661 638 4722 redimere
652 4672 683 4723 et
697 4665 812 4724 salvere
824 4685 874 4724 eos
892 4685 944 4744 pro
958 4664 1063 4743 quibus
1077 4673 1123 4726 est
1136 4673 1273 4737 mortuns,
1288 4661 1346 4722 Tit.
1362 4663 1394 4722 ii.
1413 4668 1472 4741 143
