3160 5194
294 1423 646 1517 PRAEFATIO
696 1423 775 1514 AD
825 1423 1187 1520 LECTOREM.

603 1709 928 1725 mmmmm

189 1918 273 1984 Nou
287 1939 422 2001 possum
436 1921 579 1988 Locros
593 1924 795 2002 Busseocu,
812 1926 888 2006 quin
902 1925 1010 2006 peucie
1025 1926 1076 1990 hic
1091 1926 1124 1989 in
1138 1925 1254 2005 limine,
1278 1944 1349 1990 oon·

140 2015 203 2080 eiiii
217 2017 279 2080 mei
305 2017 339 2081 in
354 2017 473 2082 edendo
498 2020 559 2084 isto
578 2023 660 2103 quod
684 2022 769 2086 rides
793 2023 906 2102 Opere,
932 2022 1070 2086 rationes
1096 2029 1130 2086 et
1148 2041 1274 2102 scopum
1290 2019 1350 2084 tibi

141 2114 290 2194 aperiam,
318 2136 358 2180 ne
383 2116 469 2180 uliud
497 2119 536 2182 de
559 2139 597 2182 eo
624 2139 760 2194 censeas,
786 2139 878 2201 quem
902 2120 986 2199 quod
1010 2126 1059 2183 est
1079 2138 1195 2195 revere,
1212 2118 1261 2184 rel
1275 2117 1349 2180 mibi

143 2213 307 2291 quicquum
329 2214 387 2278 hec
410 2213 445 2278 in
468 2221 558 2295 perte
585 2217 753 2294 adscribas,
782 2237 879 2298 equo
894 2217 942 2281 fui
956 2237 1078 2298 semper
1093 2217 1221 2282 uiienus.
1272 2213 1350 2278 Cum

142 2310 228 2374 enim
242 2317 292 2374 tot
305 2310 518 2378 teudotissime
530 2313 622 2378 istius
635 2315 757 2402 generis
782 2313 908 2396 Scripta
924 2335 944 2378 e
958 2314 1045 2380 Viris
1064 2314 1226 2396 Tbeologie
1242 2314 1348 2376 becte-

143 2427 202 2470 uus
217 2407 304 2472 edite
317 2407 389 2484 sint,
406 2429 537 2489 quorum
552 2410 641 2491 copie
655 2411 815 2478 Studioeoe
831 2433 913 2494 sepe
929 2412 1037 2493 inopes
1052 2413 1137 2488 fucit,
1152 2411 1286 2476 incertos
1298 2409 1348 2474 cui

141 2503 339 2584 potissimum
353 2505 495 2572 addicere
509 2527 543 2572 ee
557 2509 711 2585 dobeent;
736 2511 925 2575 temeritatis
943 2510 992 2575 rel
1006 2509 1223 2591 imprudentiae
1241 2516 1348 2570 notem

143 2601 199 2664 rix
213 2603 346 2684 effugere
361 2623 452 2682 posse
465 2605 581 2682 videor,
597 2607 669 2670 dum
685 2627 751 2690 ego,
765 2607 818 2688 qui
834 2607 904 2672 illos
919 2627 976 2672 neo
986 2607 1121 2689 iugenio,
1134 2626 1191 2671 neo
1206 2604 1349 2670 doctrine

142 2719 214 2764 eum
229 2700 461 2779 comperendus,
488 2703 601 2784 quique
625 2725 674 2767 me
700 2707 740 2768 ub
766 2703 805 2769 iis
828 2705 970 2768 omnibus
995 2704 1181 2784 impuratum
1206 2720 1348 2783 egn0s0⁰2

143 2817 214 2876 qum
224 2797 266 2860 ed
276 2803 397 2860 tentum
412 2818 489 2878 opus
503 2819 573 2864 cum
588 2800 679 2865 leude
693 2802 905 2882 exequendum
918 2801 1128 2882 requiruntur,
1145 2819 1229 2864 meos
1243 2803 1347 2861 mmeu

142 2901 274 2958 conotus
290 2894 322 2957 in
336 2895 394 2959 hoc
411 2896 565 2962 scribendi
583 2918 694 2979 genere
708 2900 741 2962 iu
755 2899 890 2964 medium
906 2897 1089 2979 protrudere
1104 2897 1244 2978 sudeam,
1258 2894 1346 2974 quasi

143 2991 211 3056 Soli
225 2992 324 3056 lucem
338 2993 482 3057 soencreri
496 3016 628 3076 possem,
638 2997 687 3060 vel
698 2997 799 3060 Iliede
808 3001 879 3076 post
895 2995 1064 3060 Homerum
1075 2994 1184 3058 vellem
1201 2992 1346 3056 scribere.

144 3087 264 3154 Verum
279 3096 485 3171 praeterquam
500 3095 583 3173 quod
597 3092 661 3157 sole
674 3093 814 3158 Muneris
825 3091 900 3154 mihi
914 3091 1053 3172 impositi
1068 3088 1257 3154 conscientie
1271 3087 1348 3152 setis

143 3205 298 3268 superque
313 3207 363 3251 me
376 3189 458 3252 tueri
474 3190 524 3254 bic
545 3197 660 3270 posset,
678 3189 761 3269 quod
786 3187 864 3252 nihii
883 3206 944 3252 nou
968 3186 1152 3252 teuteudum
1165 3183 1348 3266 praescribit,

142 3291 181 3346 ut
195 3305 375 3365 quecunque
388 3285 521 3369 ratione,
533 3287 598 3352 siro
615 3286 685 3351 vire
699 3305 772 3350 voce
787 3283 853 3348 sire
875 3284 1001 3365 scripto,
1017 3283 1039 3346 J
1040 3283 1197 3349 urentutis
1214 3281 1282 3346 Dec
1299 3301 1347 3346 ss·

142 3400 206 3446 crue
233 3383 337 3446 studio
360 3391 618 3464 promeruerim
651 3389 688 3447 ut
710 3383 743 3447 in
777 3381 989 3446 Teberueoulo
1012 3380 1139 3444 Domini
1166 3380 1346 3456 extruendo,

142 3479 309 3544 leudebilie
318 3480 412 3546 etiem
422 3481 483 3545 fuit
499 3499 604 3546 eorum
615 3479 784 3562 diligentie,
795 3479 884 3560 quisi
897 3485 1196 3562 eurum,ergeutum,
1212 3497 1346 3548 coccum.

143 3585 178 3640 et
193 3576 257 3640 elie
272 3577 306 3639 id
319 3597 416 3659 genus
443 3577 626 3658 pretiosiore
641 3579 780 3642 conferre
805 3597 867 3640 uon
883 3583 1098 3659 peierantes
1114 3576 1225 3640 saitem
1241 3582 1274 3640 et
1286 3577 1346 3640 ier·

144 3695 225 3756 rum,
241 3679 275 3738 et
287 3674 401 3738 viliore
413 3695 541 3755 queque
550 3695 618 3755 quae
629 3694 724 3755 pones
734 3693 769 3738 se
783 3675 951 3755 bebebunt,
959 3675 1022 3738 imo
1033 3681 1067 3737 et
1080 3673 1184 3755 pelles,
1196 3680 1229 3736 et
1241 3692 1348 3752 cupre-

145 3792 214 3835 rum
228 3771 309 3851 pilos
323 3773 434 3836 offerre
450 3792 511 3836 nou
527 3773 723 3851 verebuntur,
739 3771 808 3834 Deo
820 3791 882 3836 nou
894 3791 935 3836 ex
949 3771 1051 3851 pretio
1065 3787 1168 3835 rerum
1183 3769 1275 3842 done,
1292 3767 1347 3832 sed

145 3888 187 3934 ex
201 3867 295 3932 enimi
311 3870 425 3933 effectu
439 3870 633 3934 estimente:
660 3868 736 3949 Ipse
763 3868 874 3948 Operis
891 3869 1027 3950 suscepti
1042 3866 1171 3941 occasio,
1186 3885 1247 3928 nou
1264 3883 1347 3942 que-

145 3965 209 4028 site
221 3965 278 4030 sed
292 3965 407 4042 oblate,
422 3966 484 4030 imo
498 3968 638 4046 obtruso,
654 3966 727 4046 quid
742 3983 823 4032 eme
840 3965 883 4030 sit
898 3965 1082 4045 prestitum,
1099 3968 1134 4026 et
1158 3981 1219 4040 quo
1235 3960 1347 4042 enimc,

146 4061 268 4126 eunuco
292 4063 469 4127 testabitur.
519 4063 604 4128 Dum
627 4065 709 4129 enim
731 4063 932 4128 informando
957 4059 1121 4124 Juventuti
1143 4077 1183 4120 ex
1208 4055 1347 4122 Muneris

148 4158 324 4224 demundeti
335 4160 456 4224 retioue
466 4181 528 4224 non
539 4162 661 4242 publice
669 4167 801 4236 tentum,
811 4160 865 4224 sed
876 4165 910 4222 et
918 4156 1065 4238 privetim
1075 4173 1132 4236 pro
1140 4153 1222 4218 virili
1231 4154 1346 4218 incum-

149 4255 210 4329 bc;
237 4257 321 4320 iuter
346 4263 458 4321 uetera
481 4257 678 4324 Celeberrimi
706 4257 834 4322 Meresii
862 4254 1002 4318 Deoedee
1028 4251 1203 4335 Tyrouibus
1230 4252 1347 4316 nostris

149 4353 341 4418 rentileudm
355 4356 510 4434 proposui,
524 4357 606 4436 quod
620 4363 657 4420 ut
672 4353 780 4418 utilius
794 4353 834 4416 eb
848 4350 924 4432 ipsis
938 4351 1037 4428 fieret,
1052 4349 1346 4431 Controuersiarum,

152 4471 219 4530 ques
251 4451 297 4514 ibi
324 4451 531 4534 attinguntur,
561 4459 678 4518 stetum
701 4458 735 4516 et
759 4450 990 4514 undamentum
1017 4448 1123 4530 peucie
1148 4447 1347 4528 aperiendum

152 4547 239 4628 duxi,
255 4547 368 4614 edditis
383 4550 476 4614 etiem
492 4550 743 4618 distinctionibus
758 4555 792 4614 ot
809 4547 1082 4612 Observutionibus
1091 4544 1217 4623 aliquot,
1235 4543 1347 4622 quibus

154 4651 251 4728 eptae
289 4647 393 4724 ,ψεῦδος
433 4649 690 4716 Adverteriorum
726 4651 930 4728 naugerum,
969 4651 1002 4708 et
1043 4640 1204 4722 praecipue
1243 4639 1345 4716 objec-
