3152 5178
130 422 227 474 ccm.
241 402 313 485 xm]
565 422 604 462 nn
617 421 677 463 nno
691 419 760 480 orto,
776 421 814 462 nr
827 419 926 465 cerno.
1271 411 1329 469 217

127 563 282 624 tortionem
296 563 364 624 rinc
377 561 548 643 prejudicio
560 563 699 639 Jurtitioe,
710 581 776 640 quie
789 563 907 642 quidem
920 565 1015 644 exigit
1027 566 1190 626 necessario
1203 575 1236 628 ut
1246 587 1331 630 omne

126 653 269 724 peccatum
283 644 444 721 punietur3
460 643 512 703 sed
525 663 583 702 non
597 643 695 702 etutim
708 643 802 702 omnir
812 653 954 722 peccator,
969 647 1018 705 vel
1031 647 1087 707 hoc
1100 649 1149 707 vel
1162 647 1213 707 illo
1227 649 1330 725 gredn

163 724 238 784 XX.
261 723 411 799 Quamvis
425 724 548 802 justitiae
570 731 601 782 ot
617 721 822 782 misericordiae
843 723 948 784 effectu
968 727 1081 804 possint
1102 747 1166 787 esse
1188 730 1332 788 contrurie

125 815 235 884 proptor
247 804 454 864 diversitatem
468 804 647 881 objectorum
660 803 738 862 circe
750 823 816 881 queo
828 813 998 882 versentur3
1017 827 1076 865 non
1091 808 1221 885 sequitur
1234 817 1331 868 tamen

123 887 197 962 ipen
207 885 335 944 virtuter
349 903 416 944 cecc
429 885 461 942 iu
469 903 501 943 re
514 883 680 958 contraries,
692 901 752 941 non
764 885 858 962 megin
872 903 960 962 quum
972 885 1023 946 Sol
1033 887 1090 946 eibi
1104 888 1263 948 contrarius
1276 897 1329 966 est,

123 963 236 1042 qnando
249 963 406 1042 liquefacit
419 983 514 1024 cerum
528 971 558 1023 ct
574 962 692 1022 induret
704 963 807 1023 lutum.

160 1043 259 1103 XXI.
282 1043 356 1103 Alia
375 1043 450 1104 rutio
470 1051 515 1103 cet
528 1043 658 1103 Jnotitiae
679 1051 709 1102 ct
730 1043 938 1104 Misericordia
952 1044 1009 1106 Dei
1025 1045 1056 1104 in
1074 1046 1232 1108 exercitio:
1254 1048 1330 1106 Nem

121 1124 323 1183 nneneordin
336 1123 456 1202 quidem
476 1122 639 1182 omnimode
659 1131 705 1182 eet
724 1123 824 1199 libore,
838 1132 872 1183 et
884 1124 978 1203 poerit
996 1145 1058 1186 cese
1072 1145 1190 1186 exerere
1203 1127 1252 1186 vel
1272 1147 1330 1187 non

120 1223 208 1263 exere
221 1205 299 1263 citro
311 1203 403 1264 ullius
415 1203 562 1280 injurium,
574 1202 644 1280 quie
656 1203 788 1263 consistit
800 1205 832 1262 in
845 1213 912 1264 cetu
925 1223 1003 1264 mere
1022 1207 1156 1283 gratuito,
1171 1224 1258 1284 quem
1272 1225 1331 1266 non

120 1292 239 1344 teneurr
259 1303 333 1361 erge
346 1283 439 1343 ullum
460 1301 611 1358 exercer03
633 1301 701 1341 num
719 1283 782 1342 eive
796 1284 931 1344 misertus
945 1285 1047 1344 fuiemt
1063 1287 1163 1362 nostn',
1179 1287 1241 1346 eive
1261 1307 1329 1365 non,

118 1364 234 1422 nullum
247 1363 368 1423 iecisset
388 1363 522 1441 cuiquem
542 1362 686 1440 injuriam,
707 1363 776 1440 quic
795 1363 851 1422 hoc
866 1364 975 1423 nemini
988 1365 1084 1425 debet.
1129 1367 1186 1426 Sed
1200 1368 1330 1427 «Iustitiae

119 1453 206 1504 uetus
218 1444 292 1503 licet
311 1444 351 1503 eit
364 1444 535 1518 liberrimus,
550 1449 706 1502 esttamen
718 1441 905 1521 necessarius,
926 1445 994 1522 quic
1007 1443 1141 1520 debitue3
1163 1465 1230 1505 nem
1244 1447 1275 1504 in
1295 1467 1330 1506 eo

118 1523 260 1583 eomicfit
273 1531 308 1583 nt
320 1523 459 1582 reddetur
471 1521 575 1600 cuique
588 1521 667 1600 quod
681 1541 765 1581 ouum
779 1531 841 1599 est;
863 1532 893 1583 et
905 1524 1040 1602 quumvis
1059 1525 1133 1584 nihil
1147 1525 1251 1585 debeat
1264 1545 1329 1604 pro-

122 1605 186 1680 prie
203 1613 355 1678 ereumre,
370 1603 540 1680 nullumque
561 1602 599 1660 sit
618 1601 733 1679 proprie
747 1603 892 1680 loquendo
906 1605 960 1662 hae
974 1605 1004 1662 in
1022 1614 1104 1683 perte
1121 1607 1171 1684 jue
1192 1615 1330 1666 creature

124 1685 167 1822 ip
176 1685 286 1822 iprnmfl
304 1681 672 1837 mnfffiiembi’
696 1690 726 1741 et
744 1685 959 1822 wpeewetiom
980 1685 1093 1764 Legum
1112 1705 1132 1745 c
1152 1705 1183 1746 ee
1196 1687 1328 1762 laterum,

124 1783 136 1822 r
179 1783 252 1822 uer
287 1783 396 1822 ocnon
536 1781 549 1839 J
647 1779 783 1822 noneeee
1055 1787 1060 1810 ι

166 1843 283 1902 XXIL
307 1841 340 1901 Si
353 1841 434 1901 nullu
447 1850 577 1901 crcamra
589 1841 745 1918 peccatrix,
760 1842 810 1900 vel
822 1842 927 1901 mirere
940 1843 1051 1918 fuisset,
1066 1845 1088 1903 J
1089 1845 1188 1904 ustitia
1201 1853 1232 1905 et
1241 1845 1330 1905 Mise-

124 1922 251 1982 ricordiu
263 1941 324 1980 non
337 1921 461 1981 intiment
474 1920 570 1999 quood
590 1939 647 1979 rore
659 1923 789 1997 retamnt,
805 1931 835 1981 et
854 1922 885 1980 in
898 1932 963 1980 actu
980 1923 1122 1997 enercitc;
1144 1925 1195 1983 sed
1209 1925 1331 1984 fiiieecnt

124 2012 224 2062 tumen
238 2007 354 2080 semper
366 2001 464 2079 quood
477 2021 533 2060 ecre
546 2001 709 2075 αὸεοὴιὼιπι,
725 2008 755 2060 et
775 2000 806 2058 in
819 2010 885 2060 actu
903 2003 1021 2078 niqueto,
1040 2003 1184 2080 quomodo
1201 2005 1330 2082 omnipo·

125 2083 216 2142 emon
230 2082 287 2142 fuit
299 2083 332 2140 in
346 2083 410 2140 Deo
424 2082 461 2140 ub
475 2089 589 2156 eterno,
605 2081 660 2139 etri
673 2080 746 2138 nihil
759 2080 937 2158 produxerit.

165 2162 300 2222 XXHL
321 2161 462 2238 Quamvis
483 2161 563 2220 Deus
584 2160 659 2220 circe
682 2159 806 2238 gradmn
823 2178 917 2238 poenae
939 2169 1038 2238 poscet
1059 2161 1185 2239 aliquem
1208 2163 1332 2222 hidam

125 2242 299 2318 admittem3
319 2261 380 2300 non
401 2240 531 2318 requitur
551 2259 617 2300 eum
636 2240 744 2318 periter
763 2259 848 2317 poree
867 2259 967 2301 omnes
987 2241 1095 2318 medus
1113 2257 1206 2320 poento
1220 2243 1330 2318 tollere,

125 2324 194 2400 quie
203 2321 322 2400 justitie
331 2321 478 2400 quondm
491 2320 633 2400 grudum
643 2319 826 2380 latitudinem
839 2321 913 2380 habe
947 2331 1030 2380 extre
1043 2341 1130 2398 quem
1144 2323 1169 2382 ei
1183 2323 1284 2400 exiret,
1294 2343 1331 2384 ne

125 2403 238 2480 justitio
250 2402 370 2480 quidem
384 2409 479 2477 ercet;
501 2401 570 2460 licet
582 2417 653 2459 vero
672 2400 740 2459 telis
759 2400 866 2479 grudus
880 2331 992 2461 doiniri
1011 2421 1070 2461 non
1089 2403 1182 2481 possit
1201 2423 1220 2462 a
1235 2401 1329 2480 nobie,

129 2483 207 2542 Dece
221 2492 321 2542 tumen
336 2483 443 2560 optime
456 2481 539 2540 illum
554 2479 703 2540 delinitum
715 2487 747 2539 et
762 2480 920 2558 perlectum
933 2483 1030 2542 hebet
1320 2495 1322 2498 ·

168 2563 295 2622 XXIV.
317 2562 385 2621 Nou
402 2562 541 2640 quaeritor
559 2560 608 2619 hic
629 2559 804 2638 simpliciter,
821 2561 870 2618 An
892 2563 972 2621 Dono
991 2563 1083 2640 poerit
1100 2581 1153 2641 por
1171 2562 1330 2640 potentiam

126 2653 276 2720 pcccetrrm
286 2661 348 2702 nou
360 2642 479 2720 punire3
502 2640 562 2714 red,
585 2639 637 2699 An
648 2640 740 2718 poeeit
753 2659 805 2718 per
821 2641 965 2718 justitiam
985 2661 1050 2720 quoe
1068 2643 1182 2721 proprie
1198 2652 1332 2703 versetur

127 2722 202 2782 circu
214 2743 343 2802 poenem,
357 2721 437 2800 quod
448 2722 519 2799 quio
537 2721 582 2778 illi
601 2727 751 2798 repugnet
766 2720 833 2780 ideo
846 2721 919 2781 benc
933 2719 1038 2782 dieitur
1052 2723 1147 2783 Deum
1168 2742 1226 2781 non
1245 2743 1331 2802 poree

128 2802 181 2862 hoc
193 2813 344 2882 prestere.
387 2801 471 2860 Licet
483 2820 553 2860 vcro
567 2820 626 2858 non
640 2800 678 2859 eit
691 2799 819 2860 formulis
833 2801 1020 2861 contradictio
1041 2803 1071 2860 in
1091 2803 1222 2861 terminis
1236 2803 1331 2862 dicere

128 2893 276 2960 peccutrnn
298 2901 361 2942 nou
380 2881 484 2959 puniri,
506 2888 669 2941 esttamen
687 2879 719 2938 in
739 2881 842 2958 miper,
864 2881 933 2958 quie
951 2882 993 2940 eio
1012 2879 1136 2942 infertur
1155 2883 1250 2942 Deum
1271 2902 1331 2942 non

128 2963 219 3023 odisee
233 2970 399 3042 peccatum,
415 2969 445 3020 et
457 2979 542 3039 poree
562 2960 636 3019 illud
649 2979 755 3019 emere.

163 3045 275 3104 XXV.
299 3041 443 3118 Qtrumvie
465 3059 503 3100 ex
521 3040 588 3118 jure
609 3040 743 3100 absoluto
761 3039 842 3098 Dece
863 3038 956 3118 possit
978 3047 1140 3099 erecturam
1162 3041 1330 3116 annihilare,

123 3143 178 3182 non
190 3125 306 3203 paritor
319 3129 418 3200 potest
431 3121 475 3180 illi
488 3121 633 3180 innocenti
648 3120 806 3179 crucicmm
819 3118 988 3178 infernalem
1009 3127 1039 3178 et
1055 3127 1193 3178 aetemum
1206 3117 1330 3196 inferre;

119 3205 186 3282 quie
199 3203 280 3264 illud
293 3211 343 3262 est
354 3201 462 3260 cummi
476 3201 604 3260 Dominii
618 3199 760 3273 effectum,
775 3199 831 3257 hoc
843 3217 914 3258 vero
927 3199 1089 3258 necessario
1109 3199 1234 3258 involvit
1249 3199 1333 3276 exim

116 3285 155 3344 ud
164 3284 330 3364 jurum,
346 3301 413 3359 que
425 3281 514 3340 telem
527 3281 685 3340 cruciatum
699 3279 861 3337 immerenti
880 3278 986 3337 inferre
1005 3299 1063 3338 non
1081 3279 1197 3356 petitur,
1212 3287 1246 3338 ut
1258 3279 1332 3338 ferre

116 3386 172 3426 non
185 3372 292 3444 potent
306 3361 503 3420 nonobstante
517 3369 739 3439 quantocunque
750 3358 888 3418 demerito
902 3377 1017 3439 poenam
1030 3360 1122 3439 ipsum
1135 3367 1226 3420 totam
1239 3357 1331 3420 unier-

114 3447 147 3507 ri.
170 3445 253 3508 Vide
270 3443 362 3522 Disp.
377 3440 416 3501 de
429 3440 547 3502 Nocere.
564 3439 662 3501 seuit
678 3439 712 3499 P.
727 3439 753 3498 1.
768 3447 798 3500 et
813 3439 857 3502 11.

586 3677 780 3756 comerio
801 3679 879 3740 xx.

308 3859 352 3901 nr
366 3858 524 3916 rotemero,
539 3855 651 3916 lucer,
666 3857 788 3916 cumr,
802 3857 842 3898 rr
855 3857 1069 3902 metricorum
1084 3860 1145 3900 nni.

477 4002 624 4068 Qttomcdo
637 4000 710 4059 inter
721 4020 751 4059 ce
764 3999 993 4078 Μιριιαηωνὲ

162 4165 186 4224 1.
209 4165 256 4227 Ut
270 4163 295 4224 J
296 4159 406 4222 mritis
414 4160 590 4220 vindicatrix
604 4160 640 4220 de
659 4179 718 4238 qm
735 4167 834 4220 comm
847 4158 903 4219 fuit
916 4157 1081 4234 &motione
1099 4155 1282 4236 prrcccdeuti,
1304 4166 1335 4218 et

127 4247 239 4322 Ortum,
254 4246 325 4318 Ira,
348 4249 380 4301 ct
392 4241 541 4316 Scretitce,
556 4259 622 4318 ane
642 4239 681 4300 cd
697 4241 795 4318 iprum
808 4238 961 4316 pertinent,
978 4247 1156 4316 occupentur
1168 4237 1245 4296 circo
1263 4237 1334 4297 meli

126 4325 239 4402 phyrici
260 4342 319 4384 seu
340 4341 437 4400 poenuc
456 4320 663 4397 mlliotionemr
692 4319 739 4379 Ito
752 4319 881 4394 Bortitcc,
895 4327 925 4378 et
944 4335 1010 4396 quc
1030 4317 1085 4376 cub
1105 4335 1139 4377 ee
1153 4317 1335 4377 continentur

129 4405 258 4479 virtuter,
281 4410 359 4481 pute
378 4401 479 4476 Amor,
497 4401 612 4475 Graio,
634 4409 667 4460 ct
687 4400 896 4476 Misericordia,
920 4407 1073 4458 versantur
1093 4398 1170 4457 circe
1192 4397 1334 4458 bononnn

128 4481 432 4556 communicationem,
448 4480 501 4542 sed
513 4479 716 4540 divertimcdc

169 4564 211 4623 11.
232 4561 360 4623 Bonitas
374 4561 431 4628 Dei
443 4569 498 4638 cet,
513 4579 572 4639 quc
591 4557 752 4638 concipitur
763 4577 823 4620 non
836 4557 923 4619 modo
936 4557 1058 4619 chrolm
1071 4567 1099 4618 et
1115 4558 1146 4618 in
1158 4575 1196 4634 cc,
1210 4565 1244 4617 ut
1258 4577 1334 4618 eum·

131 4661 175 4702 mc
186 4643 285 4704 mnne
299 4649 331 4703 et
343 4640 490 4720 persecute
503 4649 640 4720 tunquam
654 4643 817 4716 edueati,
828 4647 858 4699 et
868 4643 945 4700 cclcc
957 4641 1051 4716 bema,
1062 4641 1153 4699 Marc.
1165 4659 1195 4697 x.
1212 4641 1258 4714 18,
1267 4640 1337 4717 quie

133 4722 197 4783 lulis
208 4733 255 4783 cet
269 4721 461 4800 origimlitcr,
476 4721 611 4799 perlecto,
626 4729 656 4782 et
668 4720 894 4796 immutabiliter,
909 4720 961 4781 ced
981 4721 1067 4780 etiem
1079 4723 1170 4784 retae
1182 4727 1210 4778 et
1227 4721 1334 4779 rotin-
