3160 5194
510 378 642 426 oaarro
659 365 847 426 susannis(
1219 359 1272 422 xlr

84 540 200 618 rideret,
218 539 299 618 Quid
313 541 477 624 plangitist
494 543 612 616 aiebat;
629 543 680 606 ria
693 543 769 607 lethi
785 543 925 606 omnibus
935 541 1100 616 calcanda;
1125 561 1187 605 non
1204 541 1271 605 haec

83 639 140 702 rita
154 660 242 720 quam
255 640 390 704 uiuimus
405 641 470 704 rita
484 647 542 718 est,
558 649 592 705 at
607 642 681 705 mali
697 643 838 718 taberna,
856 661 999 706 curarum
1012 661 1108 723 mare,
1126 640 1273 722 palaestra

82 738 184 813 luctus,
198 740 293 802 fomes
311 738 436 818 doloris,
454 761 533 804 mors
550 761 644 804 mera.
697 739 776 804 Vita
791 761 853 821 qua
870 740 1001 822 jamjam
1021 741 1108 803 fruar
1133 739 1199 803 sola
1215 738 1272 802 hoc

82 835 146 898 rita
160 836 281 900 nomine
298 837 395 919 digna
408 847 476 912 est;
503 840 529 902 0
546 841 670 920 quando
686 845 719 903 te
734 840 883 915 deseram,
894 838 1129 904 contubernium
1144 837 1228 914 mali,
1238 844 1271 901 et

83 934 221 998 officinam
236 935 386 1012 tristium,
404 938 525 1017 quando
547 939 661 1002 mortis.
684 939 745 1002 isto
770 957 898 1019 corpore
916 938 1076 1013 dissolvar,
1093 957 1130 1001 ac
1144 936 1204 1001 mei
1218 956 1272 1018 pe

83 1039 153 1107 tens,
169 1033 353 1114 Christoque
365 1037 493 1115 junctus
508 1039 650 1118 perfruor
665 1037 816 1101 beatitate
832 1037 973 1117 perpeti!

125 1131 252 1196 mmm
268 1133 362 1197 unice
377 1133 523 1199 dilectum
538 1137 596 1200 hac
619 1136 669 1200 die
696 1135 837 1216 pluribus
859 1134 1009 1198 allocutus
1034 1141 1093 1212 est,
1111 1140 1144 1198 et
1159 1140 1274 1215 praeter

82 1228 162 1292 uaria
175 1251 239 1310 qua
254 1231 317 1312 ipsi
335 1232 484 1313 injunxit,
501 1241 633 1315 quatuor
648 1235 714 1300 haec
729 1234 880 1314 imprimis
905 1233 1106 1314 prescripsit,
1125 1232 1272 1297 Ecclesiae

83 1327 139 1388 Dei
155 1349 261 1406 curam,
278 1330 306 1392 si
332 1330 497 1411 aliquando
522 1333 562 1396 ad
586 1353 706 1398 sacrum
722 1339 884 1396 uocaretur
899 1330 1118 1409 Ministerium,
1134 1330 1274 1396 veritatis

84 1444 213 1504 amorem,
230 1429 441 1494 humilitatem
466 1439 499 1495 et
524 1432 708 1495 charitatem
720 1452 728 1505 ;
757 1431 802 1494 Et
827 1451 896 1495 cum
922 1431 989 1511 ejus
1014 1431 1095 1494 lecto
1117 1429 1276 1510 proximus

85 1524 233 1603 adstarem,
248 1547 299 1591 me
325 1528 367 1590 ad
393 1548 469 1609 opus
484 1530 610 1593 Domini
624 1530 728 1594 verbis
743 1529 974 1610 pregnantibus
989 1531 1132 1592 hortatus
1147 1534 1205 1610 est,
1222 1527 1277 1590 sli-

86 1641 152 1701 aque
177 1623 208 1686 in
232 1626 391 1690 mandatis
419 1627 601 1708 deditque
626 1629 754 1691 memori
778 1626 910 1692 recolam
937 1635 1050 1705 mente,
1068 1628 1140 1691 dum
1168 1625 1277 1690 vitales

86 1719 181 1784 ducam
204 1723 347 1803 spiritus,
365 1725 420 1789 sed
445 1747 513 1806 quae
539 1747 604 1806 pre
630 1726 735 1791 dolore
753 1727 869 1790 referre
885 1747 967 1790 nunc
985 1747 1045 1790 non
1063 1725 1160 1790 valeo.
1211 1723 1276 1788 Sub

87 1837 228 1899 vesperam
244 1821 329 1886 sires
355 1823 511 1888 labascere
525 1825 598 1890 risse
615 1831 698 1901 sunt,
724 1825 844 1890 monuit
868 1833 972 1888 mmen
988 1845 1021 1889 se
1037 1826 1095 1888 hac
1111 1829 1203 1888 necte
1217 1844 1279 1887 uon

87 1917 263 1997 monturum,
291 1921 351 1986 sed
375 1923 475 1988 adhuc
502 1923 602 1987 lucem
632 1923 693 1986 diei
710 1923 866 2002 sequentis
890 1923 1038 1986 visurum.
1088 1921 1280 1985 Mirabamur

87 2033 178 2080 omnes
192 2017 259 2098 ejus
275 2019 310 2082 in
337 2021 471 2085 ferendis
488 2021 646 2086 doloribus
667 2021 869 2101 patientiam
896 2021 922 2083 si
949 2019 1073 2100 quando
1097 2020 1178 2083 enim
1195 2019 1279 2082 dolo-

88 2131 144 2176 rem
158 2135 227 2180 voce
251 2117 384 2198 querula
399 2121 538 2184 acerbius
553 2122 728 2196 accusabat,
754 2139 827 2182 mox
849 2119 889 2181 ad
911 2137 945 2182 se
960 2118 1069 2182 statim
1093 2117 1223 2191 redibat,
1249 2124 1282 2181 et

88 2209 118 2272 in
138 2215 238 2279 mediis
257 2216 450 2281 cruciatibus
466 2225 628 2300 paternam
644 2217 705 2280 Dei
730 2216 922 2300 praedicabat
944 2215 1195 2280 misericordiam.
1226 2216 1281 2279 Ad

90 2306 155 2374 lucis
176 2313 281 2392 prime
310 2336 455 2379 auroram
479 2317 598 2381 instare
622 2321 745 2397 tempus
771 2336 834 2379 suae
859 2319 1016 2386 creatorae
1036 2314 1179 2396 agnovit3
1206 2315 1279 2380 Jam

92 2411 198 2490 tempus
212 2420 269 2489 est,
295 2413 411 2494 inquit,
436 2421 473 2477 ut
497 2423 563 2479 ate
579 2415 740 2498 sejungar!
793 2414 944 2478 Odurum
962 2413 1146 2478 diuortium!
1199 2414 1280 2492 Quid

88 2506 122 2567 ad
143 2508 203 2574 haec
215 2513 432 2592 responderim
456 2534 496 2577 ne
512 2514 698 2594 expectetis;
724 2533 785 2578 rex
809 2513 902 2590 nulla,
927 2515 1156 2596 lachrymarum
1171 2512 1280 2578 imber.

90 2603 164 2670 'lunc
184 2611 319 2674 accessit
342 2610 525 2692 Magnificus
550 2612 643 2693 hujus
666 2611 812 2675 Athenaei
840 2611 968 2688 Rector,
992 2607 1135 2676 Michee'l
1152 2611 1282 2676 Terret-

91 2705 169 2780 t'aua,
185 2707 406 2772 dilectissimus
421 2710 559 2774 defuncti
584 2717 743 2791 cognatus,
760 2710 948 2791 Linguarum
964 2709 1168 2774 Orientalium
1191 2710 1283 2774 meri-

90 2799 212 2868 tissimus
227 2805 402 2883 Professor,
420 2807 562 2872 Hebraeae
589 2808 681 2872 decus
699 2808 870 2884 Cathedrae,
886 2808 1083 2892 dignissimus
1108 2809 1201 2890 hujus
1219 2811 1281 2873 Ec-

92 2897 178 2963 clesia
199 2904 325 2970 Pastor.
378 2905 430 2968 Illi
456 2907 562 2970 multis
578 2907 680 2969 serbis
705 2913 841 2970 testatus
866 2913 915 2972 est
943 2913 1060 2987 quanta
1085 2914 1279 2987 peccatorum

94 2999 259 3075 penitentia
275 3004 459 3080 duceretur;
486 3005 597 3084 quibus
613 3005 734 3068 addidit
751 3025 784 3069 se
794 3012 898 3068 tamen
911 3005 1081 3069 deillorum
1093 3005 1282 3080 remissione,

94 3113 123 3157 sc
134 3097 168 3160 de
181 3101 227 3162 sui
241 3101 415 3166 Salvatoris
428 3102 638 3167 misericordia
655 3103 813 3168 dubitasse
833 3123 1000 3184 nunquam,
1018 3122 1051 3166 se
1067 3103 1148 3165 hanc
1164 3102 1283 3165 miseri·

97 3195 214 3260 cordiam
223 3206 295 3264 toto
312 3207 439 3280 pectore
454 3201 607 3281 amplecti,
624 3201 853 3281 supplicemque
864 3221 884 3262 a
898 3200 967 3263 Deo
982 3206 1099 3279 petere,
1116 3207 1153 3261 ut
1169 3197 1285 3282 Unige-

97 3289 146 3353 niti
159 3295 201 3357 sui
216 3298 368 3379 sanguine
380 3299 562 3362 mundatum
572 3299 612 3362 ad
623 3299 732 3362 beatas
743 3299 832 3362 sedes
842 3305 1001 3374 evocaret3
1019 3297 1087 3380 Ipsi
1101 3297 1281 3377 Ecclesiam,

99 3387 293 3472 Academiam,
311 3396 469 3477 filiumque
486 3397 730 3471 commendarim
757 3396 935 3479 rogavitque
952 3404 988 3461 ut
1004 3417 1060 3462 suo
1076 3397 1198 3461 nomine
1215 3396 1284 3462 Ve-

98 3491 246 3556 nerandum
272 3494 461 3575 Synedrium
486 3496 646 3573 salutaret,
665 3499 855 3576 referretque
880 3517 913 3559 se
937 3496 970 3558 in
996 3517 1142 3576 ecquam
1163 3517 1284 3576 semper

99 3581 258 3654 defenderat
275 3599 311 3656 et
327 3593 449 3673 publice
474 3593 621 3658 docuerat
642 3596 720 3657 mori
737 3595 806 3672 fide,
831 3594 1008 3672 credidisse,
1034 3596 1170 3671 credere,
1190 3601 1223 3658 et
1243 3595 1283 3658 ad

100 3679 177 3746 finem
199 3709 295 3770 usque
311 3691 518 3768 crediturum
536 3693 655 3755 hortari
673 3692 810 3769 Fratres,
836 3701 872 3758 ut
888 3693 998 3773 positis
1022 3693 1164 3756 omnibus
1179 3693 1283 3757 simul-

102 3781 210 3860 tatibus,
222 3789 338 3852 sedatis
352 3790 523 3868 affectibus,
538 3790 607 3872 pari
623 3790 849 3871 conspiratione
864 3791 1035 3854 animorum
1050 3799 1084 3854 et
1099 3791 1282 3865 studiorum,

101 3893 164 3954 0111111
179 3881 301 3950 Domini
317 3895 510 3969 peragerent,
534 3889 633 3952 unicae
649 3889 772 3952 veritati
789 3890 927 3969 litantes,
945 3908 1155 3966 memoresque
1178 3894 1284 3949 essent

103 3983 250 4047 communis
264 3985 347 4060 fidei,
364 3985 505 4062 nominis,
522 3986 649 4063 ordinis,
675 3987 871 4062 characteris,
886 3987 989 4061 officii,
1011 4005 1047 4047 ac
1060 3983 1185 4046 taudem
1202 4002 1283 4045 com-

103 4074 189 4140 munis
203 4081 409 4160 mortalitatis,
433 4083 577 4164 illiusque
601 4105 753 4166 supremae
777 4085 849 4160 dici,
867 4104 929 4163 qua
944 4083 1154 4160 unusquisque
1180 4100 1283 4144 coram

106 4165 204 4238 Christi
228 4181 374 4244 tribunali
390 4201 453 4244 suaa
473 4183 710 4264 dispensationis
726 4183 878 4247 rationem
891 4179 1071 4242 redditurus
1085 4186 1144 4244 est.
1196 4177 1283 4243 Com-

106 4271 242 4339 mendarit
252 4277 437 4343 Venerando
445 4280 580 4345 Domino
588 4281 771 4356 Bernardo,
780 4299 838 4360 pro
850 4277 966 4340 Christi
975 4296 1068 4341 causa
1081 4277 1174 4354 exuli,
1186 4280 1283 4342 omni-

107 4361 155 4426 bus
180 4370 262 4438 bouis
286 4376 426 4459 colendo,
443 4398 507 4442 suaa
524 4379 672 4444 Ecclesiae
693 4377 821 4441 miseras
847 4373 1003 4454 reliquias,
1029 4375 1170 4440 omnibus
1195 4380 1285 4442 nobis

111 4457 236 4532 Ecclesia
252 4473 367 4537 Christi
384 4495 498 4553 euram,
516 4484 550 4542 et
566 4474 736 4542 clarissimo
752 4476 870 4538 Marco
884 4475 1056 4552 Mactata,
1072 4474 1284 4556 Vigilantissi-

111 4573 152 4620 1110
172 4571 202 4627 et
222 4570 395 4635 fidelissimo
411 4574 542 4650 Pastori,
569 4571 819 4654 conjunctissimo
841 4572 1032 4648 consobrino,
1058 4575 1161 4636 fausta
1184 4575 1287 4637 omnia

110 4655 233 4730 allituitus
245 4677 389 4749 precatus
403 4679 460 4737 cst.
513 4671 545 4736 N
547 4693 587 4738 on
601 4671 770 4747 morientis,
788 4669 842 4736 sed
857 4670 1080 4753 triumphantis
1097 4670 1216 4732 vultum
1232 4670 1286 4732 ha-
