3174 5174
248 349 307 406 516
707 362 798 406 cocus
812 359 956 405 ocrnvus.
1276 340 1410 422 [eumer.
1427 362 1463 404 rr.

248 505 278 564 in
293 503 439 565 Christum
453 509 577 583 estpars
590 511 619 564 et
633 504 751 581 species,
766 523 832 582 qua
845 503 1008 564 continetur
1021 499 1076 561 sub
1088 500 1205 562 notione
1227 502 1356 580 generali
1375 503 1462 563 fidei.

250 584 407 662 Accepisse
429 592 524 644 eutem
543 584 621 642 vires
635 584 771 642 credendi
784 585 863 642 omni
877 585 933 642 Dei
947 581 1055 655 verbo,
1070 590 1150 658 patet
1162 602 1201 641 ex
1213 582 1390 659 perfectione
1404 603 1461 642 na-

249 672 330 740 tura,
340 666 370 722 in
384 685 442 742 qua
450 665 582 723 conditus
596 672 655 724 cst:
677 664 752 723 Nam
761 664 812 740 qui
825 663 950 741 perfecte
965 669 1081 720 sanctus
1095 670 1148 736 est,
1159 662 1355 720 omnimodam
1368 662 1463 721 fidem

249 754 278 803 et
292 743 483 803 obedientiam
509 743 572 802 Dec
596 752 732 820 praestare
747 750 868 818 tenetur,
884 743 956 802 elias
969 741 1100 800 defectus
1113 741 1219 819 aliquis
1233 740 1264 799 iu
1277 761 1313 801 eo
1329 741 1463 819 daretur,

249 825 318 900 quia
331 825 372 882 sic
386 842 444 881 non
458 822 602 882 credendo
617 823 674 881 Dei
694 823 793 882 Verbo
808 842 839 880 se
860 821 1015 896 infidelem,
1033 839 1125 898 coque
1145 841 1205 880 non
1218 821 1373 898 integrum,
1390 842 1464 900 pro·

248 904 354 962 basset
397 902 509 966 Deinde
532 903 557 961 si
581 922 639 960 non
661 902 802 980 potuisset
815 901 940 976 credere,
963 900 994 958 id
1015 899 1081 960 ideo
1102 900 1210 959 laetum
1224 911 1310 975 esset,
1326 901 1373 959 vel
1387 903 1466 978 quia

247 981 411 1042 intellectus
425 982 522 1058 aliquo
536 1001 631 1040 errore
645 991 819 1058 excoecatus,
830 990 859 1040 et
868 981 1002 1041 voluntas
1016 980 1113 1056 aliqua
1125 980 1285 1040 rebellione
1298 981 1466 1058 praepedita

247 1061 369 1121 fuisset:
392 1061 451 1121 Sed
463 1069 598 1120 neutrum
611 1061 670 1120 dici
689 1070 785 1138 potest
805 1061 841 1120 de
861 1060 978 1119 homine
993 1069 1100 1134 sancto,
1123 1068 1153 1119 et
1176 1059 1214 1118 ad
1227 1060 1384 1138 imaginem
1401 1061 1465 1120 Dei

248 1141 374 1200 condito.
424 1142 546 1200 Frustra
571 1141 708 1201 Cor-nima
731 1150 889 1218 argutantur,
912 1140 1060 1198 Adamum
1082 1139 1160 1198 vires
1181 1139 1299 1216 quidem
1320 1139 1465 1198 credendi

249 1221 327 1279 omni
350 1221 405 1279 Dei
430 1221 530 1280 Verbo
554 1221 681 1280 revelato
695 1220 840 1296 habuisse,
857 1219 908 1278 sed
922 1220 1001 1296 quod
1014 1219 1170 1295 pertineret
1183 1219 1222 1277 ad
1242 1218 1338 1278 loedus
1351 1219 1462 1297 legale,

247 1320 306 1358 nou
327 1320 398 1359 vero
420 1300 458 1359 ad
481 1300 575 1360 loedus
590 1299 808 1378 Evangelicum,
831 1299 900 1377 quic
921 1301 976 1358 hoc
999 1298 1109 1356 homini
1122 1299 1237 1376 integro
1250 1299 1384 1358 absolute
1399 1319 1464 1358 nou

248 1381 303 1441 fuit
316 1380 453 1438 credibile
475 1380 536 1439 sine
550 1380 785 1440 contradictione.
828 1381 865 1438 R.
888 1379 963 1453 Quia
983 1378 1052 1436 licet
1076 1377 1207 1437 Verbum
1226 1378 1382 1456 Evangelii
1397 1399 1463 1438 non

248 1459 334 1519 suerit
348 1459 493 1535 credibile,
518 1468 551 1519 ut
564 1460 757 1519 necessarium
779 1467 808 1518 et
830 1459 955 1518 salutm
968 1477 1020 1536 pro
1034 1465 1112 1532 tuno,
1137 1458 1177 1516 id
1198 1459 1230 1517 iu
1244 1466 1323 1518 statu
1336 1459 1463 1537 integri-

248 1539 326 1614 tatis,
340 1540 435 1617 potuit
447 1548 545 1599 tamen
558 1559 621 1599 esse
635 1538 773 1598 credibile
786 1547 919 1616 respectu
932 1538 1070 1615 temporis
1082 1537 1180 1614 futuri,
1196 1537 1275 1615 quod
1290 1547 1464 1600 secuturum

248 1629 325 1678 esset
349 1621 413 1696 ejus
433 1619 556 1697 lapsum,
580 1618 606 1678 ai
628 1619 709 1678 Deus
729 1619 772 1676 illi
786 1639 852 1677 eum
866 1617 1040 1694 revelasset3
1062 1625 1095 1676 ut
1110 1617 1198 1676 Petro
1211 1618 1359 1677 revelatus
1372 1627 1421 1678 est
1441 1639 1464 1678 a

248 1698 363 1756 Christo
385 1698 484 1775 lapsus
507 1698 579 1776 ejus,
599 1706 708 1777 etpost
721 1698 835 1775 lapsum
848 1697 1028 1757 resurrectio.
1070 1695 1185 1756 Deinde
1199 1697 1224 1756 ei
1238 1697 1375 1756 credibile
1396 1717 1462 1758 nou

245 1775 300 1836 fuit
315 1777 508 1854 Evangelium
518 1797 571 1855 pro
585 1785 662 1836 etatu
674 1777 858 1856 integritatis,
873 1777 929 1836 hoc
942 1795 1001 1835 non
1015 1775 1160 1836 oriebatur
1173 1796 1211 1836 ex
1225 1776 1341 1837 defectu
1354 1787 1460 1856 poten-

247 1857 304 1922 tiae,
320 1855 372 1915 sed
385 1865 499 1916 tantum
512 1857 698 1916 revelationis
712 1857 829 1935 objecti.

288 1935 344 1995 IV.
366 1941 394 1996 2.
411 1937 485 2011 Quia
505 1945 572 1996 ante
584 1937 699 2015 lapsum
713 1937 814 1996 habuit
827 1936 986 2014 potentiam
1000 1935 1116 1994 amandi
1130 1936 1234 2011 Deum,
1250 1935 1336 2013 eique
1349 1936 1379 1994 in
1394 1956 1459 1996 om·

246 2015 333 2075 nibus
347 2016 542 2093 obsequendi3
564 2015 658 2075 Amor
677 2017 754 2076 enim
772 2015 859 2076 fidem
884 2015 1028 2092 supponit,
1044 2035 1108 2092 quae
1121 2035 1189 2093 pars
1203 2025 1248 2074 est
1261 2016 1458 2095 obedieutioe;

247 2095 322 2154 Nam
337 2096 387 2172 qui
397 2095 518 2174 jubetur
531 2115 569 2155 ex
583 2097 663 2174 Lege
684 2115 780 2155 amare
797 2097 900 2171 Deum,
923 2103 952 2154 et
966 2095 994 2154 ei
1007 2095 1213 2172 obtemperare,
1231 2095 1354 2174 jubetur
1367 2097 1458 2156 ctiam

246 2175 274 2234 ei
287 2174 404 2234 credere
425 2175 564 2252 loquenti.
606 2177 667 2234 Nec
688 2176 769 2238 valet
781 2175 859 2252 quod
873 2174 1023 2251 excipitur,
1048 2175 1135 2233 aliam
1149 2193 1213 2233 csse
1223 2175 1383 2251 potean
1397 2195 1459 2254 qua

247 2255 311 2313 Deo
325 2253 459 2329 creditur,
473 2256 559 2313 eliam
573 2274 631 2332 qua
645 2254 769 2331 Christo,
785 2255 853 2332 quia
864 2254 994 2313 Verbum
1009 2253 1099 2331 Legis
1112 2262 1142 2313 et
1156 2253 1313 2330 Evangelii
1327 2263 1388 2314 toto
1403 2277 1458 2334 ge·

245 2353 313 2392 nere
328 2341 396 2391 aunt
410 2333 561 2410 opposite3
584 2344 614 2393 et
627 2334 657 2392 in
672 2335 752 2412 Lege
766 2335 934 2394 mandatum
948 2353 1012 2392 esse
1030 2333 1156 2410 quidem,
1175 2341 1209 2392 ut
1224 2333 1321 2394 Deum
1335 2345 1457 2412 amaret,

244 2419 274 2470 et
287 2410 315 2468 ei
329 2411 543 2487 obsequeretur,
560 2413 612 2471 sed
625 2421 737 2472 tantum
751 2433 804 2491 pro
818 2415 930 2473 ratione
951 2421 1050 2488 statim
1076 2413 1179 2490 inquo
1203 2431 1256 2490 per
1278 2415 1458 2474 creationem

244 2489 418 2549 constitutus
429 2499 498 2565 erat,
513 2499 547 2549 ut
561 2491 726 2550 Creatorem
740 2512 825 2551 suum
838 2493 954 2567 coleret,
974 2513 1033 2552 non
1047 2492 1077 2550 in
1091 2513 1148 2570 quc
1162 2511 1214 2570 per
1226 2493 1460 2571 redemptionem

243 2569 298 2628 luit
311 2568 515 2644 restituendus,
530 2577 563 2629 ut
577 2571 607 2628 iu
620 2590 686 2629 cum
700 2572 839 2632 crederet.
882 2572 957 2647 Quia
969 2573 1037 2632 licet
1051 2572 1147 2649 quoad
1160 2573 1314 2632 formulam
1327 2574 1459 2651 peculia-

242 2667 303 2707 rem
318 2646 451 2708 differant
465 2648 540 2708 inter
553 2668 584 2708 se
600 2650 664 2708 Lex
677 2659 707 2710 et
721 2651 934 2728 Evangelium;
957 2653 1133 2711 conveniunt
1152 2659 1250 2710 tamen
1263 2651 1294 2710 in
1308 2673 1353 2728 co,
1375 2655 1461 2731 quod

243 2727 302 2786 siut
315 2747 353 2786 ex
363 2747 446 2804 raquo
457 2726 588 2788 Verbum
597 2729 662 2806 Dei,
678 2739 765 2808 atque
779 2731 853 2790 adeo
865 2731 935 2790 fidei
947 2739 1053 2790 nostrae
1066 2731 1222 2810 objectum,
1237 2739 1267 2790 et
1279 2731 1460 2794 obedientia

243 2825 352 2866 norma.
376 2806 462 2867 Unde
476 2808 526 2885 qui
540 2816 655 2868 tenetur
668 2810 785 2870 credere
800 2811 864 2870 Deo
878 2810 1008 2888 loquenti
1022 2811 1051 2869 in
1067 2811 1155 2888 Lege,
1177 2819 1207 2869 ct
1221 2811 1298 2870 vires
1311 2811 1403 2872 habet
1418 2814 1460 2872 ad
1583 2811 1584 2817 '

243 2886 275 2946 id
289 2885 471 2963 sufficientes,
486 2896 585 2966 posset
598 2889 685 2948 etiam
706 2899 736 2949 et
755 2889 875 2949 deberet
894 2889 1010 2949 credere
1025 2889 1196 2967 Evangelio,
1213 2891 1237 2949 ei
1251 2890 1293 2948 illi
1306 2891 1458 2951 revelare-

242 2973 300 3106 pur.
342 2965 510 3107 Necptqarjor
530 2968 643 3048 concipi
657 2977 753 3048 potest
773 2987 854 3029 amor
866 2969 915 3028 vel
929 2969 1099 3046 obsequium
1119 2989 1154 3028 eo
1168 2969 1248 3048 quod
1260 2970 1291 3028 iu
1304 2969 1387 3048 Lege
1401 2991 1458 3032 no-

264 3065 419 3125 rsprsec1pr
469 3091 475 3108 .

285 3126 323 3185 V.
345 3127 452 3202 Tertio,
468 3125 578 3205 Angeli
592 3127 698 3207 integri
721 3149 760 3188 ex
780 3128 955 3188 revelatione
977 3128 1034 3188 Dei
1054 3136 1253 3206 cognoverunt
1274 3127 1457 3208 Redempto-
1578 3185 1579 3194 ,

242 3224 304 3264 rem
318 3206 491 3281 promissum
502 3226 555 3266 suo
566 3217 694 3286 tempore
708 3208 912 3283 exhibendum,
924 3215 954 3266 et
967 3227 1002 3266 eo
1016 3207 1111 3284 gavisi
1122 3217 1197 3282 sunt,
1212 3211 1227 3266 l
1241 3209 1305 3268 Pet.
1318 3209 1337 3266 i.
1349 3213 1456 3286 11‚12,

242 3291 273 3341 et
287 3283 362 3361 Eph.
377 3283 418 3342 iii.
436 3287 482 3344 10.
525 3285 605 3362 Ergo
626 3287 712 3346 homo
735 3288 767 3345 in
788 3296 866 3346 statu
879 3287 1053 3363 integritatis
1066 3288 1209 3364 potuisset
1222 3307 1259 3345 ex
1273 3289 1457 3350 revelatione
1576 3339 1577 3342 ,

243 3360 299 3417 Dei
313 3380 488 3435 cognoscere
502 3362 630 3422 futurum
645 3365 868 3443 Redemptorenr
889 3386 907 3425 a
926 3366 1018 3442 lapsu,
1040 3374 1070 3425 et
1083 3367 1114 3424 in
1127 3367 1223 3444 ipsum
1236 3367 1374 3445 credere,
1398 3369 1456 3428 Ea·

241 3437 308 3495 dem
322 3439 398 3495 enim
412 3448 457 3498 eat
470 3442 624 3518 utrobique
638 3445 721 3504 ratio.

282 3515 338 3574 VI.
361 3516 478 3592 Quarto,
494 3519 566 3592 Quae
587 3529 631 3580 eat
651 3523 725 3580 ratio
745 3522 958 3597 misericordie,
973 3523 1159 3601 poenitentiae,
1175 3532 1205 3583 et
1223 3525 1345 3584 aliarum
1360 3525 1455 3587 virtu·

240 3603 303 3654 tum
316 3594 348 3653 in
361 3603 439 3654 statu
453 3597 635 3673 integritatis,
658 3600 759 3659 eadem
773 3609 803 3659 et
815 3602 884 3662 fidei
898 3603 928 3660 in
944 3603 1175 3681 Redemptorem,
1196 3605 1266 3681 quia
1279 3605 1338 3663 ille
1352 3615 1454 3666 actua·
1572 3671 1573 3674 ,

240 3675 308 3734 liter
320 3683 455 3753 accepta,
475 3695 534 3734 non
548 3677 643 3738 minus
656 3687 818 3756 repugnant
833 3683 922 3741 statui
935 3683 1117 3760 integritatis,
1142 3701 1230 3759 quam
1244 3683 1318 3742 tides
1338 3685 1370 3742 in
1395 3687 1453 3745 Re-

242 3754 437 3832 demp'torem3
460 3755 503 3814 At
523 3775 608 3816 nemo
630 3777 736 3837 negare
758 3766 855 3836 potest
878 3760 1023 3822 hominem
1047 3761 1192 3838 integrum
1216 3762 1347 3840 potuisse
1375 3765 1453 3824 affici

241 3833 438 3892 misericordia
452 3843 481 3894 et
494 3837 671 3913 paenitentia,
687 3838 872 3916 siobjcctum
887 3841 1036 3918 utriusque
1048 3840 1093 3898 illi
1106 3841 1237 3900 oblatum
1250 3841 1364 3902 fuisset.
1397 3845 1452 3902 Er-

241 3931 281 3989 go
295 3921 324 3972 et
337 3913 432 3990 potuit
444 3913 551 3974 habere
564 3915 651 3976 fidem
664 3917 696 3976 in
710 3918 865 3994 Christum,
881 3919 905 3978 si
919 3918 963 3977 illi
975 3919 1148 3997 predicatus
1161 3919 1273 3980 fuisset

546 3995 621 4054 VII.
643 3997 709 4056 Nou
731 3995 797 4055 ideo
811 3997 936 4057 dicenda
959 3997 1121 4058 frustranea
1144 3999 1196 4058 illa
1216 4000 1357 4077 potentia,
1385 4021 1453 4080 que

281 4054 453 4157 quppplpplu-
503 4093 562 4132 non
576 4085 709 4134 versatur
722 4075 799 4134 circa
813 4077 937 4154 speciale
948 4077 1067 4154 aliquod
1080 4079 1227 4156 objectum
1241 4078 1280 4137 ed
1293 4081 1375 4140 illias
1390 4101 1451 4140 anr-

503 4152 597 4212 bitum
610 4155 766 4231 pertinens,
781 4155 851 4232 quia
858 4165 954 4233 potest
962 4157 1069 4216 habere
1079 4157 1137 4216 alie
1147 4159 1231 4236 plura
1241 4157 1360 4236 objecta
1373 4162 1452 4220 circa

240 4248 306 4306 quae
320 4239 485 4308 occupatur,
501 4241 531 4289 et
545 4233 622 4292 vires
641 4253 700 4292 non
721 4253 835 4311 semper
847 4235 947 4294 insunt
959 4243 1070 4295 naturas
1083 4245 1201 4314 propter
1214 4239 1388 4298 exercitium
1402 4260 1451 4299 ac·

241 4316 298 4380 tus,
322 4307 374 4366 sed
396 4329 473 4387 sape
493 4319 611 4388 propter
631 4313 836 4390 perlectionem
857 4323 984 4390 nattum
1015 4315 1057 4375 Ut
1078 4316 1173 4375 virtus
1193 4317 1401 4378 misericordiae
1421 4329 1452 4378 et

241 4385 398 4478 charitatis,
410 4408 469 4447 non
483 4387 539 4448 fuit
559 4391 671 4449 inutilis
691 4392 721 4448 in
736 4391 852 4451 Adamo
873 4393 996 4470 integro,
1011 4394 1080 4454 dum
1103 4395 1177 4454 nulli
1197 4405 1280 4455 erant
1299 4397 1400 4456 miseri
1421 4408 1453 4458 et

240 4480 334 4592 qunr,
350 4483 419 4597 qipa
433 4466 579 4560 Adamum
594 4469 770 4562 perficiebat.
802 4472 851 4530 Ita
864 4473 992 4566 pptentia
1005 4473 1142 4534 credendi
1155 4493 1214 4533 non
1228 4475 1284 4533 fuit
1297 4475 1451 4535 sturmin

229 4552 547 4687 ,rttrttttt
561 4556 678 4702 alili,
693 4549 1227 4710 iillirdb'ssiluffslicliiiiil
1243 4564 1453 4695 tttptttt‘
