<?xml version="1.0" encoding="UTF-8"?>
<!DOCTYPE html PUBLIC "-//W3C//DTD XHTML 1.0 Transitional//EN"
    "http://www.w3.org/TR/xhtml1/DTD/xhtml1-transitional.dtd">
<html xmlns="http://www.w3.org/1999/xhtml" xml:lang="en" lang="en">
 <head>
  <title>
</title>
<meta http-equiv="Content-Type" content="text/html;charset=utf-8" />
  <meta name='ocr-system' content='tesseract 3.04.00' />
  <meta name='ocr-capabilities' content='ocr_page ocr_carea ocr_par ocr_line ocrx_word'/>
</head>
<body>
  <div class='ocr_page' id='page_1' title='image "./francisciturret01pictgoog_0554.png"; bbox 0 0 3174 5174; ppageno 0'>
   <div class='ocr_carea' id='block_1_1' title="bbox 6 339 1327 436">
    <p class='ocr_par' dir='ltr' id='par_1_1' title="bbox 6 339 1327 436">
     <span class='ocr_line' id='line_1_1' title="bbox 6 339 1327 436; baseline -0.001 -19"><span class='ocrx_word' id='word_1_1' title='bbox 6 339 7 350; x_wconf 33' lang='lat'>¹</span> <span class='ocrx_word' id='word_1_2' title='bbox 126 373 242 426; x_wconf 71' lang='lat' dir='ltr'><strong>osser.</strong></span> <span class='ocrx_word' id='word_1_3' title='bbox 259 353 341 436; x_wconf 76' lang='lat' dir='ltr'><strong>vua]</strong></span> <span class='ocrx_word' id='word_1_4' title='bbox 627 373 666 414; x_wconf 87' lang='lat' dir='ltr'><strong>ne</strong></span> <span class='ocrx_word' id='word_1_5' title='bbox 681 373 817 416; x_wconf 78' lang='lat' dir='ltr'><strong>nsonnrs.</strong></span> <span class='ocrx_word' id='word_1_6' title='bbox 1269 359 1327 418; x_wconf 75' lang='lat'><strong>499</strong></span> 
     </span>
    </p>
   </div>
   <div class='ocr_carea' id='block_1_2' title="bbox 122 512 1326 675">
    <p class='ocr_par' dir='ltr' id='par_1_2' title="bbox 122 512 1326 675">
     <span class='ocr_line' id='line_1_2' title="bbox 122 512 1326 598; baseline -0.002 -21"><span class='ocrx_word' id='word_1_7' title='bbox 122 526 190 577; x_wconf 86' lang='lat' dir='ltr'><strong>sunt</strong></span> <span class='ocrx_word' id='word_1_8' title='bbox 203 515 349 598; x_wconf 65' lang='lat' dir='ltr'><strong>nugatum,</strong></span> <span class='ocrx_word' id='word_1_9' title='bbox 364 512 466 592; x_wconf 82' lang='lat' dir='ltr'><strong>quoles</strong></span> <span class='ocrx_word' id='word_1_10' title='bbox 480 521 547 572; x_wconf 87' lang='lat' dir='ltr'><strong>sunt</strong></span> <span class='ocrx_word' id='word_1_11' title='bbox 561 515 747 592; x_wconf 85' lang='lat' dir='ltr'><strong>Regulorum,</strong></span> <span class='ocrx_word' id='word_1_12' title='bbox 764 525 831 575; x_wconf 89' lang='lat' dir='ltr'><strong>sunt</strong></span> <span class='ocrx_word' id='word_1_13' title='bbox 844 520 932 596; x_wconf 64' lang='grc' dir='ltr'><strong>ὶςχκι,</strong></span> <span class='ocrx_word' id='word_1_14' title='bbox 949 535 1013 592; x_wconf 83' lang='lat' dir='ltr'><strong>qnae</strong></span> <span class='ocrx_word' id='word_1_15' title='bbox 1030 515 1224 592; x_wconf 74' lang='lat' dir='ltr'><strong>preficiuntur</strong></span> <span class='ocrx_word' id='word_1_16' title='bbox 1237 536 1255 574; x_wconf 87' lang='lat' dir='ltr'><strong>e</strong></span> <span class='ocrx_word' id='word_1_17' title='bbox 1269 517 1326 575; x_wconf 86' lang='lat' dir='ltr'><strong>Re·</strong></span> 
     </span>
     <span class='ocr_line' id='line_1_3' title="bbox 122 593 1326 675; baseline 0 -19"><span class='ocrx_word' id='word_1_18' title='bbox 122 597 211 675; x_wconf 83' lang='lat' dir='ltr'>gibus</span> <span class='ocrx_word' id='word_1_19' title='bbox 225 607 255 656; x_wconf 89' lang='lat' dir='ltr'><strong>et</strong></span> <span class='ocrx_word' id='word_1_20' title='bbox 270 595 402 673; x_wconf 85' lang='lat' dir='ltr'><strong>Regulis,</strong></span> <span class='ocrx_word' id='word_1_21' title='bbox 419 593 580 652; x_wconf 82' lang='lat' dir='ltr'><strong>Provinciis</strong></span> <span class='ocrx_word' id='word_1_22' title='bbox 594 603 623 654; x_wconf 88' lang='lat' dir='ltr'><strong>et</strong></span> <span class='ocrx_word' id='word_1_23' title='bbox 639 595 775 670; x_wconf 90' lang='lat' dir='ltr'><strong>Urbibus,</strong></span> <span class='ocrx_word' id='word_1_24' title='bbox 792 603 859 654; x_wconf 90' lang='lat' dir='ltr'><strong>sunt</strong></span> <span class='ocrx_word' id='word_1_25' title='bbox 870 596 993 672; x_wconf 88' lang='lat' dir='ltr'><strong>denique</strong></span> <span class='ocrx_word' id='word_1_26' title='bbox 1008 597 1120 671; x_wconf 67' lang='grc' dir='ltr'><strong>ἐξιυσιιυ,</strong></span> <span class='ocrx_word' id='word_1_27' title='bbox 1136 597 1326 673; x_wconf 73' lang='lat' dir='ltr'><strong>Magistratus</strong></span> 
     </span>
    </p>
   </div>
   <div class='ocr_carea' id='block_1_3' title="bbox 49 675 1431 753">
    <p class='ocr_par' dir='ltr' id='par_1_3' title="bbox 49 675 1431 753">
     <span class='ocr_line' id='line_1_4' title="bbox 49 675 1431 753; baseline -0.003 -15"><span class='ocrx_word' id='word_1_28' title='bbox 49 709 54 720; x_wconf 93' lang='lat'>·</span> <span class='ocrx_word' id='word_1_29' title='bbox 122 678 235 738; x_wconf 86' lang='lat' dir='ltr'><strong>scilicet</strong></span> <span class='ocrx_word' id='word_1_30' title='bbox 249 675 349 734; x_wconf 90' lang='lat' dir='ltr'><strong>infimo</strong></span> <span class='ocrx_word' id='word_1_31' title='bbox 363 675 426 732; x_wconf 92' lang='lat' dir='ltr'><strong>loco</strong></span> <span class='ocrx_word' id='word_1_32' title='bbox 441 675 602 749; x_wconf 82' lang='lat' dir='ltr'><strong>constituti,</strong></span> <span class='ocrx_word' id='word_1_33' title='bbox 614 675 663 752; x_wconf 92' lang='lat' dir='ltr'><strong>qui</strong></span> <span class='ocrx_word' id='word_1_34' title='bbox 684 676 770 734; x_wconf 83' lang='lat' dir='ltr'><strong>etiem</strong></span> <span class='ocrx_word' id='word_1_35' title='bbox 785 676 900 734; x_wconf 86' lang='lat' dir='ltr'><strong>nomine</strong></span> <span class='ocrx_word' id='word_1_36' title='bbox 914 677 1034 734; x_wconf 78' lang='lat' dir='ltr'><strong>Podeetb</strong></span> <span class='ocrx_word' id='word_1_37' title='bbox 1048 676 1126 753; x_wconf 83' lang='lat' dir='ltr'><strong>apud</strong></span> <span class='ocrx_word' id='word_1_38' title='bbox 1139 675 1231 736; x_wconf 75' lang='lat' dir='ltr'><strong>Italos</strong></span> <span class='ocrx_word' id='word_1_39' title='bbox 1244 679 1324 736; x_wconf 87' lang='lat' dir='ltr'><strong>veni·</strong></span> <span class='ocrx_word' id='word_1_40' title='bbox 1428 699 1431 710; x_wconf 56' lang='lat'><em>¹</em></span> 
     </span>
    </p>
   </div>
   <div class='ocr_carea' id='block_1_4' title="bbox 121 753 1328 1632">
    <p class='ocr_par' dir='ltr' id='par_1_4' title="bbox 121 753 1325 1070">
     <span class='ocr_line' id='line_1_5' title="bbox 121 753 1324 834; baseline -0.002 -16"><span class='ocrx_word' id='word_1_41' title='bbox 121 766 185 818; x_wconf 91' lang='lat' dir='ltr'><strong>unt.</strong></span> <span class='ocrx_word' id='word_1_42' title='bbox 208 757 287 816; x_wconf 87' lang='lat' dir='ltr'><strong>Hinc</strong></span> <span class='ocrx_word' id='word_1_43' title='bbox 302 775 371 832; x_wconf 88' lang='lat' dir='ltr'><strong>ergo</strong></span> <span class='ocrx_word' id='word_1_44' title='bbox 384 762 481 832; x_wconf 86' lang='lat' dir='ltr'><strong>potest</strong></span> <span class='ocrx_word' id='word_1_45' title='bbox 494 753 611 830; x_wconf 89' lang='lat' dir='ltr'><strong>quidem</strong></span> <span class='ocrx_word' id='word_1_46' title='bbox 625 755 723 832; x_wconf 81' lang='lat' dir='ltr'><strong>colligi</strong></span> <span class='ocrx_word' id='word_1_47' title='bbox 737 755 800 812; x_wconf 85' lang='lat' dir='ltr'><strong>dari</strong></span> <span class='ocrx_word' id='word_1_48' title='bbox 813 756 942 814; x_wconf 81' lang='lat' dir='ltr'><strong>ordinem</strong></span> <span class='ocrx_word' id='word_1_49' title='bbox 956 756 1081 834; x_wconf 75' lang='lat' dir='ltr'><strong>aliquem</strong></span> <span class='ocrx_word' id='word_1_50' title='bbox 1095 757 1170 815; x_wconf 89' lang='lat' dir='ltr'><strong>inter</strong></span> <span class='ocrx_word' id='word_1_51' title='bbox 1185 756 1324 834; x_wconf 75' lang='lat' dir='ltr'><strong>Angelos,</strong></span> 
     </span>
     <span class='ocr_line' id='line_1_6' title="bbox 123 832 1325 914; baseline 0 -17"><span class='ocrx_word' id='word_1_52' title='bbox 123 837 177 897; x_wconf 89' lang='lat' dir='ltr'><strong>sed</strong></span> <span class='ocrx_word' id='word_1_53' title='bbox 191 838 257 914; x_wconf 88' lang='lat' dir='ltr'><strong>quis</strong></span> <span class='ocrx_word' id='word_1_54' title='bbox 271 835 322 894; x_wconf 89' lang='lat' dir='ltr'><strong>ille</strong></span> <span class='ocrx_word' id='word_1_55' title='bbox 336 835 375 894; x_wconf 89' lang='lat' dir='ltr'><strong>sit</strong></span> <span class='ocrx_word' id='word_1_56' title='bbox 387 832 494 893; x_wconf 85' lang='lat' dir='ltr'><strong>exinde</strong></span> <span class='ocrx_word' id='word_1_57' title='bbox 504 833 617 896; x_wconf 85' lang='lat' dir='ltr'><strong>definiri</strong></span> <span class='ocrx_word' id='word_1_58' title='bbox 630 835 748 912; x_wconf 89' lang='lat' dir='ltr'><strong>nequit:</strong></span> <span class='ocrx_word' id='word_1_59' title='bbox 771 835 857 895; x_wconf 89' lang='lat' dir='ltr'><strong>Unde</strong></span> <span class='ocrx_word' id='word_1_60' title='bbox 872 836 1068 912; x_wconf 81' lang='lat' dir='ltr'><strong>nlibiPeulus,</strong></span> <span class='ocrx_word' id='word_1_61' title='bbox 1080 836 1154 914; x_wconf 88' lang='lat' dir='ltr'><strong>Eph.</strong></span> <span class='ocrx_word' id='word_1_62' title='bbox 1164 837 1193 910; x_wconf 93' lang='lat' dir='ltr'><strong>i.,</strong></span> <span class='ocrx_word' id='word_1_63' title='bbox 1209 838 1325 914; x_wconf 89' lang='lat' dir='ltr'><strong>neglec-</strong></span> 
     </span>
     <span class='ocr_line' id='line_1_7' title="bbox 122 913 1325 995; baseline -0.001 -18"><span class='ocrx_word' id='word_1_64' title='bbox 122 929 153 978; x_wconf 89' lang='lat' dir='ltr'><strong>to</strong></span> <span class='ocrx_word' id='word_1_65' title='bbox 168 937 255 995; x_wconf 88' lang='lat' dir='ltr'><strong>quem</strong></span> <span class='ocrx_word' id='word_1_66' title='bbox 277 916 325 974; x_wconf 92' lang='lat' dir='ltr'><strong>hic</strong></span> <span class='ocrx_word' id='word_1_67' title='bbox 350 915 480 992; x_wconf 86' lang='lat' dir='ltr'><strong>sequitur</strong></span> <span class='ocrx_word' id='word_1_68' title='bbox 501 913 611 990; x_wconf 87' lang='lat' dir='ltr'><strong>ordine,</strong></span> <span class='ocrx_word' id='word_1_69' title='bbox 626 915 757 974; x_wconf 86' lang='lat' dir='ltr'><strong>meminit</strong></span> <span class='ocrx_word' id='word_1_70' title='bbox 773 915 890 993; x_wconf 89' lang='lat' dir='ltr'><strong>quidem</strong></span> <span class='ocrx_word' id='word_1_71' title='bbox 904 916 1128 994; x_wconf 77' lang='lat' dir='ltr'><strong>Principataam,</strong></span> <span class='ocrx_word' id='word_1_72' title='bbox 1143 917 1325 992; x_wconf 75' lang='lat' dir='ltr'><strong>Potestatum,</strong></span> 
     </span>
     <span class='ocr_line' id='line_1_8' title="bbox 123 994 709 1070; baseline -0.003 -14"><span class='ocrx_word' id='word_1_73' title='bbox 123 997 367 1070; x_wconf 84' lang='lat' dir='ltr'><strong>Dominationam,</strong></span> <span class='ocrx_word' id='word_1_74' title='bbox 383 994 436 1054; x_wconf 90' lang='lat' dir='ltr'><strong>sed</strong></span> <span class='ocrx_word' id='word_1_75' title='bbox 448 1013 506 1054; x_wconf 93' lang='lat' dir='ltr'><strong>non</strong></span> <span class='ocrx_word' id='word_1_76' title='bbox 523 995 709 1054; x_wconf 74' lang='lat' dir='ltr'><strong>llrroaoram.</strong></span> 
     </span>
    </p>

    <p class='ocr_par' dir='ltr' id='par_1_5' title="bbox 121 1073 1328 1632">
     <span class='ocr_line' id='line_1_9' title="bbox 165 1073 1328 1155; baseline 0.003 -20"><span class='ocrx_word' id='word_1_77' title='bbox 165 1077 226 1135; x_wconf 84' lang='lat' dir='ltr'><strong>IX.</strong></span> <span class='ocrx_word' id='word_1_78' title='bbox 249 1077 353 1151; x_wconf 85' lang='lat' dir='ltr'><strong>Quum,</strong></span> <span class='ocrx_word' id='word_1_79' title='bbox 370 1073 492 1151; x_wconf 84' lang='lat' dir='ltr'><strong>Apocel.</strong></span> <span class='ocrx_word' id='word_1_80' title='bbox 508 1074 558 1132; x_wconf 83' lang='lat' dir='ltr'><strong>xii.</strong></span> <span class='ocrx_word' id='word_1_81' title='bbox 575 1079 602 1150; x_wconf 80' lang='lat'><strong>7,</strong></span> <span class='ocrx_word' id='word_1_82' title='bbox 618 1075 725 1134; x_wconf 88' lang='lat' dir='ltr'><strong>mentio</strong></span> <span class='ocrx_word' id='word_1_83' title='bbox 746 1075 779 1134; x_wconf 87' lang='lat' dir='ltr'><strong>fit</strong></span> <span class='ocrx_word' id='word_1_84' title='bbox 793 1077 940 1134; x_wconf 68' lang='lat' dir='ltr'><strong>Miebne&#39;lrb</strong></span> <span class='ocrx_word' id='word_1_85' title='bbox 961 1086 988 1135; x_wconf 88' lang='lat' dir='ltr'><strong>et</strong></span> <span class='ocrx_word' id='word_1_86' title='bbox 999 1077 1173 1152; x_wconf 66' lang='lat' dir='ltr'><strong>Angelorum</strong></span> <span class='ocrx_word' id='word_1_87' title='bbox 1193 1081 1259 1154; x_wconf 69' lang='lat' dir='ltr'><strong>ejtm</strong></span> <span class='ocrx_word' id='word_1_88' title='bbox 1276 1079 1328 1155; x_wconf 89' lang='lat' dir='ltr'><strong>qui</strong></span> 
     </span>
     <span class='ocr_line' id='line_1_10' title="bbox 121 1154 1325 1315; baseline 0 -17"><span class='ocrx_word' id='word_1_89' title='bbox 121 1154 832 1314; x_wconf 56' lang='lat' dir='ltr'><strong>ttttffltttttltttttlltttlttttl</strong></span> <span class='ocrx_word' id='word_1_90' title='bbox 844 1156 1325 1315; x_wconf 59' lang='lat' dir='ltr'><strong>ttltttttoeltlltt‘ttt·</strong></span> 
     </span>
     <span class='ocr_line' id='line_1_11' title="bbox 121 1314 1326 1395; baseline 0 -18"><span class='ocrx_word' id='word_1_91' title='bbox 121 1319 228 1393; x_wconf 85' lang='lat' dir='ltr'><strong>minus,</strong></span> <span class='ocrx_word' id='word_1_92' title='bbox 249 1316 302 1394; x_wconf 94' lang='lat' dir='ltr'><strong>qui</strong></span> <span class='ocrx_word' id='word_1_93' title='bbox 321 1322 365 1373; x_wconf 90' lang='lat' dir='ltr'><strong>est</strong></span> <span class='ocrx_word' id='word_1_94' title='bbox 378 1333 480 1372; x_wconf 81' lang='lat' dir='ltr'><strong>revera</strong></span> <span class='ocrx_word' id='word_1_95' title='bbox 499 1314 569 1372; x_wconf 74' lang='lat' dir='ltr'><strong>sieta</strong></span> <span class='ocrx_word' id='word_1_96' title='bbox 582 1316 669 1390; x_wconf 82' lang='lat' dir='ltr'><strong>Deus,</strong></span> <span class='ocrx_word' id='word_1_97' title='bbox 685 1315 748 1374; x_wconf 89' lang='lat' dir='ltr'><strong>sive</strong></span> <span class='ocrx_word' id='word_1_98' title='bbox 768 1334 820 1391; x_wconf 81' lang='lat' dir='ltr'><strong>per</strong></span> <span class='ocrx_word' id='word_1_99' title='bbox 841 1315 1000 1391; x_wconf 86' lang='lat' dir='ltr'><strong>Deo,an</strong></span> <span class='ocrx_word' id='word_1_100' title='bbox 1020 1323 1050 1375; x_wconf 91' lang='lat' dir='ltr'><strong>et</strong></span> <span class='ocrx_word' id='word_1_101' title='bbox 1064 1316 1202 1395; x_wconf 78' lang='lat' dir='ltr'><strong>Princeps</strong></span> <span class='ocrx_word' id='word_1_102' title='bbox 1216 1317 1326 1377; x_wconf 85' lang='lat' dir='ltr'><strong>milities</strong></span> 
     </span>
     <span class='ocr_line' id='line_1_12' title="bbox 121 1392 1326 1473; baseline 0 -16"><span class='ocrx_word' id='word_1_103' title='bbox 121 1397 259 1471; x_wconf 88' lang='lat' dir='ltr'><strong>coelestis,</strong></span> <span class='ocrx_word' id='word_1_104' title='bbox 270 1395 335 1455; x_wconf 89' lang='lat' dir='ltr'><strong>Jos.</strong></span> <span class='ocrx_word' id='word_1_105' title='bbox 349 1414 379 1453; x_wconf 84' lang='lat' dir='ltr'><strong>r.</strong></span> <span class='ocrx_word' id='word_1_106' title='bbox 393 1397 439 1468; x_wconf 83' lang='lat'><strong>13,</strong></span> <span class='ocrx_word' id='word_1_107' title='bbox 456 1392 495 1451; x_wconf 84' lang='lat' dir='ltr'><strong>Is.</strong></span> <span class='ocrx_word' id='word_1_108' title='bbox 510 1394 550 1452; x_wconf 85' lang='lat' dir='ltr'><strong>lv.</strong></span> <span class='ocrx_word' id='word_1_109' title='bbox 565 1397 594 1469; x_wconf 82' lang='lat'><strong>4,</strong></span> <span class='ocrx_word' id='word_1_110' title='bbox 610 1395 687 1456; x_wconf 89' lang='lat' dir='ltr'><strong>Heb.</strong></span> <span class='ocrx_word' id='word_1_111' title='bbox 702 1395 732 1453; x_wconf 87' lang='lat' dir='ltr'><strong>ii.</strong></span> <span class='ocrx_word' id='word_1_112' title='bbox 745 1397 791 1469; x_wconf 88' lang='grc'>10,</span> <span class='ocrx_word' id='word_1_113' title='bbox 807 1394 885 1471; x_wconf 91' lang='lat' dir='ltr'><strong>qnod</strong></span> <span class='ocrx_word' id='word_1_114' title='bbox 898 1397 1026 1473; x_wconf 77' lang='lat' dir='ltr'><strong>postidet</strong></span> <span class='ocrx_word' id='word_1_115' title='bbox 1040 1397 1191 1456; x_wconf 81' lang='lat' dir='ltr'><strong>antithesis</strong></span> <span class='ocrx_word' id='word_1_116' title='bbox 1210 1397 1326 1457; x_wconf 77' lang='lat' dir='ltr'><strong>cnloco</strong></span> 
     </span>
     <span class='ocr_line' id='line_1_13' title="bbox 123 1474 1325 1552; baseline -0.002 -13"><span class='ocrx_word' id='word_1_117' title='bbox 123 1477 218 1552; x_wconf 74' lang='lat' dir='ltr'><strong>Pauli,</strong></span> <span class='ocrx_word' id='word_1_118' title='bbox 235 1477 321 1534; x_wconf 90' lang='lat' dir='ltr'><strong>Rom.</strong></span> <span class='ocrx_word' id='word_1_119' title='bbox 336 1474 397 1533; x_wconf 86' lang='lat' dir='ltr'><strong>xvi.</strong></span> <span class='ocrx_word' id='word_1_120' title='bbox 412 1476 460 1549; x_wconf 77' lang='lat'><strong>20,</strong></span> <span class='ocrx_word' id='word_1_121' title='bbox 476 1481 506 1532; x_wconf 88' lang='lat' dir='ltr'><strong>et</strong></span> <span class='ocrx_word' id='word_1_122' title='bbox 519 1474 669 1532; x_wconf 86' lang='lat' dir='ltr'><strong>confirmet</strong></span> <span class='ocrx_word' id='word_1_123' title='bbox 682 1474 805 1551; x_wconf 89' lang='lat' dir='ltr'><strong>primum</strong></span> <span class='ocrx_word' id='word_1_124' title='bbox 821 1474 968 1534; x_wconf 80' lang='lat' dir='ltr'><strong>oraculum</strong></span> <span class='ocrx_word' id='word_1_125' title='bbox 982 1475 1201 1551; x_wconf 78' lang='lat' dir='ltr'><strong>Evangelicum,</strong></span> <span class='ocrx_word' id='word_1_126' title='bbox 1218 1476 1325 1537; x_wconf 88' lang='lat' dir='ltr'><strong>Gencs.</strong></span> 
     </span>
     <span class='ocr_line' id='line_1_14' title="bbox 121 1552 1326 1632; baseline -0.003 -14"><span class='ocrx_word' id='word_1_127' title='bbox 121 1559 304 1632; x_wconf 84' lang='lat' dir='ltr'><strong>iii.15,quo</strong></span> <span class='ocrx_word' id='word_1_128' title='bbox 323 1553 437 1612; x_wconf 89' lang='lat' dir='ltr'><strong>nomine</strong></span> <span class='ocrx_word' id='word_1_129' title='bbox 458 1553 546 1612; x_wconf 84' lang='lat' dir='ltr'><strong>etiem</strong></span> <span class='ocrx_word' id='word_1_130' title='bbox 566 1553 682 1614; x_wconf 84' lang='lat' dir='ltr'><strong>videtur</strong></span> <span class='ocrx_word' id='word_1_131' title='bbox 695 1552 850 1630; x_wconf 77' lang='lat' dir='ltr'><strong>designari,</strong></span> <span class='ocrx_word' id='word_1_132' title='bbox 866 1555 942 1614; x_wconf 85' lang='lat' dir='ltr'><strong>Den.</strong></span> <span class='ocrx_word' id='word_1_133' title='bbox 964 1555 1014 1614; x_wconf 86' lang='lat' dir='ltr'><strong>xii.</strong></span> <span class='ocrx_word' id='word_1_134' title='bbox 1032 1557 1058 1613; x_wconf 91' lang='lat'><strong>1.</strong></span> <span class='ocrx_word' id='word_1_135' title='bbox 1101 1555 1163 1614; x_wconf 89' lang='lat' dir='ltr'><strong>Nec</strong></span> <span class='ocrx_word' id='word_1_136' title='bbox 1176 1555 1260 1614; x_wconf 83' lang='lat' dir='ltr'><strong>aliter</strong></span> <span class='ocrx_word' id='word_1_137' title='bbox 1274 1577 1326 1614; x_wconf 89' lang='lat' dir='ltr'><strong>ex-</strong></span> 
     </span>
    </p>
   </div>
   <div class='ocr_carea' id='block_1_5' title="bbox 122 1632 1324 1716">
    <p class='ocr_par' dir='ltr' id='par_1_6' title="bbox 6 1632 1324 1716">
     <span class='ocr_line' id='line_1_15' title="bbox 122 1632 1324 1716; baseline -0.002 -18.264"><span class='ocrx_word' id='word_1_138' title='bbox 122 1637 193 1716; x_wconf 88' lang='lat' dir='ltr'><strong>poni</strong></span> <span class='ocrx_word' id='word_1_139' title='bbox 207 1636 296 1696; x_wconf 86' lang='lat' dir='ltr'><strong>debet</strong></span> <span class='ocrx_word' id='word_1_140' title='bbox 311 1635 384 1692; x_wconf 85' lang='lat' dir='ltr'><strong>Dan.</strong></span> <span class='ocrx_word' id='word_1_141' title='bbox 400 1653 429 1692; x_wconf 83' lang='lat' dir='ltr'><strong>x.</strong></span> <span class='ocrx_word' id='word_1_142' title='bbox 445 1635 472 1708; x_wconf 85' lang='lat'><strong>5,</strong></span> <span class='ocrx_word' id='word_1_143' title='bbox 489 1636 516 1708; x_wconf 89' lang='grc'><strong>6,</strong></span> <span class='ocrx_word' id='word_1_144' title='bbox 533 1636 581 1708; x_wconf 80' lang='lat'><strong>21,</strong></span> <span class='ocrx_word' id='word_1_145' title='bbox 596 1634 647 1692; x_wconf 90' lang='lat' dir='ltr'><strong>ubi</strong></span> <span class='ocrx_word' id='word_1_146' title='bbox 668 1632 704 1692; x_wconf 94' lang='lat' dir='ltr'><strong>de</strong></span> <span class='ocrx_word' id='word_1_147' title='bbox 719 1633 862 1692; x_wconf 85' lang='lat' dir='ltr'><strong>Micha&#39;e&#39;le</strong></span> <span class='ocrx_word' id='word_1_148' title='bbox 884 1635 989 1711; x_wconf 88' lang='lat' dir='ltr'><strong>egitur,</strong></span> <span class='ocrx_word' id='word_1_149' title='bbox 1005 1634 1101 1694; x_wconf 83' lang='lat' dir='ltr'><strong>collat.</strong></span> <span class='ocrx_word' id='word_1_150' title='bbox 1116 1655 1181 1693; x_wconf 88' lang='lat' dir='ltr'><strong>curn</strong></span> <span class='ocrx_word' id='word_1_151' title='bbox 1196 1634 1289 1712; x_wconf 90' lang='lat' dir='ltr'><strong>Apoc.</strong></span> <span class='ocrx_word' id='word_1_152' title='bbox 1305 1638 1324 1696; x_wconf 89' lang='lat' dir='ltr'><strong>i.</strong></span> 
     </span>
    </p>
   </div>
   <div class='ocr_carea' id='block_1_6' title="bbox 123 1713 1327 2032">
    <p class='ocr_par' dir='ltr' id='par_1_7' title="bbox 123 1713 1327 2032">
     <span class='ocr_line' id='line_1_16' title="bbox 125 1713 1326 1793; baseline -0.001 -15"><span class='ocrx_word' id='word_1_153' title='bbox 125 1723 173 1792; x_wconf 85' lang='lat'><strong>13,</strong></span> <span class='ocrx_word' id='word_1_154' title='bbox 188 1717 241 1793; x_wconf 92' lang='lat' dir='ltr'><strong>qui</strong></span> <span class='ocrx_word' id='word_1_155' title='bbox 264 1713 370 1772; x_wconf 92' lang='lat' dir='ltr'><strong>dicitur</strong></span> <span class='ocrx_word' id='word_1_156' title='bbox 392 1733 464 1771; x_wconf 81' lang='lat' dir='ltr'><strong>anae</strong></span> <span class='ocrx_word' id='word_1_157' title='bbox 486 1733 523 1772; x_wconf 78' lang='lat' dir='ltr'><strong>ea</strong></span> <span class='ocrx_word' id='word_1_158' title='bbox 542 1714 693 1790; x_wconf 65' lang='lat' dir='ltr'><strong>primariis</strong></span> <span class='ocrx_word' id='word_1_159' title='bbox 714 1713 899 1790; x_wconf 56' lang='lat' dir='ltr'><strong>mpero,</strong></span> <span class='ocrx_word' id='word_1_160' title='bbox 915 1733 945 1772; x_wconf 90' lang='lat' dir='ltr'><strong>v.</strong></span> <span class='ocrx_word' id='word_1_161' title='bbox 963 1718 1007 1788; x_wconf 86' lang='lat'><strong>13,</strong></span> <span class='ocrx_word' id='word_1_162' title='bbox 1034 1715 1102 1791; x_wconf 88' lang='lat' dir='ltr'><strong>quie</strong></span> <span class='ocrx_word' id='word_1_163' title='bbox 1122 1722 1167 1774; x_wconf 88' lang='lat' dir='ltr'><strong>est</strong></span> <span class='ocrx_word' id='word_1_164' title='bbox 1188 1724 1275 1792; x_wconf 87' lang='lat' dir='ltr'><strong>ceput</strong></span> <span class='ocrx_word' id='word_1_165' title='bbox 1296 1727 1326 1777; x_wconf 87' lang='lat' dir='ltr'><strong>et</strong></span> 
     </span>
     <span class='ocr_line' id='line_1_17' title="bbox 123 1792 1326 1876; baseline -0.002 -20"><span class='ocrx_word' id='word_1_166' title='bbox 123 1799 259 1876; x_wconf 89' lang='lat' dir='ltr'><strong>princeps</strong></span> <span class='ocrx_word' id='word_1_167' title='bbox 273 1793 463 1870; x_wconf 86' lang='lat' dir='ltr'><strong>Angelorum.</strong></span> <span class='ocrx_word' id='word_1_168' title='bbox 478 1861 481 1869; x_wconf 31' lang='grc' dir='ltr'>Ι</span> <span class='ocrx_word' id='word_1_169' title='bbox 497 1792 610 1852; x_wconf 88' lang='lat' dir='ltr'><strong>Eodem</strong></span> <span class='ocrx_word' id='word_1_170' title='bbox 624 1813 712 1852; x_wconf 84' lang='lat' dir='ltr'><strong>sensu</strong></span> <span class='ocrx_word' id='word_1_171' title='bbox 725 1793 834 1851; x_wconf 89' lang='lat' dir='ltr'><strong>mentio</strong></span> <span class='ocrx_word' id='word_1_172' title='bbox 847 1793 889 1870; x_wconf 88' lang='lat' dir='ltr'><strong>fit,</strong></span> <span class='ocrx_word' id='word_1_173' title='bbox 904 1795 925 1854; x_wconf 86' lang='lat' dir='ltr'>J</span> <span class='ocrx_word' id='word_1_174' title='bbox 927 1793 975 1853; x_wconf 91' lang='lat' dir='ltr'><strong>ud.</strong></span> <span class='ocrx_word' id='word_1_175' title='bbox 991 1797 1018 1868; x_wconf 81' lang='lat'><strong>9,</strong></span> <span class='ocrx_word' id='word_1_176' title='bbox 1034 1795 1182 1853; x_wconf 70' lang='lat' dir='ltr'><strong>Michaelis</strong></span> <span class='ocrx_word' id='word_1_177' title='bbox 1195 1797 1326 1854; x_wconf 86' lang='lat' dir='ltr'><strong>Arclraa-</strong></span> 
     </span>
     <span class='ocr_line' id='line_1_18' title="bbox 123 1873 1327 1955; baseline -0.002 -18"><span class='ocrx_word' id='word_1_178' title='bbox 123 1879 183 1955; x_wconf 67' lang='lat' dir='ltr'><strong>geli</strong></span> <span class='ocrx_word' id='word_1_179' title='bbox 194 1876 246 1952; x_wconf 82' lang='lat' dir='ltr'><strong>qai</strong></span> <span class='ocrx_word' id='word_1_180' title='bbox 264 1874 380 1932; x_wconf 82' lang='lat' dir='ltr'><strong>certavit</strong></span> <span class='ocrx_word' id='word_1_181' title='bbox 394 1875 428 1931; x_wconf 86' lang='lat' dir='ltr'><strong>de</strong></span> <span class='ocrx_word' id='word_1_182' title='bbox 449 1893 567 1948; x_wconf 78' lang='lat' dir='ltr'><strong>corpore</strong></span> <span class='ocrx_word' id='word_1_183' title='bbox 580 1874 671 1950; x_wconf 64' lang='lat' dir='ltr'><strong>Moris</strong></span> <span class='ocrx_word' id='word_1_184' title='bbox 690 1893 751 1932; x_wconf 78' lang='lat' dir='ltr'><strong>cunr</strong></span> <span class='ocrx_word' id='word_1_185' title='bbox 764 1874 896 1948; x_wconf 81' lang='lat' dir='ltr'><strong>Dialolo,</strong></span> <span class='ocrx_word' id='word_1_186' title='bbox 916 1873 995 1950; x_wconf 89' lang='lat' dir='ltr'><strong>quod</strong></span> <span class='ocrx_word' id='word_1_187' title='bbox 1015 1873 1052 1932; x_wconf 89' lang='lat' dir='ltr'><strong>de</strong></span> <span class='ocrx_word' id='word_1_188' title='bbox 1067 1873 1181 1934; x_wconf 86' lang='lat' dir='ltr'><strong>Christo</strong></span> <span class='ocrx_word' id='word_1_189' title='bbox 1195 1874 1261 1950; x_wconf 90' lang='lat' dir='ltr'><strong>dici,</strong></span> <span class='ocrx_word' id='word_1_190' title='bbox 1277 1875 1327 1935; x_wconf 91' lang='lat' dir='ltr'><strong>vel</strong></span> 
     </span>
     <span class='ocr_line' id='line_1_19' title="bbox 129 1951 1324 2032; baseline -0.003 -16"><span class='ocrx_word' id='word_1_191' title='bbox 129 1978 168 2016; x_wconf 87' lang='lat' dir='ltr'><strong>cx</strong></span> <span class='ocrx_word' id='word_1_192' title='bbox 181 1975 215 2016; x_wconf 88' lang='lat' dir='ltr'><strong>eo</strong></span> <span class='ocrx_word' id='word_1_193' title='bbox 228 1962 318 2032; x_wconf 87' lang='lat' dir='ltr'><strong>petet,</strong></span> <span class='ocrx_word' id='word_1_194' title='bbox 334 1951 412 2029; x_wconf 91' lang='lat' dir='ltr'><strong>quod</strong></span> <span class='ocrx_word' id='word_1_195' title='bbox 425 1952 562 2012; x_wconf 76' lang='lat' dir='ltr'><strong>tribuitur</strong></span> <span class='ocrx_word' id='word_1_196' title='bbox 575 1954 596 2013; x_wconf 86' lang='lat' dir='ltr'><strong>J</strong></span> <span class='ocrx_word' id='word_1_197' title='bbox 598 1953 707 2027; x_wconf 82' lang='lat' dir='ltr'><strong>ehovae,</strong></span> <span class='ocrx_word' id='word_1_198' title='bbox 719 1952 806 2012; x_wconf 84' lang='lat' dir='ltr'><strong>Zach.</strong></span> <span class='ocrx_word' id='word_1_199' title='bbox 818 1953 858 2011; x_wconf 89' lang='lat' dir='ltr'><strong>iii.</strong></span> <span class='ocrx_word' id='word_1_200' title='bbox 869 1957 896 2028; x_wconf 83' lang='lat'><strong>2,</strong></span> <span class='ocrx_word' id='word_1_201' title='bbox 911 1953 990 2030; x_wconf 93' lang='lat' dir='ltr'><strong>quod</strong></span> <span class='ocrx_word' id='word_1_202' title='bbox 1003 1953 1051 2012; x_wconf 92' lang='lat' dir='ltr'><strong>hio</strong></span> <span class='ocrx_word' id='word_1_203' title='bbox 1066 1953 1204 2012; x_wconf 75' lang='lat' dir='ltr'><strong>ntichaeti</strong></span> <span class='ocrx_word' id='word_1_204' title='bbox 1217 1954 1324 2014; x_wconf 86' lang='lat' dir='ltr'><strong>edecri·</strong></span> 
     </span>
    </p>
   </div>
   <div class='ocr_carea' id='block_1_7' title="bbox 123 2031 1325 2111">
    <p class='ocr_par' dir='ltr' id='par_1_8' title="bbox 6 2031 1325 2133">
     <span class='ocr_line' id='line_1_20' title="bbox 123 2031 1325 2111; baseline -0.003 -14.355"><span class='ocrx_word' id='word_1_205' title='bbox 123 2038 210 2111; x_wconf 88' lang='lat' dir='ltr'><strong>bitur,</strong></span> <span class='ocrx_word' id='word_1_206' title='bbox 225 2037 358 2109; x_wconf 78' lang='lat' dir='ltr'><strong>Increpet</strong></span> <span class='ocrx_word' id='word_1_207' title='bbox 371 2041 396 2091; x_wconf 84' lang='lat' dir='ltr'><strong>te</strong></span> <span class='ocrx_word' id='word_1_208' title='bbox 409 2034 546 2091; x_wconf 76' lang='lat' dir='ltr'><strong>Jetooaa.</strong></span> <span class='ocrx_word' id='word_1_209' title='bbox 579 2031 662 2107; x_wconf 86' lang='lat' dir='ltr'><strong>Quod</strong></span> <span class='ocrx_word' id='word_1_210' title='bbox 676 2051 745 2090; x_wconf 89' lang='lat' dir='ltr'><strong>vero</strong></span> <span class='ocrx_word' id='word_1_211' title='bbox 761 2031 865 2090; x_wconf 88' lang='lat' dir='ltr'><strong>dicitnr</strong></span> <span class='ocrx_word' id='word_1_212' title='bbox 878 2052 937 2090; x_wconf 91' lang='lat' dir='ltr'><strong>non</strong></span> <span class='ocrx_word' id='word_1_213' title='bbox 957 2051 1045 2092; x_wconf 82' lang='lat' dir='ltr'><strong>susus</strong></span> <span class='ocrx_word' id='word_1_214' title='bbox 1059 2051 1122 2092; x_wconf 87' lang='lat' dir='ltr'><strong>esse</strong></span> <span class='ocrx_word' id='word_1_215' title='bbox 1131 2035 1325 2108; x_wconf 66' lang='lat' dir='ltr'><strong>monuncrare</strong></span> 
     </span>
    </p>
   </div>
   <div class='ocr_carea' id='block_1_8' title="bbox 121 2111 1327 3388">
    <p class='ocr_par' dir='ltr' id='par_1_9' title="bbox 121 2111 1327 2674">
     <span class='ocr_line' id='line_1_21' title="bbox 123 2111 1324 2190; baseline -0.004 -14"><span class='ocrx_word' id='word_1_216' title='bbox 123 2115 353 2187; x_wconf 77' lang='lat' dir='ltr'><strong>maledictionem,</strong></span> <span class='ocrx_word' id='word_1_217' title='bbox 362 2112 419 2170; x_wconf 91' lang='lat' dir='ltr'><strong>hoc</strong></span> <span class='ocrx_word' id='word_1_218' title='bbox 432 2132 491 2170; x_wconf 91' lang='lat' dir='ltr'><strong>non</strong></span> <span class='ocrx_word' id='word_1_219' title='bbox 500 2111 608 2172; x_wconf 81' lang='lat' dir='ltr'><strong>sactrrm</strong></span> <span class='ocrx_word' id='word_1_220' title='bbox 622 2121 666 2171; x_wconf 89' lang='lat' dir='ltr'><strong>est</strong></span> <span class='ocrx_word' id='word_1_221' title='bbox 679 2132 731 2188; x_wconf 90' lang='lat' dir='ltr'><strong>per</strong></span> <span class='ocrx_word' id='word_1_222' title='bbox 744 2111 949 2188; x_wconf 79' lang='lat' dir='ltr'><strong>impotentiam,</strong></span> <span class='ocrx_word' id='word_1_223' title='bbox 960 2111 1013 2171; x_wconf 87' lang='lat' dir='ltr'><strong>sed</strong></span> <span class='ocrx_word' id='word_1_224' title='bbox 1025 2132 1076 2190; x_wconf 87' lang='lat' dir='ltr'><strong>per</strong></span> <span class='ocrx_word' id='word_1_225' title='bbox 1089 2112 1324 2189; x_wconf 82' lang='lat' dir='ltr'><strong>moderationem,</strong></span> 
     </span>
     <span class='ocr_line' id='line_1_22' title="bbox 122 2191 1325 2269; baseline -0.003 -13"><span class='ocrx_word' id='word_1_226' title='bbox 122 2217 181 2256; x_wconf 90' lang='lat' dir='ltr'><strong>non</strong></span> <span class='ocrx_word' id='word_1_227' title='bbox 196 2202 277 2254; x_wconf 89' lang='lat' dir='ltr'><strong>metu</strong></span> <span class='ocrx_word' id='word_1_228' title='bbox 290 2193 403 2269; x_wconf 86' lang='lat' dir='ltr'><strong>Legum</strong></span> <span class='ocrx_word' id='word_1_229' title='bbox 416 2211 434 2250; x_wconf 84' lang='lat' dir='ltr'><strong>a</strong></span> <span class='ocrx_word' id='word_1_230' title='bbox 447 2192 609 2252; x_wconf 79' lang='lat' dir='ltr'><strong>maledictis</strong></span> <span class='ocrx_word' id='word_1_231' title='bbox 623 2191 778 2267; x_wconf 77' lang='lat' dir='ltr'><strong>abstinens,</strong></span> <span class='ocrx_word' id='word_1_232' title='bbox 795 2191 846 2250; x_wconf 89' lang='lat' dir='ltr'><strong>sed</strong></span> <span class='ocrx_word' id='word_1_233' title='bbox 861 2210 891 2250; x_wconf 88' lang='lat' dir='ltr'><strong>sc</strong></span> <span class='ocrx_word' id='word_1_234' title='bbox 905 2192 966 2269; x_wconf 89' lang='lat' dir='ltr'><strong>ipse</strong></span> <span class='ocrx_word' id='word_1_235' title='bbox 981 2192 1179 2268; x_wconf 81' lang='lat' dir='ltr'><strong>comprimens,</strong></span> <span class='ocrx_word' id='word_1_236' title='bbox 1195 2200 1228 2251; x_wconf 93' lang='grc' dir='ltr'><strong>ιιι</strong></span> <span class='ocrx_word' id='word_1_237' title='bbox 1241 2192 1325 2252; x_wconf 92' lang='lat' dir='ltr'><strong>nobis</strong></span> 
     </span>
     <span class='ocr_line' id='line_1_23' title="bbox 122 2271 1325 2356; baseline -0.003 -20"><span class='ocrx_word' id='word_1_238' title='bbox 122 2275 272 2356; x_wconf 86' lang='lat' dir='ltr'><strong>petientise</strong></span> <span class='ocrx_word' id='word_1_239' title='bbox 285 2271 449 2349; x_wconf 87' lang='lat' dir='ltr'><strong>exemplum</strong></span> <span class='ocrx_word' id='word_1_240' title='bbox 467 2271 615 2348; x_wconf 72' lang='lat' dir='ltr'><strong>praeberet.</strong></span> <span class='ocrx_word' id='word_1_241' title='bbox 660 2271 708 2331; x_wconf 83' lang='lat' dir='ltr'><strong>Sic</strong></span> <span class='ocrx_word' id='word_1_242' title='bbox 722 2290 780 2329; x_wconf 90' lang='lat' dir='ltr'><strong>non</strong></span> <span class='ocrx_word' id='word_1_243' title='bbox 794 2290 858 2329; x_wconf 79' lang='lat' dir='ltr'><strong>raro</strong></span> <span class='ocrx_word' id='word_1_244' title='bbox 872 2275 978 2330; x_wconf 84' lang='lat' dir='ltr'><strong>andere</strong></span> <span class='ocrx_word' id='word_1_245' title='bbox 991 2291 1043 2349; x_wconf 91' lang='lat' dir='ltr'><strong>pro</strong></span> <span class='ocrx_word' id='word_1_246' title='bbox 1057 2272 1199 2348; x_wconf 69' lang='lat' dir='ltr'><strong>retbere,</strong></span> <span class='ocrx_word' id='word_1_247' title='bbox 1215 2281 1245 2332; x_wconf 88' lang='lat' dir='ltr'><strong>et</strong></span> <span class='ocrx_word' id='word_1_248' title='bbox 1257 2275 1325 2332; x_wconf 80' lang='lat' dir='ltr'><strong>velle</strong></span> 
     </span>
     <span class='ocr_line' id='line_1_24' title="bbox 123 2350 1324 2434; baseline -0.002 -20"><span class='ocrx_word' id='word_1_249' title='bbox 123 2354 243 2434; x_wconf 74' lang='lat' dir='ltr'><strong>aliquid,</strong></span> <span class='ocrx_word' id='word_1_250' title='bbox 258 2352 384 2430; x_wconf 89' lang='lat' dir='ltr'><strong>ponitur.</strong></span> <span class='ocrx_word' id='word_1_251' title='bbox 425 2355 453 2410; x_wconf 79' lang='lat'><strong>2.</strong></span> <span class='ocrx_word' id='word_1_252' title='bbox 477 2352 509 2410; x_wconf 87' lang='lat' dir='ltr'><strong>Si</strong></span> <span class='ocrx_word' id='word_1_253' title='bbox 523 2350 657 2428; x_wconf 85' lang='lat' dir='ltr'><strong>Angelus</strong></span> <span class='ocrx_word' id='word_1_254' title='bbox 671 2361 783 2412; x_wconf 83' lang='lat' dir='ltr'><strong>creatus</strong></span> <span class='ocrx_word' id='word_1_255' title='bbox 797 2350 976 2428; x_wconf 88' lang='lat' dir='ltr'><strong>intelligitur,</strong></span> <span class='ocrx_word' id='word_1_256' title='bbox 992 2361 1024 2411; x_wconf 93' lang='lat' dir='ltr'><strong>ut</strong></span> <span class='ocrx_word' id='word_1_257' title='bbox 1038 2352 1070 2410; x_wconf 84' lang='lat' dir='ltr'><strong>fit</strong></span> <span class='ocrx_word' id='word_1_258' title='bbox 1084 2352 1212 2427; x_wconf 85' lang='lat' dir='ltr'><strong>averiis,</strong></span> <span class='ocrx_word' id='word_1_259' title='bbox 1227 2351 1324 2430; x_wconf 88' lang='lat' dir='ltr'><strong>desig·</strong></span> 
     </span>
     <span class='ocr_line' id='line_1_25' title="bbox 122 2430 1325 2509; baseline -0.003 -13"><span class='ocrx_word' id='word_1_260' title='bbox 122 2437 207 2496; x_wconf 83' lang='lat' dir='ltr'><strong>nevit</strong></span> <span class='ocrx_word' id='word_1_261' title='bbox 219 2451 325 2492; x_wconf 88' lang='lat' dir='ltr'><strong>nomen</strong></span> <span class='ocrx_word' id='word_1_262' title='bbox 332 2431 388 2489; x_wconf 92' lang='lat' dir='ltr'><strong>hoo</strong></span> <span class='ocrx_word' id='word_1_263' title='bbox 397 2430 526 2490; x_wconf 88' lang='lat' dir='ltr'><strong>ordinem</strong></span> <span class='ocrx_word' id='word_1_264' title='bbox 535 2431 746 2508; x_wconf 82' lang='lat' dir='ltr'><strong>temporarium,</strong></span> <span class='ocrx_word' id='word_1_265' title='bbox 759 2439 788 2489; x_wconf 92' lang='lat' dir='ltr'><strong>et</strong></span> <span class='ocrx_word' id='word_1_266' title='bbox 797 2450 902 2490; x_wconf 90' lang='lat' dir='ltr'><strong>munus</strong></span> <span class='ocrx_word' id='word_1_267' title='bbox 913 2430 1030 2509; x_wconf 75' lang='lat' dir='ltr'><strong>aliquod</strong></span> <span class='ocrx_word' id='word_1_268' title='bbox 1041 2431 1084 2488; x_wconf 93' lang='lat' dir='ltr'><strong>illi</strong></span> <span class='ocrx_word' id='word_1_269' title='bbox 1093 2433 1277 2490; x_wconf 88' lang='lat' dir='ltr'><strong>commissum</strong></span> <span class='ocrx_word' id='word_1_270' title='bbox 1287 2432 1325 2492; x_wconf 84' lang='lat' dir='ltr'><strong>ad</strong></span> 
     </span>
     <span class='ocr_line' id='line_1_26' title="bbox 123 2510 1325 2594; baseline -0.003 -18"><span class='ocrx_word' id='word_1_271' title='bbox 123 2512 295 2594; x_wconf 73' lang='lat' dir='ltr'><strong>exequenda</strong></span> <span class='ocrx_word' id='word_1_272' title='bbox 299 2511 411 2588; x_wconf 84' lang='lat' dir='ltr'><strong>judicie</strong></span> <span class='ocrx_word' id='word_1_273' title='bbox 417 2511 473 2569; x_wconf 92' lang='lat' dir='ltr'><strong>Dei</strong></span> <span class='ocrx_word' id='word_1_274' title='bbox 481 2531 532 2588; x_wconf 88' lang='lat' dir='ltr'><strong>per</strong></span> <span class='ocrx_word' id='word_1_275' title='bbox 540 2520 647 2569; x_wconf 80' lang='lat' dir='ltr'><strong>certem</strong></span> <span class='ocrx_word' id='word_1_276' title='bbox 652 2511 850 2586; x_wconf 81' lang='lat' dir='ltr'><strong>oeconomiam,</strong></span> <span class='ocrx_word' id='word_1_277' title='bbox 861 2510 939 2587; x_wconf 92' lang='lat' dir='ltr'><strong>quod</strong></span> <span class='ocrx_word' id='word_1_278' title='bbox 948 2511 1094 2588; x_wconf 77' lang='lat' dir='ltr'><strong>legatione</strong></span> <span class='ocrx_word' id='word_1_279' title='bbox 1102 2521 1218 2588; x_wconf 81' lang='lat' dir='ltr'><strong>peracte</strong></span> <span class='ocrx_word' id='word_1_280' title='bbox 1226 2532 1325 2572; x_wconf 89' lang='lat' dir='ltr'><strong>rursus</strong></span> 
     </span>
     <span class='ocr_line' id='line_1_27' title="bbox 121 2589 1327 2674; baseline -0.002 -20"><span class='ocrx_word' id='word_1_281' title='bbox 121 2597 249 2674; x_wconf 89' lang='lat' dir='ltr'><strong>ponitur,</strong></span> <span class='ocrx_word' id='word_1_282' title='bbox 256 2591 307 2651; x_wconf 92' lang='lat' dir='ltr'><strong>scd</strong></span> <span class='ocrx_word' id='word_1_283' title='bbox 320 2591 387 2649; x_wconf 92' lang='lat' dir='ltr'><strong>inde</strong></span> <span class='ocrx_word' id='word_1_284' title='bbox 403 2610 461 2648; x_wconf 92' lang='lat' dir='ltr'><strong>non</strong></span> <span class='ocrx_word' id='word_1_285' title='bbox 475 2599 570 2667; x_wconf 87' lang='lat' dir='ltr'><strong>potest</strong></span> <span class='ocrx_word' id='word_1_286' title='bbox 575 2589 672 2649; x_wconf 86' lang='lat' dir='ltr'><strong>inferri</strong></span> <span class='ocrx_word' id='word_1_287' title='bbox 683 2590 753 2648; x_wconf 90' lang='lat' dir='ltr'><strong>ordo</strong></span> <span class='ocrx_word' id='word_1_288' title='bbox 761 2591 913 2667; x_wconf 75' lang='lat' dir='ltr'><strong>potestatis</strong></span> <span class='ocrx_word' id='word_1_289' title='bbox 918 2599 947 2650; x_wconf 88' lang='lat' dir='ltr'><strong>et</strong></span> <span class='ocrx_word' id='word_1_290' title='bbox 953 2591 1163 2668; x_wconf 87' lang='lat' dir='ltr'><strong>jurisdictionis</strong></span> <span class='ocrx_word' id='word_1_291' title='bbox 1171 2601 1327 2670; x_wconf 73' lang='lat' dir='ltr'><strong>perpetum.</strong></span> 
     </span>
    </p>

    <p class='ocr_par' dir='ltr' id='par_1_10' title="bbox 122 2661 1325 3072">
     <span class='ocr_line' id='line_1_28' title="bbox 163 2661 1325 2750; baseline -0.003 -17"><span class='ocrx_word' id='word_1_292' title='bbox 163 2675 205 2733; x_wconf 88' lang='lat' dir='ltr'><strong>X.</strong></span> <span class='ocrx_word' id='word_1_293' title='bbox 221 2673 414 2746; x_wconf 70' lang='lat' dir='ltr'><strong>Archangelas</strong></span> <span class='ocrx_word' id='word_1_294' title='bbox 428 2670 464 2728; x_wconf 89' lang='lat' dir='ltr'><strong>de</strong></span> <span class='ocrx_word' id='word_1_295' title='bbox 478 2690 535 2746; x_wconf 89' lang='lat' dir='ltr'><strong>quo</strong></span> <span class='ocrx_word' id='word_1_296' title='bbox 549 2670 653 2746; x_wconf 84' lang='lat' dir='ltr'><strong>egitur,</strong></span> <span class='ocrx_word' id='word_1_297' title='bbox 671 2673 686 2728; x_wconf 90' lang='lat'>1</span> <span class='ocrx_word' id='word_1_298' title='bbox 701 2661 803 2729; x_wconf 78' lang='lat' dir='ltr'><strong>Thess.</strong></span> <span class='ocrx_word' id='word_1_299' title='bbox 819 2670 858 2729; x_wconf 86' lang='lat' dir='ltr'><strong>iv.</strong></span> <span class='ocrx_word' id='word_1_300' title='bbox 876 2673 922 2745; x_wconf 89' lang='grc'><strong>16,</strong></span> <span class='ocrx_word' id='word_1_301' title='bbox 937 2691 995 2730; x_wconf 92' lang='lat' dir='ltr'><strong>non</strong></span> <span class='ocrx_word' id='word_1_302' title='bbox 1009 2679 1054 2730; x_wconf 86' lang='lat' dir='ltr'><strong>est</strong></span> <span class='ocrx_word' id='word_1_303' title='bbox 1068 2669 1250 2750; x_wconf 87' lang='lat' dir='ltr'><strong>Angelorum</strong></span> <span class='ocrx_word' id='word_1_304' title='bbox 1264 2691 1325 2731; x_wconf 87' lang='lat' dir='ltr'><strong>om·</strong></span> 
     </span>
     <span class='ocr_line' id='line_1_29' title="bbox 122 2749 1325 2828; baseline -0.002 -14"><span class='ocrx_word' id='word_1_305' title='bbox 122 2757 203 2814; x_wconf 91' lang='lat' dir='ltr'><strong>nium</strong></span> <span class='ocrx_word' id='word_1_306' title='bbox 226 2751 373 2828; x_wconf 79' lang='lat' dir='ltr'><strong>Princeps,</strong></span> <span class='ocrx_word' id='word_1_307' title='bbox 395 2749 448 2809; x_wconf 87' lang='lat' dir='ltr'><strong>scd</strong></span> <span class='ocrx_word' id='word_1_308' title='bbox 468 2750 591 2826; x_wconf 85' lang='lat' dir='ltr'><strong>insignis</strong></span> <span class='ocrx_word' id='word_1_309' title='bbox 606 2750 769 2827; x_wconf 81' lang='lat' dir='ltr'><strong>Mejestntis</strong></span> <span class='ocrx_word' id='word_1_310' title='bbox 785 2750 892 2809; x_wconf 81' lang='lat' dir='ltr'><strong>Christi</strong></span> <span class='ocrx_word' id='word_1_311' title='bbox 912 2751 987 2811; x_wconf 87' lang='lat' dir='ltr'><strong>inter</strong></span> <span class='ocrx_word' id='word_1_312' title='bbox 1000 2750 1133 2827; x_wconf 87' lang='lat' dir='ltr'><strong>Angelos</strong></span> <span class='ocrx_word' id='word_1_313' title='bbox 1148 2752 1231 2828; x_wconf 84' lang='lat' dir='ltr'><strong>qussi</strong></span> <span class='ocrx_word' id='word_1_314' title='bbox 1244 2761 1325 2811; x_wconf 79' lang='lat' dir='ltr'><strong>ente-</strong></span> 
     </span>
     <span class='ocr_line' id='line_1_30' title="bbox 123 2829 1323 2908; baseline -0.004 -13"><span class='ocrx_word' id='word_1_315' title='bbox 123 2833 252 2907; x_wconf 82' lang='lat' dir='ltr'><strong>ambulo,</strong></span> <span class='ocrx_word' id='word_1_316' title='bbox 266 2839 296 2890; x_wconf 88' lang='lat' dir='ltr'><strong>et</strong></span> <span class='ocrx_word' id='word_1_317' title='bbox 308 2829 467 2889; x_wconf 75' lang='lat' dir='ltr'><strong>voluntatis</strong></span> <span class='ocrx_word' id='word_1_318' title='bbox 480 2829 685 2907; x_wconf 71' lang='lat' dir='ltr'><strong>promulgator,</strong></span> <span class='ocrx_word' id='word_1_319' title='bbox 705 2830 742 2887; x_wconf 85' lang='lat' dir='ltr'><strong>nd</strong></span> <span class='ocrx_word' id='word_1_320' title='bbox 764 2829 980 2889; x_wconf 88' lang='lat' dir='ltr'><strong>similitudinem</strong></span> <span class='ocrx_word' id='word_1_321' title='bbox 995 2830 1112 2907; x_wconf 89' lang='lat' dir='ltr'><strong>Regum</strong></span> <span class='ocrx_word' id='word_1_322' title='bbox 1126 2839 1303 2890; x_wconf 82' lang='lat' dir='ltr'><strong>terrenorum</strong></span> <span class='ocrx_word' id='word_1_323' title='bbox 1316 2855 1323 2908; x_wconf 87' lang='lat'>;</span> 
     </span>
     <span class='ocr_line' id='line_1_31' title="bbox 122 2909 1324 2986; baseline -0.005 -11"><span class='ocrx_word' id='word_1_324' title='bbox 122 2916 185 2974; x_wconf 86' lang='lat' dir='ltr'><strong>Nec</strong></span> <span class='ocrx_word' id='word_1_325' title='bbox 198 2915 261 2973; x_wconf 89' lang='lat' dir='ltr'><strong>sinc</strong></span> <span class='ocrx_word' id='word_1_326' title='bbox 274 2911 385 2970; x_wconf 86' lang='lat' dir='ltr'><strong>retione</strong></span> <span class='ocrx_word' id='word_1_327' title='bbox 399 2909 536 2968; x_wconf 83' lang='lat' dir='ltr'><strong>articulus</strong></span> <span class='ocrx_word' id='word_1_328' title='bbox 550 2917 595 2968; x_wconf 72' lang='grc' dir='ltr'><strong>τοι</strong></span> <span class='ocrx_word' id='word_1_329' title='bbox 607 2909 723 2968; x_wconf 87' lang='lat' dir='ltr'><strong>videtur</strong></span> <span class='ocrx_word' id='word_1_330' title='bbox 736 2909 868 2984; x_wconf 86' lang='lat' dir='ltr'><strong>omissus,</strong></span> <span class='ocrx_word' id='word_1_331' title='bbox 884 2929 920 2968; x_wconf 87' lang='lat' dir='ltr'><strong>ne</strong></span> <span class='ocrx_word' id='word_1_332' title='bbox 934 2911 999 2986; x_wconf 89' lang='lat' dir='ltr'><strong>quis</strong></span> <span class='ocrx_word' id='word_1_333' title='bbox 1020 2911 1087 2968; x_wconf 90' lang='lat' dir='ltr'><strong>hinc</strong></span> <span class='ocrx_word' id='word_1_334' title='bbox 1109 2917 1248 2969; x_wconf 81' lang='lat' dir='ltr'><strong>statueret</strong></span> <span class='ocrx_word' id='word_1_335' title='bbox 1267 2912 1324 2970; x_wconf 87' lang='lat' dir='ltr'><strong>sin·</strong></span> 
     </span>
     <span class='ocr_line' id='line_1_32' title="bbox 126 2988 921 3072; baseline -0.008 -21"><span class='ocrx_word' id='word_1_336' title='bbox 126 2995 257 3072; x_wconf 74' lang='lat' dir='ltr'><strong>gularem</strong></span> <span class='ocrx_word' id='word_1_337' title='bbox 271 2999 301 3050; x_wconf 88' lang='lat' dir='ltr'><strong>et</strong></span> <span class='ocrx_word' id='word_1_338' title='bbox 313 2990 430 3049; x_wconf 89' lang='lat' dir='ltr'><strong>unicum</strong></span> <span class='ocrx_word' id='word_1_339' title='bbox 443 2990 475 3046; x_wconf 88' lang='lat' dir='ltr'><strong>in</strong></span> <span class='ocrx_word' id='word_1_340' title='bbox 488 3009 588 3048; x_wconf 88' lang='lat' dir='ltr'><strong>omnes</strong></span> <span class='ocrx_word' id='word_1_341' title='bbox 602 2988 735 3065; x_wconf 86' lang='lat' dir='ltr'><strong>Angelos</strong></span> <span class='ocrx_word' id='word_1_342' title='bbox 749 2988 921 3064; x_wconf 86' lang='lat' dir='ltr'><strong>Principem.</strong></span> 
     </span>
    </p>

    <p class='ocr_par' dir='ltr' id='par_1_11' title="bbox 123 3066 1326 3388">
     <span class='ocr_line' id='line_1_33' title="bbox 166 3066 1325 3146; baseline -0.005 -14"><span class='ocrx_word' id='word_1_343' title='bbox 166 3073 227 3132; x_wconf 85' lang='lat' dir='ltr'><strong>xl.</strong></span> <span class='ocrx_word' id='word_1_344' title='bbox 248 3071 331 3129; x_wconf 87' lang='lat' dir='ltr'><strong>Licet</strong></span> <span class='ocrx_word' id='word_1_345' title='bbox 344 3070 419 3128; x_wconf 86' lang='lat' dir='ltr'><strong>inter</strong></span> <span class='ocrx_word' id='word_1_346' title='bbox 431 3070 524 3128; x_wconf 82' lang='lat' dir='ltr'><strong>mulos</strong></span> <span class='ocrx_word' id='word_1_347' title='bbox 538 3069 670 3146; x_wconf 85' lang='lat' dir='ltr'><strong>Angelos</strong></span> <span class='ocrx_word' id='word_1_348' title='bbox 684 3067 768 3128; x_wconf 90' lang='lat' dir='ltr'><strong>detur</strong></span> <span class='ocrx_word' id='word_1_349' title='bbox 789 3086 871 3142; x_wconf 90' lang='lat' dir='ltr'><strong>unus,</strong></span> <span class='ocrx_word' id='word_1_350' title='bbox 887 3067 938 3144; x_wconf 92' lang='lat' dir='ltr'><strong>qui</strong></span> <span class='ocrx_word' id='word_1_351' title='bbox 956 3087 1042 3144; x_wconf 83' lang='lat' dir='ltr'><strong>supro</strong></span> <span class='ocrx_word' id='word_1_352' title='bbox 1063 3066 1189 3144; x_wconf 87' lang='lat' dir='ltr'><strong>reliquos</strong></span> <span class='ocrx_word' id='word_1_353' title='bbox 1209 3067 1325 3142; x_wconf 88' lang='lat' dir='ltr'><strong>eminet,</strong></span> 
     </span>
     <span class='ocr_line' id='line_1_34' title="bbox 123 3147 1326 3232; baseline -0.004 -21"><span class='ocrx_word' id='word_1_354' title='bbox 123 3153 176 3232; x_wconf 88' lang='lat' dir='ltr'><strong>qui</strong></span> <span class='ocrx_word' id='word_1_355' title='bbox 192 3151 297 3210; x_wconf 88' lang='lat' dir='ltr'><strong>dicitur</strong></span> <span class='ocrx_word' id='word_1_356' title='bbox 310 3151 457 3224; x_wconf 76' lang='lat' dir='ltr'><strong>Drbbolue,</strong></span> <span class='ocrx_word' id='word_1_357' title='bbox 473 3149 572 3223; x_wconf 80' lang='lat' dir='ltr'><strong>Satan,</strong></span> <span class='ocrx_word' id='word_1_358' title='bbox 588 3151 697 3222; x_wconf 86' lang='lat' dir='ltr'><strong>Draco,</strong></span> <span class='ocrx_word' id='word_1_359' title='bbox 713 3148 871 3221; x_wconf 75' lang='lat' dir='ltr'><strong>Beelzebub,</strong></span> <span class='ocrx_word' id='word_1_360' title='bbox 887 3148 967 3205; x_wconf 77' lang='lat' dir='ltr'><strong>Dera</strong></span> <span class='ocrx_word' id='word_1_361' title='bbox 987 3149 1068 3224; x_wconf 76' lang='lat' dir='ltr'><strong>lajas</strong></span> <span class='ocrx_word' id='word_1_362' title='bbox 1081 3147 1173 3221; x_wconf 64' lang='lat' dir='ltr'><strong>seona,</strong></span> <span class='ocrx_word' id='word_1_363' title='bbox 1189 3148 1326 3224; x_wconf 75' lang='lat' dir='ltr'><strong>Princeps</strong></span> 
     </span>
     <span class='ocr_line' id='line_1_35' title="bbox 124 3225 1324 3308; baseline -0.007 -16"><span class='ocrx_word' id='word_1_364' title='bbox 124 3233 230 3308; x_wconf 58' lang='lat' dir='ltr'><strong>mnam,</strong></span> <span class='ocrx_word' id='word_1_365' title='bbox 246 3230 312 3289; x_wconf 88' lang='lat' dir='ltr'><strong>Non</strong></span> <span class='ocrx_word' id='word_1_366' title='bbox 327 3229 456 3306; x_wconf 86' lang='lat' dir='ltr'><strong>sequitur</strong></span> <span class='ocrx_word' id='word_1_367' title='bbox 470 3228 553 3287; x_wconf 88' lang='lat' dir='ltr'><strong>bonis</strong></span> <span class='ocrx_word' id='word_1_368' title='bbox 567 3229 653 3286; x_wconf 85' lang='lat' dir='ltr'><strong>etiem</strong></span> <span class='ocrx_word' id='word_1_369' title='bbox 674 3247 764 3286; x_wconf 90' lang='lat' dir='ltr'><strong>unum</strong></span> <span class='ocrx_word' id='word_1_370' title='bbox 778 3225 928 3303; x_wconf 87' lang='lat' dir='ltr'><strong>Angelum</strong></span> <span class='ocrx_word' id='word_1_371' title='bbox 949 3227 1024 3286; x_wconf 90' lang='lat' dir='ltr'><strong>inter</strong></span> <span class='ocrx_word' id='word_1_372' title='bbox 1044 3235 1164 3286; x_wconf 82' lang='lat' dir='ltr'><strong>coeteros</strong></span> <span class='ocrx_word' id='word_1_373' title='bbox 1184 3245 1324 3303; x_wconf 84' lang='lat' dir='ltr'><strong>praeessc;</strong></span> 
     </span>
     <span class='ocr_line' id='line_1_36' title="bbox 124 3305 1254 3388; baseline -0.005 -14"><span class='ocrx_word' id='word_1_374' title='bbox 124 3313 187 3374; x_wconf 74' lang='lat' dir='ltr'><strong>hec</strong></span> <span class='ocrx_word' id='word_1_375' title='bbox 200 3311 278 3374; x_wconf 85' lang='lat' dir='ltr'><strong>enim</strong></span> <span class='ocrx_word' id='word_1_376' title='bbox 291 3307 461 3388; x_wconf 76' lang='lat' dir='ltr'><strong>prefectum</strong></span> <span class='ocrx_word' id='word_1_377' title='bbox 474 3308 580 3368; x_wconf 90' lang='lat' dir='ltr'><strong>rectius</strong></span> <span class='ocrx_word' id='word_1_378' title='bbox 594 3307 700 3370; x_wconf 88' lang='lat' dir='ltr'><strong>dicitur</strong></span> <span class='ocrx_word' id='word_1_379' title='bbox 714 3305 821 3366; x_wconf 82' lang='lat' dir='ltr'><strong>Christi</strong></span> <span class='ocrx_word' id='word_1_380' title='bbox 835 3305 1029 3385; x_wconf 89' lang='lat' dir='ltr'><strong>privilegium,</strong></span> <span class='ocrx_word' id='word_1_381' title='bbox 1046 3306 1156 3366; x_wconf 85' lang='lat' dir='ltr'><strong>Coloss.</strong></span> <span class='ocrx_word' id='word_1_382' title='bbox 1170 3306 1189 3368; x_wconf 90' lang='lat' dir='ltr'><strong>i.</strong></span> <span class='ocrx_word' id='word_1_383' title='bbox 1208 3309 1254 3368; x_wconf 82' lang='lat'><strong>18.</strong></span> 
     </span>
    </p>
   </div>
   <div class='ocr_carea' id='block_1_9' title="bbox 579 3551 885 3628">
    <p class='ocr_par' dir='ltr' id='par_1_12' title="bbox 579 3551 885 3628">
     <span class='ocr_line' id='line_1_37' title="bbox 579 3551 885 3628; baseline 0 -16"><span class='ocrx_word' id='word_1_384' title='bbox 579 3551 774 3628; x_wconf 79' lang='lat' dir='ltr'><strong>Qumsnro</strong></span> <span class='ocrx_word' id='word_1_385' title='bbox 794 3551 885 3612; x_wconf 83' lang='lat' dir='ltr'><strong>vm.</strong></span> 
     </span>
    </p>
   </div>
   <div class='ocr_carea' id='block_1_10' title="bbox 509 3731 941 3774">
    <p class='ocr_par' dir='ltr' id='par_1_13' title="bbox 509 3731 941 3774">
     <span class='ocr_line' id='line_1_38' title="bbox 509 3731 941 3774; baseline 0.002 -4"><span class='ocrx_word' id='word_1_386' title='bbox 509 3731 549 3770; x_wconf 73' lang='lat' dir='ltr'><strong>DE</strong></span> <span class='ocrx_word' id='word_1_387' title='bbox 564 3731 747 3774; x_wconf 76' lang='lat' dir='ltr'><strong>ANGELORUM</strong></span> <span class='ocrx_word' id='word_1_388' title='bbox 761 3731 941 3774; x_wconf 73' lang='lat' dir='ltr'><strong>mtsrsnto.</strong></span> 
     </span>
    </p>
   </div>
   <div class='ocr_carea' id='block_1_11' title="bbox 128 3870 1327 4033">
    <p class='ocr_par' dir='ltr' id='par_1_14' title="bbox 128 3870 1327 4033">
     <span class='ocr_line' id='line_1_39' title="bbox 128 3870 1327 3948; baseline -0.004 -15"><span class='ocrx_word' id='word_1_389' title='bbox 128 3873 236 3948; x_wconf 80' lang='lat' dir='ltr'><strong>Quare,</strong></span> <span class='ocrx_word' id='word_1_390' title='bbox 251 3873 293 3930; x_wconf 83' lang='lat' dir='ltr'><strong>Et</strong></span> <span class='ocrx_word' id='word_1_391' title='bbox 305 3873 347 3931; x_wconf 85' lang='lat' dir='ltr'><strong>ad</strong></span> <span class='ocrx_word' id='word_1_392' title='bbox 362 3871 441 3938; x_wconf 78' lang='lat' dir='ltr'><strong>Quia</strong></span> <span class='ocrx_word' id='word_1_393' title='bbox 452 3872 531 3930; x_wconf 81' lang='lat' dir='ltr'><strong>Deae</strong></span> <span class='ocrx_word' id='word_1_394' title='bbox 545 3879 642 3930; x_wconf 78' lang='grc' dir='ltr'><strong>ιιιαιιιν</strong></span> <span class='ocrx_word' id='word_1_395' title='bbox 655 3871 828 3948; x_wconf 72' lang='lat' dir='ltr'><strong>Angelorum</strong></span> <span class='ocrx_word' id='word_1_396' title='bbox 842 3871 1019 3931; x_wconf 65' lang='lat' dir='ltr'><strong>ministerio!</strong></span> <span class='ocrx_word' id='word_1_397' title='bbox 1060 3871 1102 3927; x_wconf 81' lang='lat' dir='ltr'><strong>Et</strong></span> <span class='ocrx_word' id='word_1_398' title='bbox 1121 3889 1161 3927; x_wconf 85' lang='lat' dir='ltr'><strong>on</strong></span> <span class='ocrx_word' id='word_1_399' title='bbox 1181 3870 1327 3946; x_wconf 80' lang='lat' dir='ltr'><strong>unicnique</strong></span> 
     </span>
     <span class='ocr_line' id='line_1_40' title="bbox 225 3949 1218 4033; baseline -0.006 -21"><span class='ocrx_word' id='word_1_400' title='bbox 225 3954 356 4033; x_wconf 78' lang='lat' dir='ltr'><strong>fideliam</strong></span> <span class='ocrx_word' id='word_1_401' title='bbox 369 3959 460 4010; x_wconf 74' lang='lat' dir='ltr'><strong>certes</strong></span> <span class='ocrx_word' id='word_1_402' title='bbox 473 3953 596 4028; x_wconf 67' lang='lat' dir='ltr'><strong>Angelius</strong></span> <span class='ocrx_word' id='word_1_403' title='bbox 609 3961 698 4010; x_wconf 76' lang='lat' dir='ltr'><strong>cretos</strong></span> <span class='ocrx_word' id='word_1_404' title='bbox 706 3959 861 4026; x_wconf 76' lang='lat' dir='ltr'><strong>perpetuus</strong></span> <span class='ocrx_word' id='word_1_405' title='bbox 875 3953 1033 4028; x_wconf 63' lang='lat' dir='ltr'><strong>mapsam</strong></span> <span class='ocrx_word' id='word_1_406' title='bbox 1046 3949 1103 4008; x_wconf 77' lang='lat' dir='ltr'><strong>eit!</strong></span> <span class='ocrx_word' id='word_1_407' title='bbox 1145 3949 1218 4026; x_wconf 88' lang='lat' dir='ltr'><strong>Neg.</strong></span> 
     </span>
    </p>
   </div>
   <div class='ocr_carea' id='block_1_12' title="bbox 123 4108 1332 4748">
    <p class='ocr_par' dir='ltr' id='par_1_15' title="bbox 125 4108 1330 4508">
     <span class='ocr_line' id='line_1_41' title="bbox 168 4108 1328 4188; baseline -0.005 -18"><span class='ocrx_word' id='word_1_408' title='bbox 168 4113 191 4172; x_wconf 92' lang='lat' dir='ltr'><strong>l.</strong></span> <span class='ocrx_word' id='word_1_409' title='bbox 215 4113 310 4173; x_wconf 89' lang='lat' dir='ltr'><strong>Deum</strong></span> <span class='ocrx_word' id='word_1_410' title='bbox 324 4111 367 4170; x_wconf 89' lang='lat' dir='ltr'><strong>uti</strong></span> <span class='ocrx_word' id='word_1_411' title='bbox 383 4109 564 4188; x_wconf 86' lang='lat' dir='ltr'><strong>Angelorum</strong></span> <span class='ocrx_word' id='word_1_412' title='bbox 578 4109 736 4169; x_wconf 85' lang='lat' dir='ltr'><strong>ministerio</strong></span> <span class='ocrx_word' id='word_1_413' title='bbox 750 4128 835 4168; x_wconf 90' lang='lat' dir='ltr'><strong>nemo</strong></span> <span class='ocrx_word' id='word_1_414' title='bbox 849 4108 982 4169; x_wconf 82' lang='lat' dir='ltr'><strong>dubitare</strong></span> <span class='ocrx_word' id='word_1_415' title='bbox 991 4116 1095 4186; x_wconf 86' lang='lat' dir='ltr'><strong>potest,</strong></span> <span class='ocrx_word' id='word_1_416' title='bbox 1105 4125 1171 4166; x_wconf 90' lang='lat' dir='ltr'><strong>cnm</strong></span> <span class='ocrx_word' id='word_1_417' title='bbox 1185 4115 1328 4166; x_wconf 84' lang='lat' dir='ltr'><strong>vocentur</strong></span> 
     </span>
     <span class='ocr_line' id='line_1_42' title="bbox 125 4187 1329 4270; baseline -0.007 -18"><span class='ocrx_word' id='word_1_418' title='bbox 125 4194 256 4268; x_wconf 66' lang='lat' dir='ltr'><strong>eulpam</strong></span> <span class='ocrx_word' id='word_1_419' title='bbox 276 4193 443 4270; x_wconf 61' lang='lat' dir='ltr'><strong>novovgyoul,</strong></span> <span class='ocrx_word' id='word_1_420' title='bbox 467 4190 559 4250; x_wconf 87' lang='lat' dir='ltr'><strong>Hebr.</strong></span> <span class='ocrx_word' id='word_1_421' title='bbox 579 4189 601 4248; x_wconf 95' lang='lat' dir='ltr'><strong>i.</strong></span> <span class='ocrx_word' id='word_1_422' title='bbox 620 4192 667 4265; x_wconf 88' lang='grc'><strong>14,</strong></span> <span class='ocrx_word' id='word_1_423' title='bbox 688 4189 817 4248; x_wconf 74' lang='lat' dir='ltr'><strong>Misictri</strong></span> <span class='ocrx_word' id='word_1_424' title='bbox 834 4191 900 4265; x_wconf 88' lang='lat' dir='ltr'><strong>Dei,</strong></span> <span class='ocrx_word' id='word_1_425' title='bbox 930 4188 979 4248; x_wconf 84' lang='lat' dir='ltr'><strong>Pe.</strong></span> <span class='ocrx_word' id='word_1_426' title='bbox 1001 4189 1057 4247; x_wconf 88' lang='lat' dir='ltr'><strong>civ.</strong></span> <span class='ocrx_word' id='word_1_427' title='bbox 1078 4192 1107 4264; x_wconf 89' lang='lat'><strong>4,</strong></span> <span class='ocrx_word' id='word_1_428' title='bbox 1122 4187 1173 4264; x_wconf 90' lang='lat' dir='ltr'><strong>qui</strong></span> <span class='ocrx_word' id='word_1_429' title='bbox 1193 4187 1329 4246; x_wconf 89' lang='lat' dir='ltr'><strong>continuo</strong></span> 
     </span>
     <span class='ocr_line' id='line_1_43' title="bbox 125 4266 1330 4348; baseline -0.006 -17"><span class='ocrx_word' id='word_1_430' title='bbox 125 4273 241 4334; x_wconf 72' lang='lat' dir='ltr'><strong>adstent</strong></span> <span class='ocrx_word' id='word_1_431' title='bbox 254 4293 350 4333; x_wconf 83' lang='lat' dir='ltr'><strong>eorem</strong></span> <span class='ocrx_word' id='word_1_432' title='bbox 370 4271 442 4348; x_wconf 92' lang='lat' dir='ltr'><strong>ipso,</strong></span> <span class='ocrx_word' id='word_1_433' title='bbox 459 4279 487 4330; x_wconf 86' lang='lat' dir='ltr'><strong>et</strong></span> <span class='ocrx_word' id='word_1_434' title='bbox 501 4270 545 4328; x_wconf 90' lang='lat' dir='ltr'><strong>illi</strong></span> <span class='ocrx_word' id='word_1_435' title='bbox 558 4269 729 4344; x_wconf 83' lang='lat' dir='ltr'><strong>ministrent,</strong></span> <span class='ocrx_word' id='word_1_436' title='bbox 746 4268 823 4328; x_wconf 82' lang='lat' dir='ltr'><strong>Dan.</strong></span> <span class='ocrx_word' id='word_1_437' title='bbox 843 4267 893 4328; x_wconf 84' lang='lat' dir='ltr'><strong>vii.</strong></span> <span class='ocrx_word' id='word_1_438' title='bbox 911 4271 956 4342; x_wconf 89' lang='grc'>10,</span> <span class='ocrx_word' id='word_1_439' title='bbox 972 4277 1001 4328; x_wconf 88' lang='lat' dir='ltr'><strong>et</strong></span> <span class='ocrx_word' id='word_1_440' title='bbox 1020 4267 1130 4327; x_wconf 79' lang='lat' dir='ltr'><strong>faciunt</strong></span> <span class='ocrx_word' id='word_1_441' title='bbox 1150 4266 1330 4326; x_wconf 80' lang='lat' dir='ltr'><strong>voluntatem</strong></span> 
     </span>
     <span class='ocr_line' id='line_1_44' title="bbox 125 4347 1269 4428; baseline -0.006 -17"><span class='ocrx_word' id='word_1_442' title='bbox 125 4353 197 4428; x_wconf 86' lang='lat' dir='ltr'><strong>ejus,</strong></span> <span class='ocrx_word' id='word_1_443' title='bbox 214 4354 294 4414; x_wconf 81' lang='lat' dir='ltr'><strong>Pssl.</strong></span> <span class='ocrx_word' id='word_1_444' title='bbox 314 4351 371 4413; x_wconf 88' lang='lat' dir='ltr'><strong>ciii.</strong></span> <span class='ocrx_word' id='word_1_445' title='bbox 387 4353 436 4409; x_wconf 79' lang='lat'><strong>21.</strong></span> <span class='ocrx_word' id='word_1_446' title='bbox 480 4349 538 4409; x_wconf 88' lang='lat' dir='ltr'><strong>Scd</strong></span> <span class='ocrx_word' id='word_1_447' title='bbox 551 4367 640 4428; x_wconf 81' lang='lat' dir='ltr'><strong>quere</strong></span> <span class='ocrx_word' id='word_1_448' title='bbox 654 4367 753 4408; x_wconf 89' lang='lat' dir='ltr'><strong>eorum</strong></span> <span class='ocrx_word' id='word_1_449' title='bbox 767 4367 853 4426; x_wconf 79' lang='lat' dir='ltr'><strong>opere</strong></span> <span class='ocrx_word' id='word_1_450' title='bbox 866 4349 910 4408; x_wconf 88' lang='lat' dir='ltr'><strong>uti</strong></span> <span class='ocrx_word' id='word_1_451' title='bbox 924 4347 1048 4408; x_wconf 85' lang='lat' dir='ltr'><strong>voluerit</strong></span> <span class='ocrx_word' id='word_1_452' title='bbox 1061 4347 1151 4425; x_wconf 78' lang='lat' dir='ltr'><strong>queri</strong></span> <span class='ocrx_word' id='word_1_453' title='bbox 1164 4353 1269 4424; x_wconf 88' lang='lat' dir='ltr'><strong>potest.</strong></span> 
     </span>
     <span class='ocr_line' id='line_1_45' title="bbox 126 4427 1330 4508; baseline -0.002 -19"><span class='ocrx_word' id='word_1_454' title='bbox 126 4455 369 4506; x_wconf 51' lang='lat' dir='ltr'><strong>mmmmm,</strong></span> <span class='ocrx_word' id='word_1_455' title='bbox 429 4429 472 4488; x_wconf 90' lang='lat' dir='ltr'><strong>II.</strong></span> <span class='ocrx_word' id='word_1_456' title='bbox 495 4429 581 4490; x_wconf 80' lang='lat' dir='ltr'><strong>Retio</strong></span> <span class='ocrx_word' id='word_1_457' title='bbox 604 4429 758 4508; x_wconf 87' lang='lat' dir='ltr'><strong>multiplex</strong></span> <span class='ocrx_word' id='word_1_458' title='bbox 785 4428 868 4488; x_wconf 89' lang='lat' dir='ltr'><strong>reddi</strong></span> <span class='ocrx_word' id='word_1_459' title='bbox 887 4437 999 4507; x_wconf 86' lang='lat' dir='ltr'><strong>potest;</strong></span> <span class='ocrx_word' id='word_1_460' title='bbox 1026 4427 1092 4486; x_wconf 91' lang='lat' dir='ltr'><strong>Non</strong></span> <span class='ocrx_word' id='word_1_461' title='bbox 1114 4427 1281 4486; x_wconf 73' lang='lat' dir='ltr'><strong>morositatis</strong></span> <span class='ocrx_word' id='word_1_462' title='bbox 1301 4435 1330 4486; x_wconf 89' lang='lat' dir='ltr'><strong>et</strong></span> 
     </span>
    </p>

    <p class='ocr_par' dir='ltr' id='par_1_16' title="bbox 155 4505 1331 4586">
     <span class='ocr_line' id='line_1_46' title="bbox 155 4505 1331 4586; baseline 0.004 -26"><span class='ocrx_word' id='word_1_463' title='bbox 155 4517 291 4564; x_wconf 72' lang='lat' dir='ltr'><strong>mtnntcrto</strong></span> <span class='ocrx_word' id='word_1_464' title='bbox 317 4521 366 4566; x_wconf 77' lang='lat' dir='ltr'><strong>An·</strong></span> <span class='ocrx_word' id='word_1_465' title='bbox 388 4511 555 4586; x_wconf 64' lang='lat' dir='ltr'><strong>indigentia,</strong></span> <span class='ocrx_word' id='word_1_466' title='bbox 571 4509 655 4586; x_wconf 80' lang='lat' dir='ltr'><strong>qussi</strong></span> <span class='ocrx_word' id='word_1_467' title='bbox 669 4509 726 4568; x_wconf 86' lang='lat' dir='ltr'><strong>illis</strong></span> <span class='ocrx_word' id='word_1_468' title='bbox 740 4516 833 4586; x_wconf 83' lang='lat' dir='ltr'><strong>egeat,</strong></span> <span class='ocrx_word' id='word_1_469' title='bbox 849 4509 928 4568; x_wconf 89' lang='lat' dir='ltr'><strong>solus</strong></span> <span class='ocrx_word' id='word_1_470' title='bbox 945 4509 1022 4569; x_wconf 88' lang='lat' dir='ltr'><strong>enim</strong></span> <span class='ocrx_word' id='word_1_471' title='bbox 1043 4507 1099 4566; x_wconf 91' lang='lat' dir='ltr'><strong>sibi</strong></span> <span class='ocrx_word' id='word_1_472' title='bbox 1120 4505 1232 4581; x_wconf 90' lang='lat' dir='ltr'><strong>sufficit,</strong></span> <span class='ocrx_word' id='word_1_473' title='bbox 1248 4513 1277 4565; x_wconf 89' lang='lat' dir='ltr'><strong>ct</strong></span> <span class='ocrx_word' id='word_1_474' title='bbox 1297 4514 1331 4565; x_wconf 88' lang='lat' dir='ltr'><strong>ut</strong></span> 
     </span>
    </p>

    <p class='ocr_par' dir='ltr' id='par_1_17' title="bbox 123 4575 1332 4748">
     <span class='ocr_line' id='line_1_47' title="bbox 152 4575 1331 4667; baseline -0.005 -17"><span class='ocrx_word' id='word_1_475' title='bbox 152 4575 271 4634; x_wconf 69' lang='lat' dir='ltr'><strong>getarum.</strong></span> <span class='ocrx_word' id='word_1_476' title='bbox 390 4589 453 4648; x_wconf 88' lang='lat' dir='ltr'><strong>solo</strong></span> <span class='ocrx_word' id='word_1_477' title='bbox 478 4589 578 4648; x_wconf 88' lang='lat' dir='ltr'><strong>Verbo</strong></span> <span class='ocrx_word' id='word_1_478' title='bbox 599 4589 696 4648; x_wconf 84' lang='lat' dir='ltr'><strong>ornuie</strong></span> <span class='ocrx_word' id='word_1_479' title='bbox 716 4588 853 4663; x_wconf 90' lang='lat' dir='ltr'><strong>condidit,</strong></span> <span class='ocrx_word' id='word_1_480' title='bbox 869 4589 931 4648; x_wconf 87' lang='lat' dir='ltr'><strong>solo</strong></span> <span class='ocrx_word' id='word_1_481' title='bbox 953 4589 1039 4648; x_wconf 84' lang='lat' dir='ltr'><strong>etiem</strong></span> <span class='ocrx_word' id='word_1_482' title='bbox 1061 4607 1096 4648; x_wconf 90' lang='lat' dir='ltr'><strong>eo</strong></span> <span class='ocrx_word' id='word_1_483' title='bbox 1116 4596 1214 4667; x_wconf 85' lang='lat' dir='ltr'><strong>posset</strong></span> <span class='ocrx_word' id='word_1_484' title='bbox 1235 4587 1331 4646; x_wconf 78' lang='lat' dir='ltr'><strong>omnin</strong></span> 
     </span>
     <span class='ocr_line' id='line_1_48' title="bbox 123 4664 1332 4748; baseline -0.002 -23"><span class='ocrx_word' id='word_1_485' title='bbox 123 4677 242 4740; x_wconf 68' lang='lat' dir='ltr'><strong>regere3</strong></span> <span class='ocrx_word' id='word_1_486' title='bbox 268 4664 326 4724; x_wconf 87' lang='lat' dir='ltr'><strong>Sed</strong></span> <span class='ocrx_word' id='word_1_487' title='bbox 340 4667 517 4746; x_wconf 73' lang='lat' dir='ltr'><strong>indulgentior</strong></span> <span class='ocrx_word' id='word_1_488' title='bbox 531 4677 560 4728; x_wconf 89' lang='lat' dir='ltr'><strong>et</strong></span> <span class='ocrx_word' id='word_1_489' title='bbox 580 4669 733 4730; x_wconf 65' lang='lat' dir='ltr'><strong>clarianus.</strong></span> <span class='ocrx_word' id='word_1_490' title='bbox 778 4673 804 4728; x_wconf 92' lang='lat'><strong>1.</strong></span> <span class='ocrx_word' id='word_1_491' title='bbox 826 4668 877 4728; x_wconf 93' lang='lat' dir='ltr'><strong>Ad</strong></span> <span class='ocrx_word' id='word_1_492' title='bbox 889 4671 988 4732; x_wconf 83' lang='lat' dir='ltr'><strong>lenam</strong></span> <span class='ocrx_word' id='word_1_493' title='bbox 1002 4671 1125 4748; x_wconf 64' lang='lat' dir='ltr'><strong>inseram</strong></span> <span class='ocrx_word' id='word_1_494' title='bbox 1150 4669 1332 4746; x_wconf 67' lang='lat' dir='ltr'><strong>Angelorum,</strong></span> 
     </span>
    </p>
   </div>
   <div class='ocr_carea' id='block_1_13' title="bbox 0 0 1595 5172">
    <p class='ocr_par' dir='ltr' id='par_1_18' title="bbox 0 0 1595 5172">
     <span class='ocr_line' id='line_1_49' title="bbox 0 0 1595 5172; baseline 0 0"><span class='ocrx_word' id='word_1_495' title='bbox 0 0 1595 5172; x_wconf 95' lang='lat' dir='ltr'><strong> </strong></span> 
     </span>
    </p>
   </div>
  </div>
 </body>
</html>
