3158 5190
245 369 284 428 bt
711 385 977 430 uocusssouunns.
1270 361 1446 444 [euersum.

286 527 325 587 V.
348 527 430 587 Licet
445 527 525 587 Deus
546 531 689 608 πολνμιςὸς
711 531 756 585 ul
777 526 949 607 πιλπςᾶπυς,
972 523 1049 584 Heb.
1067 523 1086 582 ἰ.
1110 525 1136 598 l,
1160 522 1262 583 Patres
1282 523 1352 582 olim
1373 523 1446 583 ullo·

245 613 353 684 quutus
366 606 461 682 buerit,
476 607 562 666 modo
576 608 654 666 clere
667 627 739 666 voce
753 617 783 666 et
803 624 934 666 sermone
948 606 1098 684 πςιφιςιιᾷ,
1113 600 1200 661 modo
1219 602 1334 662 interno
1347 602 1448 663 afflatu

246 694 383 762 tanquam
405 705 537 745 sermone
564 682 691 764 blastirp,
720 703 926 762 nonuunquam
952 683 1088 742 immissis
1115 681 1243 757 somniis,
1272 682 1449 759 quandoque

246 763 407 825 visionibus
420 764 567 842 exhibitis,
583 765 738 844 aliquando
751 773 900 844 assumpta
912 763 1008 842 specie
1021 762 1155 838 humana,
1171 779 1248 840 sepe
1262 760 1448 838 Angelorum

245 841 413 919 ministerio,
428 843 550 922 ullisque
563 845 723 922 presentie
736 863 797 904 suu
817 843 974 922 symbolis:
996 841 1136 901 Doctuine
1155 847 1252 899 tamen
1266 859 1381 918 semper
1393 839 1451 900 fuit

246 921 365 1000 eadem3
386 941 440 982 nee
461 922 610 984 revelandi
632 922 821 1003 tradendique
842 923 937 1000 modo,
951 919 1001 981 vel
1021 927 1183 998 temponuu
1204 919 1364 980 mutatione
1384 939 1448 979 mu·

247 1009 308 1060 tata
319 1011 373 1063 est.

548 1080 604 1142 VI.
625 1081 694 1142 'Prie
718 1081 901 1160 potissimum
931 1079 1133 1140 necessitatem
1161 1077 1317 1156 Scripturte
1344 1077 1447 1137 confir·

257 1143 483 1207 Ncr'fflsv
503 1170 592 1237 mant,
610 1165 636 1222 1.
653 1163 834 1222 ceumaco
849 1160 949 1221 verat.
990 1163 1019 1219 e.
1038 1157 1204 1220 venece.
1245 1160 1274 1217 s.
1295 1158 1449 1236 nopaqe

277 1207 474 1264 ‘mmm‘
508 1241 555 1302 tio.
597 1241 722 1301 Necesse
748 1240 803 1302 luit
824 1240 955 1301 Verbum
978 1239 1117 1316 scriptum
1141 1237 1280 1297 Ecclesiue
1307 1237 1394 1313 mdiv
1419 1245 1452 1296 '¹‘

248 1324 325 1376 essct
338 1325 473 1378 constans
487 1327 517 1378 et
530 1319 665 1381 immotus
678 1319 746 1380 fidei
766 1328 797 1380 et
810 1339 887 1380 verse
901 1319 1063 1396 Religionis
1077 1319 1185 1393 Canon,
1199 1317 1250 1394 qui
1263 1336 1450 1376 conseruere·

249 1405 297 1456 tur
314 1395 428 1457 lucilius
447 1418 538 1476 purus
558 1407 589 1459 et
610 1400 724 1478 integer
744 1399 884 1460 adversus
905 1399 1050 1457 memoris
1071 1397 1275 1470 infirmitatem,
1298 1396 1452 1455 hominum

249 1477 475 1554 perversitatem,
491 1486 521 1537 et
534 1478 603 1538 vitae
615 1479 806 1540 brevitatem:
828 1479 871 1540 Ut
884 1477 1080 1537 vindicaretur
1098 1477 1206 1536 certius
1225 1496 1244 1534 a
1256 1475 1409 1535 buudibus
1422 1483 1453 1534 et

249 1555 1309 1715 tttttttitttttgtmttttttnttttttffl
1322 1554 1454 1693 titt

250 1723 349 1774 monet
367 1716 446 1775 Vives
460 1713 497 1792 de
511 1716 614 1776 (lamis
628 1716 900 1810 Corrupt3Artium,
922 1715 973 1775 lib.
990 1718 1016 1790 1,
1031 1715 1116 1774 Artes
1135 1733 1229 1774 omnes
1248 1733 1299 1772 ceu
1319 1715 1454 1774 tieem

250 1804 459 1870 annonantur,
481 1815 517 1854 ue
529 1815 655 1872 uuquam
675 1797 850 1872 intevcsdunt,
865 1815 928 1855 cum
944 1803 1043 1854 conta
1056 1793 1155 1870 infolio
1166 1795 1204 1852 sit
1215 1794 1267 1852 illu
1279 1813 1337 1870 per
1350 1813 1454 1853 mutuus

251 1875 376 1934 ecditio.
417 1875 553 1934 Deiectum
566 1877 618 1935 lece
631 1877 779 1935 literarum
791 1885 819 1935 at
829 1875 957 1935 neratde
970 1875 1134 1954 bereeficium,
1149 1881 1183 1933 ut
1196 1874 1237 1932 eit
1245 1873 1453 1949 Quintilianus,

251 1963 283 2013 ut
303 1955 461 2015 estodiant
479 1975 566 2032 cocu,
589 1965 618 2015 et
636 1957 721 2016 veluti
740 1955 895 2032 depositum
915 1957 1039 2014 reddant
1059 1953 1222 2013 absentibus.
1264 1949 1327 2012 Nee
1343 1952 1402 2010 alia
1416 1952 1456 2012 de
1565 1976 1570 2017 ς

251 2053 339 2094 oense
353 2034 448 2112 Leges
461 2035 593 2112 publicae,
611 2035 727 2096 Statuta
739 2044 769 2095 et
779 2035 885 2096 Edicta
894 2035 1009 2112 Regum
1021 2040 1052 2093 et
1066 2033 1223 2093 Plebiseite
1235 2031 1266 2090 iu
1280 2051 1337 2090 tere
1350 2031 1454 2091 inscri-
1565 2030 1570 2047 ¹

251 2114 368 2190 buntur,
389 2115 438 2174 vel
459 2115 567 2175 tubulis
588 2115 713 2193 publicIs
734 2114 949 2193 consignantur,
971 2113 1029 2172 nisi
1050 2113 1119 2190 quie
1141 2113 1204 2172 hsec
1225 2111 1387 2172 certissime
1408 2121 1457 2171 cst

252 2195 325 2253 ratio
339 2195 530 2254 conservandi
543 2195 715 2271 incorrupte,
725 2203 755 2254 et
767 2213 819 2287 per
831 2194 924 2254 multa
937 2193 1034 2253 secula
1046 2191 1225 2271 propagandi
1238 2209 1336 2251 aurum
1345 2209 1454 2266 rerum,
1564 2248 1569 2261 ,

253 2293 326 2350 quas
338 2272 454 2351 publice
467 2273 588 2332 interest
601 2275 687 2348 scire,
699 2293 875 2332 memoriam.

555 2352 629 2412 VII.
652 2353 718 2411 Etsi
732 2352 864 2410 Ecclesia
877 2359 943 2411 aute
955 2351 1067 2411 Mosem
1081 2351 1205 2410 caruerit
1213 2349 1313 2409 Verbo
1327 2348 1454 2427 scripto;
1563 2350 1569 2427 i

283 2415 493 2519 sontpmmluuo
514 2448 572 2488 non
586 2430 716 2522 sepuitur
729 2439 759 2489 et
771 2449 857 2524 posse
870 2450 947 2524 punc
961 2450 995 2489 eo
1010 2449 1124 2492 carere:
1144 2431 1214 2508 quia
1234 2429 1292 2488 alia
1312 2437 1359 2488 est
1380 2430 1456 2522 retio

253 2584 462 2678 constituebat3
484 2507 1262 2668 elssoiiiduddetddaudtupfdpiddsddis:ndiidupxilriddidddd
1275 2508 1457 2665 ἓξὲξ

254 2664 312 2723 slus
324 2683 394 2722 vero
408 2667 607 2742 sequentium:
629 2667 665 2726 In
687 2667 746 2728 illis
767 2667 880 2729 facilius
893 2668 1023 2729 Verbum
1044 2667 1161 2750 ἔγςιφιι
1182 2667 1346 2728 conservari
1360 2668 1458 2744 potnit

253 2751 370 2820 propter
383 2745 585 2820 lotupoeututem
598 2747 844 2824 Paciarctarum,
856 2750 1063 2823 futurororum
1078 2749 1260 2824 pneumon,
1275 2754 1305 2806 et
1316 2749 1456 2824 frequens·

255 2824 558 2900 tenerescentium
580 2824 661 2905 (licet
678 2847 745 2887 suas
766 2828 854 2887 etiam
875 2847 934 2886 uon
946 2847 1053 2906 paucas
1066 2847 1184 2906 pessum
1200 2827 1239 2886 sit
1252 2826 1456 2904 corruptelas.)

249 2902 316 2963 'Sed
329 2901 360 2960 in
373 2902 446 2980 eliis,
466 2903 517 2964 ubi
530 2905 592 2966 vite
605 2905 753 2966 hominum
766 2906 805 2966 ed
817 2907 935 2966 brevius
948 2915 1063 2984 tempus
1076 2915 1223 2966 contracte
1236 2905 1298 2981 fuit,
1313 2914 1345 2964 et
1353 2905 1456 2965 Eccle-

254 2983 299 3044 sie
311 3001 371 3042 non
385 2981 461 3042 intra
476 3003 564 3043 unum
578 2985 626 3045 vel
642 2987 762 3046 ultorem
781 2986 919 3046 familiam
940 2987 1052 3046 inclusa
1072 2986 1165 3062 latuit,
1189 2985 1242 3045 sed
1262 2985 1293 3044 iu
1314 2985 1455 3062 populum
1572 3031 1573 3036 1

254 3062 519 3124 numerosissimum
541 3065 679 3141 excrevit,
694 3074 725 3126 ct
738 3066 862 3128 Orecula
882 3065 983 3125 divine
1003 3065 1118 3144 parcius
1139 3073 1208 3124 sunt
1229 3063 1378 3140 exhibita3
1399 3064 1458 3123 alie

255 3143 356 3204 debuit
368 3161 433 3202 csse
446 3143 635 3206 institutionis
648 3146 730 3222 retio,
745 3153 779 3205 ut
791 3145 948 3205 seorsim
963 3144 1138 3224 Respublica
1151 3163 1210 3203 uon
1223 3144 1293 3202 vive
1305 3161 1379 3203 voce
1392 3153 1456 3203 tan-
1567 3198 1570 3207 ,

255 3231 326 3298 tum,
342 3221 394 3281 aed
407 3223 522 3316 legibus
536 3224 650 3302 scriptis
663 3233 819 3302 regeretur.
1565 3280 1570 3307 ,

296 3301 389 3359 VIII.
410 3301 494 3361 Lucet
508 3303 646 3362 Ecclesiee
660 3305 794 3381 quedam
807 3303 995 3396 particulares
1008 3303 1047 3362 ed
1066 3311 1180 3380 tempus
1199 3321 1297 3362 cerere
1310 3303 1459 3380 potuerint
1567 3322 1570 3359 ι

256 3379 364 3455 scripto
378 3377 435 3436 Dei
448 3381 546 3453 verbo,
561 3381 687 3441 menime
700 3401 790 3459 quum
810 3401 934 3459 primum
955 3382 1156 3459 erigebantur;
1178 3390 1275 3441 temen
1287 3401 1342 3440 nec
1356 3401 1455 3441 cerue-
1566 3378 1571 3455 3

256 3463 324 3515 runt
345 3475 380 3514 eo
403 3457 460 3516 Dei
477 3457 575 3516 Verbo
596 3459 675 3535 quod
697 3460 836 3536 scriptum
857 3461 1004 3538 estquod
1024 3461 1215 3539 proculdubio
1235 3480 1287 3538 per
1308 3461 1459 3520 bominum
1572 3475 1573 3498 ³

256 3533 446 3674 rsrreiuisterium
461 3534 578 3595 auribus
592 3555 690 3596 eorum
704 3536 864 3614 insonabat,
876 3558 930 3598 nec
939 3537 1071 3600 Ecclesia
1084 3549 1152 3601 turne
1166 3539 1196 3599 in
1209 3541 1356 3600 communi
1366 3539 1460 3600 ceruit

296 3613 414 3690 riptura.

298 3692 359 3753 IX.
382 3692 507 3770 Spiritus
522 3693 645 3754 Sanctus
659 3695 721 3772 teng
784 3697 808 3755 ἰ
821 3715 879 3776 que
891 3695 993 3756 fideles
1012 3697 1119 3759 debent
1139 3717 1202 3758 esse
1215 3695 1379 3774 fficium,
1394 3698 1460 3758 Jer.

258 3773 342 3833 xxxi.
357 3775 414 3849 343
436 3773 543 3833 Johan.
558 3773 598 3834 vi.
613 3777 670 3850 433
694 3721 833 3836 lddssan.
854 3777 884 3836 ii
899 3780 948 3853 at,
972 3777 1149 3856 Scripturam
1168 3797 1227 3838 nou
1247 3779 1343 3838 reddit
1362 3778 1461 3837 miuus

257 3852 466 3928 necessus-iem
487 3852 628 3930 quianon
641 3853 726 3914 dstm
739 3855 832 3932 nobis,
847 3864 881 3916 ut
901 3855 1002 3916 afferet
1023 3877 1115 3916 noves
1136 3857 1337 3932 revolutiones,
1360 3857 1414 3916 sed
1427 3865 1460 3916 ut

258 3932 389 3992 Verbum
403 3931 541 4010 scriptum
554 3932 690 3993 cordibus
704 3934 866 4014 imprimet:
888 3935 931 3996 Ut
943 3936 991 3994 hie
1010 3955 1157 4014 nunquam
1172 3936 1303 3996 Verbum
1315 3955 1335 3994 a
1349 3936 1459 4013 Spiritu

258 4011 456 4072 divellendum
470 4011 517 4088 sit,
541 4013 599 4073 Ise.
621 4013 674 4072 lix.
689 4017 737 4074 ul.
780 4014 860 4073 Illud
882 4015 1035 4092 objectivc,
1058 4014 1107 4075 hic
1127 4015 1283 4075 efficienter
1305 4023 1458 4092 operatum

258 4089 332 4150 illud
346 4092 526 4152 extrinsecus
539 4111 623 4153 eures
636 4092 710 4169 ferit,
728 4093 776 4153 bic
795 4095 874 4154 intus
895 4095 983 4154 corda
1001 4094 1110 4172 sperit;
1135 4095 1260 4172 Spiritus
1279 4103 1325 4156 est
1339 4095 1458 4168 Booten,

261 4169 410 4248 Scriptura
436 4179 482 4231 est
507 4171 639 4232 doctrine
664 4193 751 4250 quum
773 4193 826 4233 nos
848 4173 941 4233 docet.
983 4177 1011 4234 2.
1027 4173 1126 4233 Verbe
1152 4174 1289 4234 Jeremiae
1316 4173 1402 4232 xxxi.
1431 4183 1461 4232 et

262 4249 364 4307 lJoh.
388 4250 419 4308 ii.
443 4255 492 4328 ut,
513 4271 572 4311 non
593 4261 661 4312 sunt
682 4252 814 4312 absolute
835 4261 865 4312 et
887 4251 1055 4330 simpliciter
1075 4252 1272 4330 intelligenda,
1295 4252 1380 4329 qussi
1402 4271 1461 4310 non
1571 4256 1572 4315 ξ

260 4326 384 4402 amplius
405 4337 482 4388 esset
503 4349 621 4391 necesse
634 4331 735 4391 fideles
750 4332 828 4391 Novi
841 4331 1018 4391 Testamenti
1039 4332 1082 4391 uti
1106 4332 1270 4408 Scriptum
1291 4332 1364 4391 alias
1386 4329 1459 4390 frus·
1571 4372 1572 4391 r

260 4413 306 4463 tra
319 4404 420 4481 edeos
434 4407 572 4469 scriberet
579 4411 601 4470 J
603 4412 744 4486 chennes;
767 4411 819 4471 sed
833 4411 989 4471 secundum
1004 4411 1160 4488 quidquia
1172 4419 1289 4489 propter
1302 4411 1461 4489 pleniorem

260 4483 373 4560 copiam
396 4485 519 4562 Spiritus
542 4489 640 4548 Sancti
662 4490 692 4548 in
707 4491 792 4550 Novo
805 4491 990 4550 Testamento
1011 4511 1069 4550 non
1091 4499 1149 4550 tam
1170 4510 1289 4568 operose
1311 4499 1393 4549 erent
1410 4490 1460 4548 do

261 4561 354 4637 cendI,
369 4571 403 4622 ut
417 4563 470 4623 snb
485 4565 586 4625 Veteri
599 4587 650 4644 per
664 4569 747 4628 rudia
760 4579 789 4629 et
803 4589 895 4646 egens
908 4570 1057 4629 elementa.
1101 4573 1128 4629 3.
1152 4570 1309 4630 Promissio
1322 4570 1461 4628 Ieremias

261 4641 501 4720 complementum
516 4663 599 4706 suum
618 4656 729 4707 tantum
753 4649 893 4709 obtinebit
915 4650 945 4707 in
968 4649 1057 4726 coelis,
1074 4649 1124 4710 ubi
1144 4658 1260 4730 propter
1282 4649 1388 4708 claram
1405 4649 1462 4708 Dei
