3044 5180
77 379 171 429 cursu
185 355 294 438 xxvia]
478 375 517 414 ns
531 375 590 414 oso
604 374 673 432 ιιιιο,
690 375 727 414 sr
741 375 841 416 rarae.
1205 361 1262 418 251

77 529 166 594 rentur,
188 525 216 577 et
237 537 255 574 a
276 534 309 576 se
330 515 457 574 invicem
479 514 732 594 distinguerentur,
758 537 810 594 per
824 516 914 576 solum
928 518 1121 596 negationem,
1137 527 1166 577 et
1179 538 1267 596 opera

75 599 216 678 personalis
228 597 267 656 ad
280 597 370 670 intra
384 596 496 655 nullum
509 597 681 674 principium
695 597 834 656 haberent
847 598 905 656 nisi
917 599 1085 675 negativum
1098 621 1105 674 ;
1121 619 1186 676 quse
1200 618 1266 658 cum

75 691 138 739 stare
150 699 202 738 non
215 679 342 756 possint,
358 697 474 737 neeesse
498 685 589 736 estut
609 677 739 736 dicamus
759 679 876 737 modum
896 679 1072 738 subsistendi
1096 679 1126 738 in
1151 679 1268 738 Divinis

74 761 167 837 aliquid
176 758 293 836 positivi
304 757 499 835 superaddere
509 757 615 816 unitati
626 758 767 816 Esseutiae
778 759 892 817 Divina
904 781 911 836 3
928 759 1068 835 Quamvis
1076 768 1172 819 autem
1182 759 1266 818 facile

73 861 121 898 nou
133 841 272 918 capiamus
286 839 363 917 quid
375 838 493 916 positivi
506 837 580 897 illud
593 837 640 915 sit,
654 857 714 897 non
727 839 793 899 ideo
806 839 839 897 in
850 859 930 899 mera
939 839 1094 919 negatione
1108 840 1166 900 dici
1179 839 1268 900 debet

72 921 218 980 mmmm

92 1067 123 1078 ,Ι
164 1067 170 1078 ο
361 998 452 1058 XVI.
475 998 632 1058 Distinctio
651 1006 748 1058 autem
762 998 818 1059 ista
832 999 1024 1060 Personarum
1037 1001 1068 1058 in
1082 999 1196 1060 duobus
1216 1018 1267 1077 po·

72 1066 185 1170 Dfflff
207 1067 296 1184 ἓξὲξ·
317 1079 464 1174 ιὶιιιιίιιιιιιιι
478 1078 656 1172 observatur,
682 1083 707 1140 1.
722 1082 804 1138 Intus
825 1079 856 1139 in
878 1081 949 1158 ipsis
971 1081 1114 1174 Perennis,
1137 1085 1165 1140 2.
1181 1081 1268 1139 Foris

92 1241 296 1287 m.
316 1160 716 1318 mittitis
731 1160 1268 1320 sitititttfftttttttt

104 1315 151 1348 ¹⁰²⁰
160 1301 257 1346 crura.
318 1341 338 1380 a
351 1321 432 1380 uuila
444 1329 497 1396 est,
515 1321 608 1380 Filius
621 1331 655 1379 ut
669 1321 804 1397 secunda,
819 1342 885 1401 quae
894 1332 939 1381 est
953 1343 970 1381 a
985 1324 1079 1398 Patre,
1096 1333 1125 1383 et
1141 1323 1267 1400 Spiritus

71 1399 95 1457 S.
107 1407 136 1458 ut
148 1400 239 1476 tertia,
265 1421 336 1479 qum
362 1409 407 1460 est
431 1421 448 1459 a
472 1402 558 1461 Patre
579 1410 609 1460 et
624 1401 709 1460 Filio.
751 1403 842 1480 Cujus
866 1412 999 1481 respectu
1013 1403 1145 1482 quadam
1160 1406 1267 1484 ὑπιςοχὺ

71 1479 241 1558 siheoIogis
254 1480 399 1542 tribuitur
419 1482 507 1556 Patri,
523 1501 581 1540 non
596 1481 713 1558 quidem
736 1484 848 1542 ratione
862 1485 984 1543 cessatio
997 1493 1027 1544 et
1042 1484 1175 1560 Deitatis,
1199 1485 1268 1563 quia

71 1571 96 1617 ut
110 1561 235 1620 Personae
250 1572 323 1622 sunt
352 1561 481 1639 Speciosa,
507 1563 549 1621 ita
566 1581 678 1620 summa
699 1561 784 1622 datur
806 1564 880 1623 inter
902 1583 951 1622 eas
966 1565 1134 1642 {equalitas3
1157 1565 1209 1624 sed
1222 1583 1266 1622 ra·

71 1640 135 1698 tione
147 1643 223 1700 modi
234 1651 300 1702 tum
316 1643 350 1700 in
364 1642 555 1717 subsistendo,
578 1650 640 1701 tum
661 1643 691 1700 iu
712 1643 878 1720 operando:
899 1644 937 1702 In
956 1646 1133 1720 summm,
1149 1645 1218 1722 quia
1238 1651 1268 1703 et

72 1720 152 1796 quoad
164 1721 305 1799 ordinem,
323 1731 355 1782 et
368 1723 464 1802 quoad
474 1723 614 1800 originem
634 1723 771 1800 praecedit
793 1725 901 1783 Filium
922 1733 951 1784 et
967 1725 1104 1802 Spiritum
1121 1725 1267 1800 Sanctum,

72 1809 155 1876 utpote
168 1803 217 1878 qui
230 1805 350 1863 nullum
372 1804 477 1862 habeat
491 1803 539 1863 vel
553 1803 662 1862 ordinis
675 1803 724 1862 vel
738 1805 858 1882 originis
871 1805 1052 1882 principium,
1079 1805 1130 1864 aed
1144 1826 1161 1863 a
1180 1798 1270 1880 scisso

74 1881 175 1954 sitnon
185 1885 315 1960 positive,
342 1884 394 1942 sad
407 1884 540 1961 negatus,
563 1903 622 1960 quo
646 1903 733 1943 sensu
758 1884 894 1944 Patribus
916 1883 1021 1943 dieitur
1034 1887 1135 1957 mystis
1157 1886 1271 1950 θιᾶπτος

74 1961 138 2018 Paua
156 1964 288 2040 Deitatis,
304 1984 367 2022 non
380 1964 512 2023 absolute
526 1963 622 2040 quoad
633 1964 826 2038 existentiam,
842 1964 894 2022 sod
907 1965 1068 2042 respective
1082 1963 1178 2042 quoad
1191 1965 1271 2024 illius

74 2041 361 2103 communicationem.
414 2044 450 2102 In
464 2046 617 2120 operando,
642 2043 712 2123 quia
733 2044 804 2102 ordo
827 2043 965 2120 operandi
993 2045 1123 2122 sequitur
1151 2043 1270 2102 modum

75 2120 242 2183 subsistendi.
288 2124 379 2185 Unde
398 2125 481 2183 Pater
494 2143 512 2182 a
525 2143 565 2200 se,
582 2124 676 2183 Pilius
689 2142 760 2182 vero
774 2143 792 2182 a
807 2123 893 2182 Patre
907 2133 1049 2200 operatur.

379 2204 487 2262 XVII.
519 2203 663 2280 Secunde,
691 2204 802 2263 ratione
824 2205 1037 2280 Proprictotum
1064 2203 1270 2278 Persoaulium,

322 2305 389 2363 quae
403 2304 461 2343 non
475 2303 642 2344 communes
656 2292 724 2342 sunt
738 2284 874 2343 Personis
888 2283 1011 2361 singuiis
1030 2283 1082 2344 sed
1106 2283 1268 2361 singulares

324 2365 412 2424 alicui
427 2365 570 2440 Persona,
600 2363 729 2441 adeoque
751 2364 1045 2441 incommunicabiles,
1071 2365 1140 2443 quia
1164 2383 1269 2422 conve·

78 2441 147 2502 uiant
159 2444 296 2506 Personis
311 2465 371 2523 qua
386 2443 529 2519 Personis,
545 2453 574 2503 et
587 2444 680 2522 ipsam
703 2445 895 2503 Personarum
916 2444 1269 2504 incommunicabilitatem

79 2525 249 2586 mustituuut.
295 2526 347 2588 Sic
362 2525 441 2584 Patri
461 2524 598 2584 tribuitur
621 2525 757 2596 ὶγινηνίι,
780 2525 857 2584 Filio
877 2549 989 2602 aarum,
1015 2525 1134 2604 Spiritui
1161 2525 1268 2584 Sancto

79 2602 206 2684 arigium.
242 2608 335 2667 Pater
348 2605 454 2664 dicitur
467 2605 640 2680 amasium«,
655 2625 714 2664 nou
728 2605 906 2682 affirmativa
922 2607 994 2665 alias
1013 2606 1058 2666 sui
1081 2606 1171 2684 ipsius
1192 2605 1272 2682 prin-

81 2683 171 2758 cipIum
183 2685 266 2762 foret,
281 2696 314 2747 et
336 2686 431 2763 seipso
451 2686 530 2763 prior
543 2693 573 2744 et
586 2685 744 2762 posterior;
766 2684 818 2744 sed
831 2686 975 2763 negative,
991 2686 1060 2755 uuis
1073 2693 1118 2745 e'st
1136 2686 1269 2757 spismae,

80 2771 103 2819 et
115 2767 278 2844 utexplieat
294 2767 407 2826 Athan.
429 2767 460 2824 in
476 2766 585 2844 Symb,
601 2766 648 2824 ἀπ’
661 2764 748 2831 sideris
767 2768 819 2825 im
835 2771 940 2842 rank,
964 2765 1015 2826 scidi
1033 2791 1077 2843 μιν
1098 2771 1197 2832 arausic
1222 2762 1274 2824 aidi

82 2847 178 2922 reuss,
193 2847 432 2907 contradistinete
446 2847 484 2906 ad
500 2847 616 2920 Filium,
632 2847 681 2923 qui
694 2847 764 2905 licet
777 2866 836 2905 non
850 2847 888 2906 sit
901 2846 949 2905 vel
963 2857 1086 2923 creatus,
1101 2847 1150 2906 vel
1168 2847 1272 2922 factus,

82 2933 217 2984 esttamen
231 2949 249 2986 a
264 2929 354 2986 Patre
369 2927 493 3004 genitus
537 2924 586 2985 Sic
601 2927 694 2985 Filius
716 2923 822 2985 dicitur
844 2945 907 2984 esse
930 2945 948 2984 a
970 2927 1055 2984 Patre
1078 2946 1130 3003 per
1153 2945 1273 3004 genera-

83 3001 191 3081 tionem3
212 3027 271 3066 non
286 3008 401 3067 ratione
416 3006 560 3080 Basanitis,
577 3013 606 3065 et
619 3007 742 3064 ubsolme
755 3025 813 3082 qua
827 3005 917 3079 Deus,
943 3006 995 3064 sed
1008 3005 1118 3064 radone
1130 3007 1272 3079 resono,

84 3091 107 3139 et
118 3087 311 3163 redapb'cutiuc
325 3107 383 3164 qua
399 3087 511 3162 Filium
543 3086 668 3164 Spiritus
684 3085 714 3144 S.
730 3095 774 3143 est
787 3104 806 3142 a
820 3085 906 3142 Patre
919 3093 949 3142 et
967 3085 1044 3142 Filio
1065 3105 1117 3160 per
1141 3085 1272 3160 spiratio·

84 3179 154 3296 pm,
174 3168 240 3243 quia
255 3168 407 3246 generatio
417 3176 447 3226 et
461 3167 580 3244 spiratio
595 3173 640 3225 est
653 3165 895 3224 communicativa
912 3163 1055 3222 Essentia
1069 3163 1106 3221 ad
1120 3163 1274 3222 terminum

106 3247 295 3308 ersonalitatis.

119 3322 233 3386 XVIII.
255 3329 417 3405 Quietem
432 3327 627 3404 Proprietates
640 3326 704 3384 istae
719 3323 891 3383 Personales
905 3331 935 3382 et
959 3323 1198 3382 characteristica
1222 3343 1273 3381 ex-

86 3400 157 3474 primi
170 3407 260 3468 aoient
274 3407 444 3466 nominibus
456 3406 587 3466 relativis
603 3405 707 3480 Patris,
723 3405 793 3463 Filii
814 3413 843 3463 et
866 3403 990 3482 Spiritus
1013 3405 1129 3480 Sancti3
1151 3404 1219 3462 hinc
1239 3403 1273 3462 fit

88 3489 114 3536 ut
125 3484 305 3548 relationibus
319 3488 406 3547 οιὶιιιιι
419 3486 561 3564 distingui
574 3487 650 3545 inter
663 3505 694 3544 se
708 3485 849 3559 dicantar,
864 3503 923 3543 nou
937 3484 1054 3562 quidem
1067 3484 1274 3562 predicamen-
1294 3513 1298 3524 ·

88 3559 185 3640 talibus,
200 3585 264 3644 quse
281 3576 349 3627 sunt
362 3566 563 3641 accidentales,
579 3566 631 3625 sed
644 3565 962 3641 transcendentaiibus;
980 3573 1014 3624 ut
1028 3566 1104 3624 enim
1118 3565 1274 3642 unicuique

91 3637 205 3704 Persona
217 3649 375 3726 peculiaris
388 3657 433 3706 est
446 3647 640 3722 subsistentia,
656 3655 686 3704 et
699 3645 851 3722 peculiaris
864 3645 1032 3723 proprietas,
1048 3646 1090 3704 sic
1104 3655 1133 3704 et
1153 3643 1276 3720 singulis

92 3723 222 3792 peculim,
234 3738 283 3788 est
295 3728 407 3787 relatio.
449 3727 589 3801 Quamvis
603 3734 698 3784 autem
713 3728 874 3785 Delationes
887 3726 952 3784 ista
965 3729 1057 3784 reales
1080 3725 1193 3802 possint
1217 3722 1275 3780 dici

94 3809 381 3882 emundamus,
397 3807 476 3884 quod
489 3807 519 3864 in
534 3806 748 3884 operationibus
762 3804 800 3865 ad
812 3806 889 3864 intra
903 3805 1095 3878 constituitur,
1111 3804 1179 3879 quia
1199 3801 1276 3860 reale

96 3889 130 3936 cst
140 3881 286 3947 discrimen
299 3889 375 3946 inter
387 3905 535 3964 personas,
549 3894 579 3944 et
592 3886 667 3945 alius
681 3895 725 3945 est
738 3887 833 3963 reipsa
848 3885 935 3944 Pater
953 3904 970 3943 a
991 3884 1088 3943 Filio:
1120 3883 1187 3940 Non
1208 3899 1275 3957 pos-

99 3971 150 4018 tult
160 3973 249 4026 tamen
265 3967 323 4026 diei
339 3967 426 4026 Entia
439 3967 537 4042 realia,
548 3975 582 4024 ut
594 3966 705 4024 vellent
720 3964 899 4039 scholastici,
910 3964 978 4040 quia
990 3983 1050 4020 non
1064 3971 1131 4022 sunt
1141 3962 1276 4020 entitatos

99 4035 221 4121 statute,
236 4047 289 4108 aed
302 4047 531 4106 modificationes
544 4055 656 4105 tannun
671 4053 700 4103 et
713 4047 893 4103 characteres
909 4043 1060 4102 Essentiae.

129 4117 210 4184 XIX.
231 4128 279 4187 Ita
292 4135 390 4186 umen
411 4126 629 4204 distinguuntur
650 4123 786 4184 Persona
806 4142 859 4200 per
882 4122 953 4180 istas
976 4122 1138 4194 relationes,
1162 4128 1194 4178 ut
1217 4139 1276 4177 non

98 4201 146 4255 itm
157 4203 208 4264 siut
220 4203 367 4284 Principia
381 4206 569 4265 constitutiva
583 4206 783 4278 Personarum,
799 4221 885 4278 quam
900 4200 1055 4260 eamndem
1070 4199 1245 4258 declarativa
1259 4219 1276 4257 a

98 4284 233 4362 aaaron
248 4296 392 4364 quatenus
405 4284 516 4345 scilicet
529 4293 695 4363 spectantur
708 4285 738 4342 in
758 4301 822 4342 esse
843 4299 896 4340 suo
916 4289 1037 4340 externo
1057 4287 1086 4338 et
1106 4277 1276 4356 respectivo.

101 4353 139 4412 Sit
152 4359 311 4440 Patemitas,
327 4385 393 4444 qua
406 4375 451 4424 est
464 4366 566 4424 relatio
582 4365 677 4423 Patris
699 4363 737 4421 ud
758 4363 874 4435 Filium,
898 4360 1029 4419 notificat
1049 4359 1134 4418 nobis
1155 4358 1276 4436 primam

103 4429 242 4522 Personam,
266 4447 385 4505 Filiatio
407 4445 572 4520 secundam,
598 4444 723 4522 Spiratio
744 4442 869 4502 tertiam
916 4441 999 4499 Licet
1021 4447 1117 4498 autem
1139 4437 1169 4496 iu
1191 4438 1277 4498 Patre

100 4509 186 4579 deutur
197 4525 257 4584 duae
273 4526 449 4601 Delationes,
466 4525 628 4584 Paternitas
642 4533 672 4584 et
687 4523 829 4601 Spiratio;
845 4521 932 4580 Pater
942 4530 1039 4580 tumen
1052 4539 1110 4578 nou
1124 4518 1276 4590 distingui-

101 4597 139 4649 tur
149 4597 175 4656 in
187 4602 252 4664 duas
267 4606 419 4681 Personas,
430 4605 499 4682 quia
507 4613 698 4682 praeterquam
712 4603 791 4682 quod
804 4623 862 4660 non
873 4609 969 4679 potest
980 4619 1043 4660 osse
1052 4600 1210 4679 proprietas
1221 4598 1278 4656 ira·

83 2265 110 2310 Et
118 2268 289 2325 proprietatum

104 2327 263 2378 personalium.
