3158 5190
13 4353 14 4364 ,
141 4296 218 4374 quod
231 4296 314 4356 nulls
327 4296 430 4373 regule

135 353 245 409 eumer.
261 335 346 419 xvi]
633 357 671 399 nn
686 357 857 402 sonnerunt.
1288 341 1344 400 125

136 496 246 576 eclypsi
261 517 316 558 ena
326 503 425 558 totum
438 496 592 576 Scripturee
600 498 745 559 Cononem
757 498 868 574 eleuet,
881 503 910 558 et
920 495 1057 558 extremis
1065 497 1162 557 verbis
1172 497 1264 558 veluti
1274 497 1344 559 diris

135 576 312 655 quibusdam
326 577 506 654 obsignavit„
541 576 627 636 Adde
641 578 720 656 quod
732 579 822 656 aperi
833 597 945 656 semper
955 578 1065 637 veleret
1078 585 1296 654 argumentum
1314 587 1345 640 et

134 657 216 735 quod
229 656 267 716 (le
281 657 341 716 isto
355 657 433 714 libro
446 657 559 733 dicitur,
574 657 699 735 idipsum
710 667 739 718 et
752 658 783 716 in
797 658 862 718 eliis
875 660 961 717 etiem
975 658 1071 717 locum
1083 656 1190 716 hebere
1203 657 1299 717 debet.

179 735 270 795 XVI.
292 738 321 796 3.
345 735 423 810 Quie
440 738 504 795 Lm
516 736 576 795 Dei
593 737 698 796 dicitur
713 741 850 814 perficta,
871 746 1091 814 quercetanus
1103 738 1236 812 eminam,
1251 747 1278 796 ct
1293 739 1346 797 dat

134 816 306 892 mpecrm'cem
324 816 454 892 simplici,
470 813 524 874 &c
540 817 588 875 Ps.
603 817 665 876 xix.
680 819 708 893 8,
724 820 752 876 9.
794 817 837 876 At
851 817 952 876 enimse
967 817 1117 876 conversio
1130 825 1160 876 et
1173 817 1344 876 restauratio

134 913 196 954 non
210 903 309 973 potest
322 895 448 954 obtineri
461 893 518 954 nisi
528 895 652 972 cognitis
666 896 799 956 omnibus
810 895 848 955 ed
861 897 983 956 salutem
993 897 1171 956 necessariis.
1212 895 1275 957 Nec
1285 895 1344 956 dici

132 982 236 1052 potest
245 975 296 1052 egi
305 975 354 1034 hic
362 981 475 1034 tentum
484 974 520 1032 de
528 976 700 1050 perfectione
708 976 842 1036 inteream
852 976 948 1053 quoad
958 977 1134 1054 qualitatem,
1147 975 1214 1052 quie
1225 976 1288 1034 Lex
1299 984 1344 1035 est

132 1055 334 1129 immemrlets,
346 1062 376 1114 et
387 1053 449 1113 sine
458 1053 519 1112 ullo
530 1055 602 1114 vitio
611 1055 708 1132 quoad
722 1055 852 1132 singulas
863 1064 969 1133 peltes,
979 1075 1037 1114 non
1047 1075 1117 1114 vero
1128 1055 1164 1114 de
1172 1056 1345 1132 perfectione

134 1132 391 1211 amnemquocd
407 1133 596 1210 quantitatem
610 1143 640 1193 et
654 1134 885 1213 amplitudinem
901 1135 970 1212 quie
985 1143 1014 1194 et
1028 1135 1252 1212 primerievocis
1264 1153 1344 1194 eren

134 1212 315 1289 significatio
326 1211 461 1290 designet
470 1211 673 1290 perfectionem
684 1215 780 1290 telem,
792 1214 840 1274 cui
853 1215 926 1272 nihil
940 1215 1029 1290 deest,
1045 1223 1074 1274 et
1084 1215 1127 1273 rei
1137 1215 1227 1293 ipsius
1240 1222 1345 1275 nature

133 1292 195 1350 hoo
209 1292 313 1368 exigit,
328 1291 397 1369 quia
410 1291 507 1368 egitur
520 1291 557 1351 de
570 1311 605 1352 ea
617 1293 800 1370 perfectione,
818 1313 883 1371 quse
892 1301 989 1370 poteet
1002 1293 1127 1352 animem
1140 1303 1300 1354 restaurare
1314 1303 1345 1354 et

134 1370 210 1430 dare
224 1370 395 1449 sapientiam
409 1370 541 1508 simplici,
557 1371 635 1449 quod
649 1372 711 1431 eine
724 1372 810 1450 plena
823 1373 993 1432 sufficientia
1007 1373 1130 1432 obtineri
1143 1374 1252 1451 nequit.

133 1493 218 1548 e
229 1493 366 1553 ..m
404 1451 874 1592 ..utentem
887 1452 1092 1592 eneae
1105 1453 1343 1608 rerem

135 1628 191 1668 xx.
202 1611 251 1683 31,
261 1616 291 1667 et
306 1611 322 1666 1
338 1606 389 1668 Jo.
399 1627 429 1667 v.
446 1611 499 1684 133
520 1609 576 1668 Ro.
591 1629 641 1669 xv.
655 1612 692 1686 4;
714 1610 858 1688 quomodo
868 1629 938 1670 vero
951 1611 1018 1670 finis
1031 1611 1086 1671 iste
1100 1611 1224 1671 obtineri
1236 1621 1343 1690 posset,

135 1689 197 1746 nisi
210 1687 340 1765 perfecta
349 1696 426 1747 esset
439 1707 504 1765 quse
514 1689 610 1747 omnin
620 1689 658 1749 acl
668 1690 790 1750 salutem
800 1691 962 1751 necessaria
972 1691 1153 1751 contineret?
1171 1692 1247 1751 Dete
1257 1699 1345 1751 estut

136 1767 178 1826 eit
194 1768 296 1826 Oneon
309 1769 462 1844 ethyele
473 1768 563 1845 fidei.-
584 1767 627 1828 At
640 1769 742 1847 regule
755 1788 820 1847 qum
840 1789 899 1828 non
919 1778 964 1830 cst
979 1769 1078 1830 totalis
1092 1779 1122 1830 et
1134 1770 1294 1849 adaequeta,
1308 1791 1344 1830 eo

137 1845 205 1924 ipso
219 1843 322 1924 regule
335 1864 394 1906 non
404 1853 465 1920 est;
484 1847 586 1924 regule
599 1849 675 1906 enim
689 1849 756 1908 telis
766 1858 811 1909 est
823 1867 958 1908 mensure
969 1849 1016 1908 oui
1028 1849 1102 1907 nihil
1115 1849 1204 1908 edimi
1214 1849 1262 1909 vel
1275 1849 1343 1908 addi

136 1933 244 2003 potest,
267 1925 337 2001 κ’μος
357 1925 534 2005 ἇπκςᾶβατος,
557 1935 591 1986 ut
611 1926 652 1986 eit
674 1928 864 2003 Phavorintls,
888 1931 933 1986 cat
955 1929 1003 2002 μὶτ
1016 1953 1040 1984 er
1060 1925 1237 2000 ὶδιιίψινστον,
1259 1935 1346 1987 τῖσαι

137 2005 267 2086 cpidum
286 2009 331 2063 nel
351 2007 421 2078 ι’φιί
432 2028 478 2063 mr
490 2003 610 2082 μηὶιμὸς
623 2005 797 2082 ὅπῶιχῦμων,
814 2008 879 2065 Lex
896 2007 970 2065 invio
1017 2007 1061 2064 ilie
1078 2017 1105 2064 et
1116 2027 1248 2066 cremera
1260 2009 1345 2082 infal-

136 2086 232 2159 libelis,
256 2087 366 2142 nnllam
455 2087 559 2144 'enen
582 2089 626 2146 nel
648 2087 848 2144 detractionem
871 2086 1027 2144 adnitens.
1075 2086 1152 2144 Dete
1175 2095 1220 2144 set
1248 2093 1281 2144 ut
1308 2087 1346 2146 sit

139 2165 348 2222 Testamentum
373 2163 498 2223 Christi:
526 2164 569 2224 At
593 2164 763 2225 eihnmeno
784 2171 956 2224 testamento
978 2183 1063 2223 nemo
1083 2163 1237 2240 quicquam
1258 2165 1346 2225 audet

138 2241 369 2313 intendendae,
384 2243 451 2302 Gal.
466 2243 506 2302 iii.
524 2245 570 2318 15,
585 2252 694 2320 quanto
704 2244 800 2304 minue
815 2243 932 2320 Divino,
944 2263 1002 2320 quo
1011 2261 1173 2322 supremam
1187 2243 1346 2303 Testatoris

81 2319 86 2328 ”
137 2322 321 2382 voluntatem
338 2322 451 2400 integre
467 2322 607 2382 contineri
627 2323 750 2400 legitimi
770 2322 907 2398 heredes,
925 2343 984 2381 non
1003 2322 1099 2382 minus
1112 2331 1176 2382 tuto
1190 2343 1276 2400 quem
1296 2323 1344 2381 fir-

137 2401 226 2460 miter
238 2399 369 2460 credunt.
405 2399 482 2460 Dete
495 2408 540 2460 eet
553 2399 677 2478 denique
690 2408 723 2461 ut
737 2401 775 2460 sit
787 2402 954 2462 Genti-acte
959 2403 1079 2476 sederis
1092 2421 1110 2460 e
1121 2402 1184 2461 Deo
1194 2402 1345 2463 uobiscum

136 2479 222 2556 initi;
244 2477 317 2554 Quis
329 2498 400 2538 vero
414 2477 521 2539 dixerit
530 2481 581 2539 vel
592 2480 683 2557 plura,
695 2480 745 2540 vel
758 2481 852 2540 aliena
865 2481 902 2540 eb
913 2481 949 2540 iis
959 2501 1024 2558 quae
1034 2481 1065 2539 in
1075 2481 1139 2541 istis
1150 2482 1270 2542 Tabulis
1280 2501 1344 2560 per·

138 2559 196 2618 ⁵⁰³³
216 2557 1311 2716 vmmlhiiiijiiiiei⁰h³⁸miliitiihiiiiiihfflfflih

138 2725 244 2792 terum,
260 2716 301 2775 Is.
315 2716 400 2775 xxix.
417 2718 470 2792 133
494 2717 565 2776 Met.
581 2737 631 2775 xv.
646 2720 674 2793 4,
690 2719 719 2776 9.
757 2721 883 2778 Feretro
902 2739 946 2777 me
963 2721 1057 2778 colent
1074 2721 1200 2778 docentes
1213 2661 1354 2779 doctis

137 2805 166 2855 et
182 2797 323 2854 maritata
340 2795 489 2854 lrmninum.
532 2796 594 2856 Nec
613 2796 713 2873 reponi
733 2804 829 2874 potest
846 2797 928 2875 rejici
946 2797 1129 2858 Traditiones
1150 2799 1342 2874 Pheriseices,

137 2893 200 2933 non
224 2875 419 2952 Apostolices.
462 2874 537 2949 Quia
558 2874 727 2951 rejicientem
750 2875 780 2933 in
805 2893 910 2952 genere
935 2893 1035 2936 omnes
1058 2877 1196 2936 decumae
1219 2896 1285 2954 que
1307 2877 1345 2936 eb

137 2952 306 3014 bominibus
320 2953 468 3028 docentur,
488 2960 518 3012 et
535 2953 566 3012 in
587 2953 735 3032 Scriptura
752 2972 811 3012 non
829 2954 999 3032 credentum
1021 2962 1050 3013 et
1064 2955 1235 3032 supponitur
1254 2957 1345 3032 gratie

138 3029 204 3090 dari
227 3031 411 3092 'traditiones
436 3031 621 3110 Apostolicee
643 3040 747 3110 preter
771 3033 956 3110 Scripturem.
999 3032 1125 3093 Italae.
1146 3033 1207 3091 viii.
1229 3037 1277 3109 20,
1297 3034 1348 3092 Ad

139 3113 245 3188 Lepem
265 3121 292 3170 ct
312 3112 495 3170 testinnonium
514 3119 687 3171 revocentur
704 3110 814 3186 fidelos,
836 3119 866 3170 et
886 3111 1008 3170 exitium
1028 3111 1217 3171 denuncietur
1240 3111 1277 3170 iis
1294 3112 1346 3188 qui

141 3191 224 3250 'uxta
246 3189 321 3250 illud
343 3189 456 3268 loquuti
477 3210 536 3248 non
559 3190 674 3250 inerint.
717 3190 779 3248 Neo
800 3209 852 3267 per
864 3189 1060 3250 testimonium
1079 3197 1202 3267 possunt
1221 3189 1346 3268 intelligi

136 3211 334 3345 hreditiones,
350 3288 415 3347 quae
435 3269 543 3348 pessim
563 3269 733 3348 rejiciuntur
746 3288 765 3326 a
779 3268 859 3344 Deo;
882 3268 995 3328 sedvel
1016 3269 1079 3347 ipae
1100 3269 1163 3328 Lex
1183 3288 1249 3347 que
1269 3289 1346 3348 sepe

139 3349 341 3409 testimouium
363 3348 477 3424 dioitm,
497 3348 536 3407 id.
552 3349 625 3424 Lex,
648 3367 714 3426 que
736 3358 781 3408 est
804 3347 860 3406 Dei
881 3348 1090 3408 Testimonium
1114 3350 1272 3426 exegetice,
1297 3349 1346 3408 vel

141 3427 257 3506 Scripta
277 3428 335 3486 elie
358 3427 566 3506 Prophetarum
587 3447 653 3506 ques
674 3427 748 3504 Legi
768 3427 868 3487 addita
888 3435 964 3488 sunt
1008 3427 1126 3504 Paulus,
1143 3429 1158 3486 1
1175 3427 1240 3488 (lor.
1260 3429 1300 3488 iv.
1316 3433 1344 3506 6,

140 3517 214 3566 relat
222 3527 325 3584 sapere
335 3506 395 3600 παρ’
405 3507 418 3566 ‘l
427 3505 572 3588 γίγςαπιι
581 3515 691 3584 precer
704 3507 737 3566 id
748 3511 826 3584 quod
836 3509 969 3584 ecriptttm
979 3517 1026 3584 eet,
1042 3525 1100 3567 non
1113 3508 1200 3567 modo
1213 3517 1346 3586 respectu

141 3605 261 3662 morum,
277 3605 314 3645 ne
335 3605 401 3662 qurs
421 3588 535 3665 sapiens
556 3586 612 3646 sibi
626 3585 760 3646 videatur
773 3607 811 3646 ex
830 3587 997 3665 prescripto
1020 3587 1190 3663 Salomonis,
1206 3586 1345 3646 Proverb.

141 3663 181 3724 iii.
202 3669 231 3740 7,
256 3663 309 3724 sed
330 3673 361 3724 et
381 3673 515 3744 respectu
536 3664 683 3740 doctrine,
707 3684 744 3724 ne
766 3665 832 3743 quis
853 3667 932 3725 inani
954 3665 1102 3744 sapientire
1122 3666 1347 3744 praesumptions

140 3743 257 3803 inflatus
267 3743 414 3804 doctrines
426 3745 594 3822 peregrines
607 3753 712 3822 preetcr
727 3744 903 3822 Scripturem
917 3745 947 3803 in
959 3745 1091 3805 Ecclesie
1103 3751 1253 3824 proponet,
1268 3743 1347 3822 quod

140 3821 285 3882 faciebant
299 3821 521 3902 Pseudepostoli
534 3823 609 3884 inter
624 3823 797 3883 Corinthios.

141 3937 203 3991 Qui,
226 3941 297 3986 nun
314 3940 380 3985 nuo
442 3902 537 3962 XIX.
560 3905 590 3995 6ζ
611 3902 700 3996 Nella
722 3903 796 3962 ratio
819 3902 924 3996 iriense
946 3902 1041 3962 afferri
1062 3909 1166 3994 potest,
1194 3919 1246 3960 cur
1267 3900 1348 3960 Deus

399 3999 487 4120 en
500 3981 651 4120 teht
664 3982 1041 4120 mittentem
1229 3986 1349 4133 ntur

140 4137 278 4199 tocnine
291 4139 482 4199 necessariam
496 4147 607 4218 partem
621 4140 737 4198 incertae
751 4139 900 4199 hominum
910 4137 1057 4196 traditioni
1069 4135 1267 4210 commisisset,
1283 4155 1348 4195 eum

140 4217 219 4277 nulla
239 4219 278 4278 sit
298 4217 416 4277 traditio
456 4238 501 4276 um
521 4219 659 4295 temporis
681 4217 764 4296 lapsu
779 4215 922 4292 corrumpi
943 4215 1026 4272 facile
1039 4233 1098 4272 uon
1120 4214 1220 4290 possit.
1262 4213 1350 4274 Addo

436 4237 528 4356 betur
541 4296 579 4355 ed
598 4294 802 4356 discernendas
822 4293 1012 4368 Traditiones,
1027 4313 1093 4370 quse
1107 4311 1166 4351 non
1181 4293 1350 4354 refundetur

141 4373 256 4434 tandem
270 4375 302 4432 in
315 4373 525 4434 Testimonium
546 4384 576 4435 et
595 4375 799 4436 authoritatem
820 4371 967 4448 Eccleeise,
982 4380 1012 4431 et
1025 4373 1087 4430 beto
1107 4371 1171 4450 ipse
1191 4373 1350 4432 euthoritee

13 4451 14 4454 ’
141 4455 265 4512 maxime
278 4453 311 4511 in
325 4453 549 4514 controversiam
563 4454 652 4513 venit.
695 4453 767 4513 (tem
781 4471 852 4529 ergo
865 4469 963 4510 eurum
977 4449 1066 4510 dubie
1079 4451 1117 4511 sit
1135 4451 1226 4529 origo,
1241 4452 1351 4512 incerte

142 4531 480 4624 authoritns,·perplexns
503 4541 533 4592 st
552 4533 706 4608 ambiguus
722 4532 891 4624 plerumque
912 4547 1022 4623 sensus,
1044 4539 1080 4624 et·
1095 4529 1282 4624 impossibilis
1301 4547 1353 4622 ess

141 4609 324 4670 discernendr
337 4618 429 4686 retro;
450 4611 542 4670 Nemo
556 4629 614 4670 non
628 4609 709 4669 ridet
721 4618 824 4669 mento
837 4629 855 4668 e
868 4609 952 4668 nobrs
966 4629 1015 4669 eas
1028 4611 1118 4689 rejrc1,
1133 4618 1167 4667 ut
1180 4609 1235 4668 soh
1255 4610 1350 4684 Semp-

143 4696 212 4748 turae
225 4697 369 4766 tanquam
381 4687 594 4765 perfectissime
608 4688 676 4748 fidei
690 4707 858 4765 moremque
872 4689 980 4765 regule
994 4688 1200 4752 adhereamus.
1318 4727 1324 4734 -
