3160 5194
244 367 283 423 32
736 375 827 418 rocus
841 375 959 420 seruus.
1261 349 1450 440 [eonten'xr.
1564 403 1565 408 η

243 522 354 602 reliquid
367 523 398 582 in
411 519 599 596 'theologiam
614 515 717 578 inferet
730 517 785 578 sub
798 526 941 596 pretextu
954 519 1092 596 potentie
1110 517 1226 594 divine,
1241 519 1298 580 nisi
1312 529 1400 581 entes
1413 521 1452 582 de
1563 576 1564 587 ,

243 605 294 665 illo
308 624 346 664 ex
359 601 459 662 Verbo
473 607 604 674 constet3
625 597 826 658 multominus
840 606 873 658 ut
886 617 975 677 quum
988 599 1120 658 Verbum
1135 599 1191 658 Dei
1205 599 1316 679 aliquid
1330 609 1409 662 corte
1420 613 1452 662 et

243 686 320 746 clere
335 681 443 756 statuit,
458 678 496 739 sd
509 677 583 737 illud
606 676 794 738 evertendum
808 677 846 737 ed
866 679 1102 757 omnipotentiam
1117 678 1172 738 Dei
1186 679 1346 758 confugiat.
1390 682 1452 742 Sed

244 774 363 825 eatenus
384 762 458 821 bene
477 759 591 838 judicet
612 757 649 816 de
672 757 807 818 Potentia
821 757 885 833 Dei,
901 777 990 836 quum
1010 759 1090 816 illam
1104 757 1142 817 ad
1155 779 1250 818 rerum
1264 769 1400 820 naturam
1420 771 1452 822 et

243 843 374 905 Verbum
396 841 460 919 ejus
482 838 638 916 expendit3
660 846 693 898 ut
715 837 789 896 illud
810 837 988 975 impossibile
1008 837 1121 898 dicetur
1140 847 1170 899 et
1182 840 1449 918 contradictorium,

243 943 302 983 non
316 920 394 1000 quod
407 919 466 980 tela
479 918 595 977 videtur
607 917 675 978 huie
688 917 736 977 vel
750 916 802 992 illi,
815 935 846 976 se
880 917 959 995 quod
972 917 1029 978 tale
1043 925 1088 978 est
1101 918 1203 998 reipsa,
1215 920 1285 997 quie
1305 932 1452 1000 repugnat

242 1000 417 1076 neumausi,
433 1007 463 1059 et
475 997 591 1058 veritati
604 997 635 1056 in
649 998 748 1057 Verbo
762 997 906 1058 revelate.

284 1082 375 1144 XVI.
397 1079 490 1139 Aliud
511 1087 556 1137 est
577 1078 718 1137 rationem
731 1097 795 1136 esse
817 1097 902 1154 posse
916 1076 1054 1137 Judioem
1074 1077 1148 1154 fulsi,
1171 1079 1398 1157 contradictorii,
1421 1091 1451 1141 et

242 1161 430 1242 repugnantis
443 1167 503 1218 tem
515 1157 637 1218 rstionis
649 1156 903 1218 universalissima
915 1157 1072 1235 principiis,
1087 1177 1174 1235 quem
1184 1159 1364 1236 revelationi,
1377 1181 1408 1220 v.
1420 1181 1450 1239 g.

242 1245 273 1302 in
286 1241 406 1304 materie
419 1239 456 1298 da
470 1237 798 1312 Transubetantiutione‚
821 1237 1000 1314 Ubiquitate,
1016 1237 1194 1298 Adoretione
1208 1247 1406 1301 creabrrerum
1421 1251 1452 1302 et
1564 1239 1565 1246 '

243 1325 324 1400 sim.;
348 1318 440 1380 Aliud
459 1317 612 1380 Rationem
630 1337 694 1378 esse
718 1317 823 1375 debere
843 1315 989 1393 Judieem,
1010 1325 1040 1376 et
1060 1318 1217 1378 normalem
1244 1319 1365 1397 quidem
1385 1325 1450 1381 veri
1564 1356 1565 1396 ι

242 1401 371 1477 revelati,
378 1409 408 1460 et
417 1389 607 1480 pompeiam,
614 1396 693 1474 quod
701 1415 788 1474 supra
797 1396 876 1456 illiue
887 1397 1028 1474 sphaeram
1038 1416 1125 1474 quum
1133 1397 1301 1476 longissime
1312 1409 1450 1462 evectum

241 1491 294 1558 est,
309 1479 419 1560 quode
433 1480 496 1538 Deo
510 1477 656 1552 traditum,
671 1477 755 1556 cujus
768 1475 958 1553 cogitationes
968 1477 1139 1536 immensum
1152 1487 1293 1556 quantum
1304 1479 1451 1542 humanas

241 1558 456 1634 transcendunt,
485 1564 515 1616 et
548 1557 599 1634 qui
621 1555 762 1615 rationem
782 1555 847 1614 vult
866 1556 1011 1633 captivam
1031 1556 1099 1617 duci
1118 1554 1157 1617 ed
1176 1557 1348 1635 obsequium
1368 1560 1449 1622 lide'a

242 1646 260 1700 2
276 1643 340 1701 Cor.
355 1661 385 1700 x.
401 1641 429 1699 5.
472 1636 556 1696 Istud
569 1655 719 1714 negamus,
734 1634 787 1695 sed
799 1633 873 1694 illud
885 1635 1048 1697 asserimus.

703 1875 897 1952 Qumsrro
918 1875 978 1938 ιιι.

280 2042 328 2101 An
341 2041 443 2120 atiqut'e
456 2039 493 2100 sit
504 2057 570 2097 usus
584 2037 732 2096 testimonii
741 2056 872 2098 semaam
884 2037 914 2096 in
926 2036 1167 2115 Mystetiisfidei;
1187 2037 1235 2096 An
1242 2037 1358 2116 penitas
1370 2040 1410 2100 cit

527 2117 760 2196 repudiandum?
801 2116 885 2178 Affir.
899 2136 942 2195 pr.
959 2117 1032 2195 Neg.
1047 2124 1153 2194 poster.

541 2277 566 2336 1.
589 2275 716 2350 Qurestio
729 2276 792 2334 heac
805 2275 890 2334 nobis
910 2283 1043 2336 movetur
1056 2295 1074 2334 a
1089 2275 1256 2353 Pontificiis,
1277 2277 1328 2354 qui
1341 2286 1375 2338 ut
1387 2277 1448 2340 ele·
1564 2309 1565 2316 ι

269 2349 355 2394 ⁵³¹th
378 2345 458 2396 ΟΜ·
498 2363 569 2416 vent
593 2360 794 2431 argumentum
808 2353 887 2431 qnod
909 2353 1034 2431 petimus
1054 2355 1092 2414 ad
1111 2355 1342 2436 impugnandum
1365 2377 1446 2418 eom·
1564 2363 1565 2396 ³

320 2404 403 2448 tionis.

499 2442 629 2494 mentum
640 2432 973 2510 Tmnsubstentiatiouis‚
985 2443 1016 2495 et
1025 2435 1190 2495 Praesentiae
1203 2436 1327 2496 camelis
1336 2437 1447 2500 Christi

239 2517 269 2575 in
292 2512 483 2590 Eucharistie,
499 2522 528 2573 et
548 2513 586 2572 ed
606 2511 831 2573 confirmandam
850 2513 1002 2573 veritatem
1027 2515 1195 2575 substantiae
1215 2516 1298 2595 panis
1322 2519 1445 2597 etvini,
1564 2533 1565 2556 ³

239 2617 277 2655 ex
301 2593 478 2653 Testimonio
499 2612 644 2669 sensuum,
659 2592 728 2670 quie
741 2610 844 2653 sensus
857 2593 929 2652 nihil
942 2593 1052 2670 vident,
1067 2594 1274 2675 nihiltangunt
1282 2603 1312 2657 et
1433 2608 1448 2660 t
1564 2607 1565 2610 ’

239 2675 295 2734 nisi
315 2691 419 2752 penem
439 2682 470 2734 et
492 2674 601 2749 vinum,
623 2692 658 2732 eo
684 2671 850 2750 deveniunt,
874 2681 908 2734 nt
927 2672 1026 2734 dicent
1048 2694 1106 2734 non
1130 2695 1194 2736 esse
1213 2675 1319 2736 audien
1340 2695 1390 2736 um
1413 2677 1447 2738 in
1564 2711 1565 2717 ι

240 2754 389 2833 Mysteriie
402 2752 471 2812 fidei
482 2771 617 2812 sensuum
631 2752 836 2830 testimouium,
851 2771 886 2813 eo
900 2753 979 2832 quod
992 2754 1130 2832 mysteria
1143 2754 1202 2816 sint
1215 2774 1302 2835 supra
1314 2775 1444 2835 sensum,
1564 2767 1565 2790 ³

238 2844 267 2894 et
280 2833 353 2893 fides
367 2833 398 2891 in
411 2852 446 2892 eo
460 2833 516 2892 sita
529 2832 567 2892 sit
580 2839 613 2893 ut
626 2830 776 2892 eradamus
790 2852 855 2910 qum
868 2853 927 2892 non
941 2834 1083 2894 videmus.

279 2914 322 2973 II.
345 2912 428 2972 Licet
441 2911 603 2974 Orthodoxi
617 2913 710 2973 nolint
724 2931 826 2972 sensus
840 2912 999 2974 audiendos
1013 2933 1077 2974 esse
1090 2913 1121 2973 in
1135 2915 1269 2976 omnibus
1280 2915 1442 2996 Mysteriis,

236 2993 411 3072 pertendunt
423 3001 528 3070 tumen,
545 3011 629 3052 suum
643 2992 729 3052 etiam
741 2992 839 3052 locum
852 3013 916 3053 esse
930 2993 1035 3053 debere
1048 3013 1148 3054 eorum
1161 2996 1337 3074 testimonio,
1351 3016 1443 3075 quum

237 3075 333 3154 egitur
353 3073 389 3133 de
410 3074 497 3134 rebus
517 3071 702 3133 sensibilibus
715 3080 745 3131 et
759 3073 912 3151 corporeis,
927 3093 992 3152 quas
1006 3073 1118 3136 suntin
1131 3072 1245 3152 sphaera
1257 3092 1357 3136 eorum
1371 3077 1442 3138 aeti·

236 3155 345 3216 vitatis.
1287 3197 1288 3200 =

279 3235 340 3294 III.
362 3233 414 3292 Ad
434 3241 541 3296 statum
554 3233 731 3312 questionis,
753 3232 983 3310 Observandum,
998 3232 1042 3294 Ut
1061 3232 1118 3292 tria
1137 3240 1206 3294 eunt
1225 3253 1334 3312 genera
1346 3253 1442 3299 rerum

236 3333 301 3390 quse
312 3315 449 3390 cognosci
461 3321 590 3391 possunt
601 3312 664 3371 alia
678 3333 743 3389 quae
757 3320 826 3372 sunt
838 3317 936 3390 τεκαὶ,
948 3312 1012 3372 alise
1022 3317 1111 3384 umal,
1120 3313 1185 3373 ulie
1194 3319 1317 3394 aldred,
1327 3314 1371 3376 ita
1382 3324 1443 3378 tres

237 3411 300 3450 esee
315 3391 466 3450 facultates
480 3411 545 3468 quae
569 3393 645 3450 circa
659 3391 725 3449 illes
746 3401 930 3469 occupentur,
951 3411 1068 3470 sensum,
1083 3393 1230 3472 rationem,
1246 3403 1276 3455 et
1379 3405 1444 3471 ;et

239 3471 363 3530 Sensum
375 3489 423 3529 res
437 3469 587 3530 sensibiles
610 3470 766 3548 percipere,
782 3469 936 3530 Retionem
948 3489 996 3532 res
1009 3473 1217 3552 intelligibiles,
1238 3475 1275 3533 Fi
1296 3495 1343 3534 em
1357 3474 1441 3556 spiri·

235 3549 329 3609 tuales
343 3555 373 3610 et
386 3549 637 3629 supemeturalee:
658 3548 702 3608 Ut
715 3567 784 3607 vero
798 3568 901 3610 sensus
912 3570 973 3610 nou
986 3551 1042 3612 eibi
1056 3561 1172 3632 arroget
1181 3553 1325 3631 judicium
1338 3553 1377 3615 de
1396 3573 1441 3615 ra·

235 3631 291 3689 bus
314 3649 379 3706 quae
404 3637 472 3689 sunt
494 3628 640 3706 objectum
663 3627 802 3706 rationis3
824 3629 872 3688 Ite
894 3631 986 3690 multo
1009 3631 1106 3695 minus
1126 3633 1310 3695 rationemet
1323 3653 1441 3696 sensum

234 3725 321 3789 posse
330 3707 463 3787 judicare
476 3709 513 3768 de
526 3709 612 3768 rebus
625 3707 703 3784 fidei,
719 3707 771 3768 sed
789 3728 1021 3790 unumquemque
1041 3712 1208 3773 facultatem
1247 3713 1376 3793 roprium
1388 3715 1439 3774 ha·

234 3791 303 3850 bere
317 3788 463 3868 objectum
477 3789 553 3849 eirca
573 3787 652 3865 quod
665 3795 806 3866 versatur,
830 3809 896 3868 que
908 3798 943 3852 ut
965 3791 1103 3852 ooutirudi
1122 3792 1231 3854 nonde
1269 3801 1310 3872 ut,
1324 3794 1368 3856 ita
1386 3813 1440 3856 neo

236 3868 293 3930 sibi
306 3869 432 3929 invicem
446 3878 513 3930 sunt
527 3867 706 3948 opponenda.

275 3949 332 4011 1v.
354 3949 421 4010 Nou
434 3950 572 4028 quaeritur
585 3969 663 4028 ergo,
676 3948 727 4008 An
738 3967 874 4010 sensnum
884 3949 1080 4012 testimonium
1090 3951 1130 4012 sit
1137 3951 1246 4032 ubique
1253 3951 1438 4030 audiendum,

235 4039 268 4090 ut
280 4029 355 4090 nihil
368 4029 560 4090 concedamus
572 4029 629 4090 nisi
642 4028 721 4107 quod
735 4048 837 4089 sensus
851 4049 952 4108 cepere
964 4040 1104 4110 possunt;
1124 4029 1249 4093 latemur
1261 4033 1340 4093 euim
1348 4034 1440 4094 multa

234 4129 298 4170 esse
312 4111 451 4188 mysteria
463 4111 501 4170 ad
524 4130 589 4188 quac
602 4109 676 4170 retio
699 4117 729 4169 et
742 4108 834 4170 multo
846 4109 943 4170 minus
964 4129 1067 4173 sensus
1079 4131 1138 4172 non
1161 4121 1259 4191 potest
1277 4131 1438 4193 assurgere,

235 4190 332 4266 qualia
345 4200 413 4251 sunt
426 4191 564 4268 mysteria
586 4187 745 4264 limitetis,
767 4188 986 4268 Incarnationis,
1001 4189 1057 4250 &a
1099 4191 1159 4252 Sed
1181 4191 1328 4272 queritur,
1343 4193 1439 4270 Quum

348 4266 1437 4429 {tremuissetmsslnmtmmmmu

236 4426 286 4484 An
299 4425 319 4484 fi
341 4445 372 4485 ee
385 4435 546 4506 opponetur
555 4426 668 4507 judicio
681 4447 818 4524 sensuum
830 4427 905 4490 bene
918 4429 1060 4508 ordinato,
1074 4429 1204 4511 illudque
1215 4397 1328 4493 evdrtet
1338 4397 1439 4510 {quod

233 4523 479 4664 neggi-inpiam&
490 4583 559 4645 fidei
572 4584 630 4646 alie
649 4596 718 4649 suut
735 4606 813 4648 mere
833 4586 993 4681 spiritualis
1006 4598 1037 4650 et
1055 4589 1150 4670 posita
1169 4589 1338 4669 longissime
1352 4609 1439 4670 snpra

234 4671 349 4742 captum
370 4673 509 4743 nostrum,
534 4665 633 4744 qualia
645 4674 713 4728 sunt
735 4675 874 4744 mystena
896 4667 1056 4746 Trinitatis,
1072 4669 1289 4745 Iucamotiouis,
1312 4667 1368 4730 dte.
1383 4669 1439 4728 alia
