3152 5178
260 333 319 392 208
708 349 801 396 nocue
814 323 948 394 munuc
1262 327 1453 411 [πωπω.

260 511 351 572 penus
380 499 426 552 est
452 513 471 552 c
503 491 668 554 conditione
695 502 780 554 extro
809 494 924 570 Deum;
960 511 989 552 v.
1018 511 1047 570 g.
1074 509 1164 569 quum
1191 489 1275 550 conci
1294 490 1351 551 itur
1383 492 1457 554 Deus

259 573 336 633 velle
363 593 479 634 servare
505 573 617 634 Judnm
644 573 671 634 si
697 573 814 634 credet:
844 574 907 633 haec
930 591 1000 632 vero
1023 571 1092 631 licet
1116 591 1137 631 a
1163 571 1234 649 quib
1308 591 1337 630 m
1361 571 1456 633 admit-

259 661 337 714 tetur
356 653 452 712 minus
475 654 590 732 proprie
611 663 745 732 respectu
767 654 928 714 voluntatis
949 651 1094 731 precepti,
1116 651 1186 729 quie
1209 652 1408 729 promissiones
1428 664 1459 714 ct

259 733 495 793 comminationes
509 744 708 812 proponuntur
721 733 916 794 conditionate
927 756 936 811 3
958 734 983 792 si
1002 741 1099 792 tumen
1120 731 1301 810 intelligatur
1314 731 1349 791 de
1362 733 1459 792 volun-

259 821 318 873 tcte
331 813 440 873 decreti
453 813 677 892 ethoneplnciti,
692 815 843 874 ntvolunt
864 813 1043 889 Adversarii,
1067 813 1172 872 merito
1195 811 1375 890 exploditur;
1395 814 1461 892 qnia

260 893 323 952 Deo
347 901 392 952 est
411 893 540 970 indigne,
562 913 728 973 repugnans
748 895 855 972 quippe
876 895 949 973 ejus,
974 901 1037 953 tum
1056 891 1289 970 independentie
1309 901 1369 952 tum
1387 894 1461 971 sapi-

258 972 343 1032 entiae
357 981 387 1032 et
400 974 555 1050 potentiae3
576 975 646 1053 quin
660 974 749 1035 dubit
761 983 859 1034 munet
872 983 902 1034 et
914 973 1034 1048 incerte,
1055 991 1195 1050 sospem
1208 972 1329 1050 putsch
1342 972 1464 1034 hominis

257 1054 407 1113 voluntate
421 1054 562 1130 mutabili,
578 1063 665 1132 etque
679 1055 752 1116 odeo
766 1054 900 1114 Ineffiou
913 1063 944 1114 et
959 1053 1128 1130 frustrenetc
1151 1072 1204 1132 per
1225 1071 1313 1130 quem
1334 1053 1389 1112 fine
1407 1073 1464 1114 suo

260 1133 341 1193 Deus
355 1153 432 1211 saepe
446 1133 581 1194 excidere
595 1134 691 1195 debet.

302 1213 381 1272 XX.
403 1215 517 1274 Rursus
531 1215 659 1275 conditIo
673 1214 728 1275 sub
747 1234 806 1294 que
827 1213 989 1292 concipitur
1003 1213 1084 1272 Deus
1104 1212 1217 1291 aliquid
1235 1212 1321 1288 velle,
1341 1213 1466 1274 velerit

258 1303 337 1353 corto
351 1293 447 1353 future
460 1315 499 1354 ex
513 1294 569 1353 Dei
583 1295 707 1370 deusto,
723 1295 772 1354 vel
785 1304 863 1354 certo
877 1315 936 1353 non
956 1294 1061 1369 future,
1081 1293 1141 1352 imo
1160 1313 1215 1354 uec
1235 1293 1390 1371 possibilis.
1431 1293 1464 1354 Si

260 1374 350 1451 prius,
365 1394 424 1434 nou
438 1375 562 1452 emplius
576 1375 631 1436 erit
644 1374 855 1449 conditionalis,
871 1374 923 1433 sed
936 1375 1086 1450 obsoluto;
1106 1392 1173 1434 cum
1186 1373 1380 1434 conditionem
1398 1393 1464 1452 sup

257 1462 382 1531 ponetur
397 1455 478 1514 Dens
491 1455 576 1531 velle,
591 1474 650 1514 non
663 1455 764 1532 utique
777 1455 982 1530 conditionate,
1003 1454 1073 1531 quis
1092 1453 1165 1512 ulios
1185 1452 1303 1514 daretur
1315 1473 1465 1532 processus

258 1534 288 1592 in
302 1533 455 1611 infinitum,
471 1535 524 1594 sed
536 1534 685 1613 obsolute;
707 1535 733 1594 si
745 1535 898 1613 posteriue,
911 1541 1052 1595 statuetur
1067 1533 1147 1592 Deus
1160 1533 1272 1611 aliquid
1285 1534 1360 1594 serio
1373 1534 1466 1594 inten-

258 1612 326 1674 dero
340 1614 395 1674 sub
409 1613 573 1674 conditione
586 1634 735 1692 nunquom
747 1615 853 1691 futuru,
875 1615 934 1674 imo
948 1623 977 1674 et
990 1613 1171 1692 impossibili,
1193 1633 1283 1692 quom
1304 1614 1384 1674 Deus
1404 1615 1465 1692 ipss

258 1692 327 1754 dare
339 1713 399 1753 non
412 1695 485 1771 nult,
499 1695 551 1773 qui
565 1696 645 1756 solus
658 1695 728 1756 dere
741 1702 854 1774 potest;
876 1694 955 1772 quod
975 1694 1001 1753 si
1014 1694 1051 1752 de
1064 1693 1181 1754 homine
1194 1694 1326 1772 saplente
1338 1693 1397 1754 dici
1416 1715 1466 1754 ne·

258 1774 414 1868 puit,·non
428 1775 499 1869 ‘sine
521 1795 634 1869 summo
656 1775 876 1855 sapientissimae
897 1784 928 1835 et
945 1773 1152 1854 potentissime
1174 1773 1339 1854 Mnjestttis
1360 1774 1466 1834 divina

260 1856 662 2013 mJlInillllllnttlll’ill,llnoclelllc
674 1935 850 2011 oberremus,
870 1935 1004 1996 Voluntas
1019 1934 1226 2028 Coclitioccli
1239 1933 1372 1996 bifarium
1384 1954 1466 2014 speo-

257 2015 315 2076 turi
336 2015 431 2092 debet,
447 2015 496 2076 vel
509 2037 529 2076 a
537 2017 637 2094 priori
648 2025 678 2079 et
690 2019 892 2092 antecedenter,
907 2035 973 2093 quoe
986 2034 1005 2074 s
1017 2015 1181 2074 conditione
1195 2016 1399 2094 suspenditur,
1420 2015 1470 2074 vel

258 2097 482 2236 uu
493 2094 1469 2255 mutnus,

258 2263 356 2332 potest
369 2255 468 2314 vocari
487 2221 699 2332 conditionsllis,
714 2257 783 2334 quis
796 2257 923 2315 Decreta
936 2256 994 2315 Dei
1007 2274 1073 2313 cum
1092 2254 1159 2331 fine,
1174 2255 1270 2315 medie
1290 2255 1377 2317 etism
1391 2256 1468 2316 ordi·
1549 2283 1550 2320 ἢ

257 2343 329 2393 nent
342 2335 448 2411 quibus
461 2336 626 2395 executioni
639 2335 820 2411 mundentur,
835 2343 868 2394 ut
880 2335 932 2412 qui
944 2335 1030 2395 nobis
1043 2334 1171 2394 decernit
1185 2335 1317 2413 salntem,
1338 2335 1469 2396 decernit

257 2413 345 2472 etium
358 2413 446 2472 fidem
460 2423 490 2472 et
502 2415 701 2492 poenitentiam
715 2423 852 2491 tunquam
866 2414 962 2473 medie
971 2415 1010 2474 cd
1020 2434 1084 2474 eam
1097 2414 1283 2475 obtinendum
1296 2437 1304 2478 ι
1319 2415 1469 2495 sedpriori

258 2491 296 2632 dg
308 2512 367 2631 qulno
380 2493 526 2570 quaeritur,
542 2513 601 2553 non
614 2502 711 2574 potest
723 2493 846 2571 admitti,
871 2494 942 2571 quie
955 2494 998 2555 sic
1011 2501 1097 2555 omne
1118 2495 1333 2576 beneplacitum
1353 2497 1410 2558 Dei
1423 2506 1470 2558 est

259 2591 278 2632 a
298 2593 330 2632 so
343 2581 434 2633 utum.

299 2651 413 2712 XXII.
434 2651 528 2712 Aliud
540 2661 586 2714 est
599 2653 795 2715 conditionem
809 2675 840 2715 se
854 2662 954 2716 tenero
966 2673 985 2715 a
997 2663 1079 2735 porto
1092 2665 1172 2717 octus
1184 2656 1290 2718 interni
1308 2675 1361 2718 sen
1381 2657 1470 2734 iptio

256 2733 414 2793 volitionis:
435 2731 528 2810 Aliud
549 2753 568 2793 s
588 2743 669 2813 perte
692 2736 791 2812 objecti
812 2736 924 2796 eumeni
945 2755 998 2795 seu
1018 2737 1064 2796 rei
1083 2737 1195 2797 colite:
1214 2737 1367 2814 posteriori
1381 2757 1470 2798 sensu

256 2811 360 2886 mus
371 2813 465 2875 volite
478 2833 542 2874 osse
555 2814 769 2892 conditionem
791 2815 844 2875 sod
857 2835 916 2874 non
929 2815 1026 2894 priori,
1041 2825 1074 2878 ut
1087 2817 1151 2894 ipsc
1161 2817 1262 2877 volitio
1276 2818 1469 2878 reconditione

256 2892 400 2971 pendent:
420 2913 451 2955 v.
466 2913 495 2972 g.
510 2895 589 2956 soltus
599 2895 684 2956 nobis
696 2914 715 2955 o
729 2897 793 2956 Deo
806 2895 924 2956 decreto
931 2895 1133 2957 conditionalis
1141 2905 1237 2975 potest
1248 2897 1314 2973 dici,
1327 2898 1399 2976 quis
1412 2917 1468 2958 non
1548 2969 1549 2976 ἵ

257 2972 344 3034 detur
357 2974 414 3034 nisi
427 2975 593 3036 interventu
606 2975 694 3052 fidei;
715 2977 841 3036 sednon
854 2977 949 3055 ipsum
963 2976 1110 3037 decretum
1125 2977 1235 3054 salutis,
1257 2978 1338 3054 quod
1351 2979 1468 3040 absolu·
1548 2999 1549 3036 t

257 3061 320 3114 tum
334 3063 388 3131 est,
403 3064 463 3114 tem
476 3065 610 3136 respectu
622 3055 689 3116 finis
702 3055 742 3118 id.
757 3056 868 3132 salutis,
883 3075 971 3134 quern
985 3055 1224 3136 modionumque
1238 3058 1320 3118 Deus
1333 3059 1468 3120 obsolute

258 3143 289 3194 et
303 3135 366 3195 siue
381 3136 547 3210 conditione
562 3136 622 3196 suis
635 3136 737 3197 electis
750 3137 884 3197 omuibus
897 3135 1000 3214 largiri
1013 3137 1123 3198 statuit.

299 3214 431 3275 XXIII.
454 3215 617 3294 Propositio
631 3237 701 3296 ergo
716 3217 780 3294 istc,
796 3217 893 3276 Deum
905 3217 983 3276 velle
996 3216 1162 3277 hominibus
1182 3216 1308 3278 salutem
1326 3217 1355 3278 si
1375 3218 1468 3280 credi·

258 3292 360 3370 derint,
377 3295 521 3373 dupIIcem
535 3304 631 3374 potest
654 3297 761 3356 habore
785 3316 910 3357 seneum.
951 3295 1010 3356 Vel
1032 3295 1176 3374 significet
1197 3297 1292 3357 Deum
1314 3297 1395 3358 velle
1419 3319 1468 3359 seu

257 3380 391 3448 statuere,
406 3381 440 3434 ut
453 3375 532 3435 sulcus
545 3376 629 3435 nobis
642 3377 792 3454 contingat
806 3377 860 3437 sub
878 3376 1043 3436 conditione
1065 3376 1135 3436 fidei
1147 3377 1188 3436 id.
1202 3376 1289 3438 modo
1313 3378 1467 3438 credideri-

257 3471 330 3526 mus,
346 3453 426 3529 quod
445 3455 545 3530 utique
566 3474 668 3514 verum
689 3465 752 3516 est:
773 3455 826 3516 sed
838 3456 886 3516 hic
908 3456 986 3516 salus
1010 3465 1110 3516 nostre
1130 3464 1243 3516 tannim
1264 3457 1468 3518 conditionalis

257 3531 365 3606 evadit,
381 3553 439 3591 non
452 3543 549 3592 curtem
563 3535 699 3594 voluntte
713 3536 788 3612 Dei3
811 3536 876 3595 Imo
890 3536 1025 3596 voluntte
1040 3536 1096 3595 Dei
1116 3537 1267 3597 constituit
1287 3547 1347 3596 tom
1368 3539 1467 3598 condi·

257 3611 374 3686 tionem,
390 3633 477 3691 quam
491 3614 623 3674 sulutem.
666 3615 724 3675 Vel
737 3615 883 3693 significet
895 3635 933 3676 ex
947 3616 1111 3676 conditione
1124 3616 1193 3676 fidei
1213 3617 1309 3695 posite
1322 3619 1372 3678 vel
1394 3639 1466 3697 prae·

257 3691 323 3750 visa
347 3693 449 3753 saltem
463 3693 532 3754 oriri
552 3693 583 3754 in
607 3695 671 3754 Deo
685 3696 865 3756 voluntatem
885 3695 1050 3756 conferendi
1073 3697 1239 3758 hominibus
1263 3698 1407 3774 sulutem,
1431 3699 1468 3758 Et
1547 3713 1548 3765 t

257 3772 313 3832 hoc
327 3791 414 3832 sensu
427 3773 501 3832 falsa
513 3769 558 3834 est
571 3775 737 3854 propositio,
751 3777 821 3855 quie
833 3776 908 3835 nihil
921 3777 1078 3854 temporale
1096 3785 1191 3855 potest
1210 3797 1274 3838 esse
1288 3797 1378 3838 censo
1389 3779 1468 3838 illiue

257 3853 337 3931 quod
346 3863 546 3914 aeternumest.
569 3855 682 3916 Itanon
692 3856 932 3935 concipiendoest
942 3857 1116 3918 voluntssin
1130 3857 1193 3918 Deo
1201 3879 1267 3935 quoe
1276 3859 1468 3937 suspendatur

258 3953 277 3992 c
290 3933 454 3994 conditione
467 3934 679 4012 antecedenter,
695 3936 747 3996 sed
760 3957 825 4014 quse
847 3944 936 4014 ponet
958 3935 1051 4014 ipsam
1075 3938 1269 3998 conditionem
1289 3957 1469 4017 cousequen-

257 4021 303 4072 ter
316 4023 453 4092 tunquam
473 4015 610 4076 medium.
651 4016 719 4076 Non
742 4017 808 4077 vult
830 4037 946 4076 servare
969 4017 1101 4078 homines
1121 4018 1147 4077 si
1168 4019 1307 4096 credsnt3
1328 4019 1383 4078 sed
1404 4019 1469 4078 vult

257 4113 308 4152 eos
322 4095 437 4154 credere
451 4104 484 4155 ut
498 4104 658 4172 serventur,
672 4097 721 4158 vel
736 4097 800 4157 vult
813 4115 863 4156 eos
886 4115 1003 4158 servom
1026 4117 1078 4176 per
1100 4097 1188 4156 fidem
1211 4119 1299 4176 quam
1313 4099 1468 4192 ipsisdnre

258 4175 368 4315 :glutiltr
411 4175 470 4236 Sed
483 4175 521 4236 de
534 4176 580 4237 his
590 4185 692 4255 postes
704 4175 798 4238 firsius
818 4177 964 4255 agendum
977 4177 1041 4255 erit,
1053 4197 1145 4257 quum
1167 4177 1204 4240 de
1219 4179 1354 4240 Decretis
1367 4177 1466 4259 duspu-

308 4276 319 4312 1
367 4297 375 4316 ι
