3250 5176
170 364 280 416 eumer.
296 343 353 424 na]
599 339 603 344 ’
678 365 717 404 ns
732 364 872 406 enccsno.
1316 347 1373 404 561

170 506 228 566 diei
242 523 341 564 omnes
355 504 386 562 in
400 502 516 562 Adamo
530 503 612 579 mori,
628 505 784 581 efficienter,
800 505 869 582 quia
882 503 919 564 ab
933 502 1050 563 Adamo
1059 511 1209 582 peccatum
1223 503 1373 582 originale,

168 585 246 664 quod
257 593 301 646 est
315 583 415 643 mortis
430 603 524 659 cansa,
539 583 694 660 trahimus;
716 584 790 659 Quia
803 584 904 644 eadem
924 583 1034 644 ratione
1054 603 1205 662 possemus
1226 583 1284 642 dici
1300 583 1374 642 mori

168 665 200 724 in
214 663 387 724 Parentibus
400 671 430 722 et
443 663 600 740 majoribus
608 665 724 738 nostris,
739 685 757 722 a
767 663 872 741 quibus
882 671 1032 741 peecatum
1040 657 1204 722 immediate
1213 662 1372 738 haurimus,

91 797 96 804 .
169 745 248 823 quod
261 753 358 804 tamen
371 742 504 819 nuspiam
519 742 590 802 dicit
606 743 763 821 Scriptura,
780 742 832 804 sed
845 743 882 802 de
896 741 1012 802 Adamo
1023 750 1144 818 tantum,
1153 743 1222 820 quia
1234 741 1374 820 peculiari

168 825 279 884 ratione
293 824 324 882 in
337 823 401 900 ipso
414 821 531 899 fuimus,
546 842 605 881 non
618 831 731 882 tantum
745 831 778 883 ut
790 823 931 901 principio
952 821 1084 881 seminali
1100 821 1252 881 sedetiam
1272 829 1306 881 ut
1325 840 1372 880 oa·

168 905 228 982 pite
241 903 485 983 representative,
497 909 584 979 atquc
594 902 667 962 adeo
680 903 712 961 in
725 922 760 963 eo
773 921 908 980 peccasse
923 901 1053 978 dicimm,
1065 921 1124 959 non
1137 908 1249 960 tantum
1262 900 1374 960 ratione

168 984 325 1058 efficientiae,
341 982 410 1060 quia
422 989 467 1042 est
481 1001 568 1042 eausa
581 1002 599 1042 a
612 1002 671 1060 qua
683 991 834 1060 peceatum
847 982 886 1041 ad
898 1001 952 1041 nos
965 989 1149 1059 propagatur,
1162 979 1214 1040 sod
1227 979 1314 1039 etiam
1327 1000 1373 1040 ra·

168 1063 247 1122 tione
260 1061 396 1137 demeriti,
411 1061 480 1138 quia
499 1061 585 1139 culpa
606 1081 658 1120 sua
678 1069 789 1121 reatum
802 1063 834 1120 in
847 1081 901 1121 nos
921 1061 1058 1120 attraxit:
1080 1060 1193 1118 Eodem
1213 1059 1372 1138 modoque

167 1162 261 1201 omncs
275 1141 410 1201 dicuntur
423 1140 531 1200 ibidem
544 1141 682 1220 vivificari
694 1141 724 1200 in
738 1141 861 1218 Christo,
877 1160 936 1199 non
949 1147 1063 1200 tantum
1077 1140 1224 1212 efficienter
1238 1159 1291 1217 per
1306 1139 1370 1217 Spi-

166 1221 255 1282 ritum
269 1219 428 1296 vivificum,
443 1219 495 1278 sad
508 1220 595 1278 etiam
608 1219 750 1280 mellocia
763 1241 815 1300 per
825 1221 947 1299 justitiae
961 1221 1025 1298 ejus
1038 1219 1266 1297 imputationem.
1296 1299 1303 1312 .

166 1335 407 1452 111111
428 1299 1371 1456 11111111111111111111

196 1467 305 1497 enorum.
428 1458 507 1535 Ergo
521 1460 613 1519 multo
626 1459 720 1538 magis
740 1460 796 1520 hoo
810 1459 868 1518 dici
880 1466 977 1536 potest
992 1458 1029 1517 da
1049 1458 1150 1535 primo,
1166 1458 1246 1535 quod
1261 1467 1291 1516 et
1304 1477 1370 1534 gra-

165 1538 232 1596 vius
246 1545 291 1597 est
301 1536 435 1596 omnibus
448 1537 528 1614 ortis,
550 1539 685 1616 quodque
699 1558 758 1597 non
770 1537 942 1616 particulare
964 1545 1008 1596 est
1027 1556 1158 1614 parsonae
1179 1537 1305 1613 Adami,
1318 1537 1372 1596 sed

165 1617 330 1676 universale
351 1616 441 1676 totius
457 1625 576 1677 naturae.
618 1617 719 1676 Talem
739 1625 836 1676 autam
856 1617 919 1676 dari
938 1617 978 1675 im
998 1617 1157 1677 utationem
1177 1615 1289 1694 probat,
1311 1636 1370 1674 non

165 1697 253 1755 modo
267 1695 451 1755 comminatio
466 1695 563 1774 Legis,
584 1695 680 1756 Exod.
695 1717 746 1757 xx.
762 1699 789 1774 5,
805 1715 863 1773 qua
877 1697 958 1756 Deus
971 1637 1127 1756 denunciat
1141 1716 1171 1755 se
1181 1704 1215 1756 ut
1236 1697 1254 1728 ‘⁴
1265 1695 1369 1755 fortem

166 1784 196 1835 et
209 1775 374 1855 zelotypum
387 1784 506 1855 peccata
525 1783 676 1854 parentum
696 1777 880 1836 visitaturum
892 1775 924 1834 in
943 1775 1028 1852 filios,
1048 1795 1140 1853 usquc
1154 1776 1192 1836 ad
1205 1775 1319 1835 tertiam
1340 1783 1370 1835 et

167 1865 298 1932 quartam
327 1855 540 1934 generationem
552 1856 580 1932 ;'’
605 1855 663 1916 Sed
691 1865 721 1915 et
745 1856 878 1934 exempla
899 1855 982 1914 varia
1005 1855 1152 1932 evincunt,
1175 1855 1212 1913 In
1236 1854 1368 1932 Achaeo,

166 1934 188 1995 J
190 1955 232 1994 os.
242 1935 292 1993 vii.
304 1939 351 2012 24,
362 1938 418 2010 25;
442 1935 646 2012 Hamalelritis,
659 1938 674 1994 l
687 1935 765 1996 Sam.
779 1956 830 1994 xv.
840 1938 868 2011 2,
882 1937 900 1995 3
912 1957 920 2011 ς
943 1934 1028 1993 Filiis
1044 1935 1149 2012 Saulis,
1165 1939 1183 1993 2
1197 1933 1274 1994 Sam.
1286 1935 1367 2010 xxi.;

164 2015 350 2092 Joroboamo,
365 2018 380 2072 1
393 2015 468 2092 ch.
483 2014 544 2074 xiv.
556 2017 584 2090 9,
596 2018 648 2091 10;
670 2014 802 2091 Achabo,
820 2015 921 2092 lReg.
936 2015 999 2073 xxi.
1008 2017 1057 2090 21,
1069 2018 1117 2090 22,
1133 2023 1162 2074 et
1175 2013 1257 2089 aliis,
1281 2013 1369 2073 Unde

165 2093 346 2153 Lamenta
369 2098 396 2170 7,
420 2094 552 2153 Ecclesia
573 2095 705 2172 agnoscit
729 2115 760 2154 sa
783 2095 933 2153 eriminum
955 2115 974 2153 a
992 2093 1127 2154 Patribus
1150 2093 1368 2154 commissorum

163 2193 265 2251 poenas
278 2174 360 2233 ferre.
403 2173 443 2232 Et
457 2173 597 2250 Christus,
614 2175 699 2234 Matt.
714 2174 797 2234 xxiii.
813 2176 861 2250 35,
875 2173 1076 2234 interminatur
1084 2171 1198 2234 Judseie
1211 2191 1367 2250 superven-

114 2289 117 2296 ·
164 2262 244 2312 tures
257 2253 294 2312 iis
313 2273 414 2332 poenas
428 2273 527 2313 eorum
541 2253 701 2331 criminum,
723 2273 788 2332 quae
802 2254 840 2314 ab
860 2253 988 2332 ipsorum
1009 2253 1172 2331 Majoribus
1191 2253 1279 2330 longe
1300 2259 1368 2311 anta

163 2341 277 2411 patrata
290 2333 411 2410 fuerant,
429 2335 447 2366 “
457 2341 491 2393 ut
510 2333 610 2393 veniat
629 2353 716 2411 super
728 2353 783 2394 voe
796 2333 890 2394 omnis
904 2332 1023 2410 sanguis
1040 2333 1139 2411 justus
1152 2331 1261 2393 affinsus
1281 2351 1367 2409 super

163 2422 269 2471 terram
283 2434 301 2472 a
314 2413 455 2492 sanguine
468 2413 573 2472 Abelis
589 2414 671 2491 justi,
687 2433 779 2492 usque
793 2413 831 2473 ad
851 2414 1021 2491 sanguinem
1042 2413 1189 2472 Zachariae
1203 2412 1256 2470 filii
1277 2411 1367 2470 Bara-

163 2492 265 2568 ehiae‚”
281 2491 335 2552 &a
378 2494 426 2551 Ex
440 2493 545 2570 quibus
559 2492 721 2553 luculenter
739 2502 820 2572 patet
833 2493 1051 2572 imputationem
1070 2493 1157 2551 alieni
1176 2490 1288 2570 peccati
1307 2510 1367 2549 non

165 2591 228 2631 csse
242 2571 457 2648 traducendam,
472 2573 521 2632 vel
534 2573 617 2651 quasi
630 2573 775 2634 insolitam
790 2583 820 2633 et
832 2572 1000 2648 inauditam,
1016 2592 1081 2633 oum
1095 2580 1139 2632 tot
1147 2571 1287 2649 exemplis
1300 2590 1366 2648 pro·

164 2651 226 2710 bari
240 2652 341 2729 possit,
357 2651 405 2710 vel
418 2653 501 2729 quasi
515 2653 678 2729 absurdam,
693 2653 831 2732 injustam
840 2662 869 2712 et
883 2653 1037 2728 crudelem,
1053 2672 1118 2712 cum
1133 2652 1214 2711 Deua
1227 2652 1289 2728 ipse
1302 2650 1366 2709 vin-

164 2730 258 2790 dicem
272 2751 304 2790 se
318 2730 485 2808 profiteatur
498 2739 681 2808 paternorum
695 2733 847 2792 criminum
860 2731 891 2790 in
905 2732 1021 2791 liberos.
1064 2733 1125 2791 Nec
1137 2731 1194 2791 hoc
1207 2730 1278 2808 ipsis
1292 2729 1365 2790 Eth-

163 2809 238 2868 niois
252 2810 393 2886 ignotum,
408 2828 530 2885 quorum
543 2811 673 2888 plerique
692 2811 819 2872 latentur
836 2812 892 2870 hoc
904 2811 981 2889 juris
994 2811 1024 2868 in
1044 2811 1235 2870 Divinitatem
1253 2830 1368 2887 compe·

163 2897 233 2964 tere,
248 2897 282 2947 ut
294 2907 410 2966 poenam
423 2887 509 2946 alieni
523 2891 635 2965 peceati
649 2891 685 2948 ab
699 2891 764 2949 aliis
778 2891 887 2967 exigat.
907 2891 1055 2948 Plutarch.
1070 2889 1090 2947 l.
1106 2889 1141 2948 de
1156 2909 1220 2948 sera
1231 2889 1366 2948 Numinis

162 2967 293 3027 vindicta
306 2967 396 3026 variis
409 2965 569 3026 rationibus
581 2968 637 3026 hoc
657 2968 769 3046 probat.
790 2971 909 3028 Proetus
922 2969 953 3026 in
967 2966 1089 3027 Hesiod.
1109 2966 1166 3026 hoo
1186 2968 1208 3026 J
1209 2968 1273 3026 ovis
1293 2987 1367 3044 opus

163 3067 226 3106 csse
240 3049 288 3123 sit,
313 3066 464 3107 commune
485 3047 658 3124 supplicium
676 3047 797 3106 urbibus
818 3046 931 3122 inferre,
955 3046 992 3104 ob
1012 3045 1120 3122 injusta
1141 3046 1365 3122 Magistratuum

164 3128 312 3204 supplicia,
328 3136 358 3188 et
370 3127 452 3185 varia
465 3127 495 3184 in
509 3145 572 3186 eam
586 3146 647 3185 rem
668 3125 803 3204 exempla
815 3125 899 3186 affert
907 3148 915 3203 ;
938 3125 1018 3184 Hine
1039 3124 1188 3184 Hesiodus
1207 3123 1364 3185 introducit

162 3207 236 3272 Δι’κιιι
249 3207 379 3268 Justitia
394 3207 487 3267 Deam
500 3215 651 3284 rogantem
664 3205 687 3266 J
688 3224 781 3283 ovem,
979 3239 982 3246 ,

441 3365 513 3447 ’OQ'
526 3367 632 3447 ἀποτίσῃ
647 3371 730 3443 Δῖῐμκ
744 3365 900 3432 dandamim
913 3367 1046 3441 fimbrias,

163 3445 202 3505 Et
215 3445 285 3506 ibid.
300 3447 402 3525 inquit,

442 3525 561 3584 Πολλιίιιι
574 3529 619 3584 ul
632 3523 758 3602 ξΰμιιασι
771 3526 938 3594 alstemi
950 3523 1032 3618 aipdgle
1047 3526 1154 3618 danapri,

311 3685 317 3699 Ι
440 3607 582 3666 Malacae
596 3615 655 3666 tota
668 3606 764 3666 civitas
778 3607 811 3666 ob
824 3608 931 3666 malam
944 3625 1036 3664 varam
1043 3613 1173 3682 punita.

158 3685 200 3744 Et
214 3685 363 3762 Horatius,
443 3765 586 3843 Quicquid
598 3765 722 3825 delirant
733 3767 834 3842 Reqes,
844 3767 1006 3842 plectuntur
1019 3762 1126 3824 Achivi.

158 3921 258 4000 Atque
272 3922 340 3980 hine
353 3922 544 4000 proculdubio
558 3923 673 4001 factum,
688 3931 722 3983 ut
735 3924 810 3984 inter
823 3923 902 4001 ipsos
917 3922 1065 3996 Etlmicos,
1087 3939 1146 3980 non
1159 3937 1223 3978 raro
1237 3917 1360 3996 impute-

157 4003 199 4062 tio
213 4001 365 4062 criminum
385 4002 481 4062 locum
501 4002 637 4062 habuisse
650 4003 774 4081 legatur.
798 4003 897 4064 Cicero
910 4002 948 4061 ad
969 4001 1052 4061 Brut.
1072 4021 1117 4078 ep.
1134 4002 1181 4077 15,
1203 3999 1233 4056 in
1248 3998 1360 4059 Grecis

157 4081 325 4141 civitatibus
344 4081 665 4160 liberosTyrannornm
686 4083 811 4160 opressis
831 4081 890 4141 illis
903 4081 1005 4142 eodem
1026 4081 1167 4159 supplicio
1181 4079 1256 4138 affici
1268 4086 1359 4138 notat.

158 4161 281 4240 Curtius,
296 4162 348 4221 lib.
357 4161 407 4239 vi,
424 4161 634 4222 Macedonibus
648 4162 759 4240 Legem
773 4161 955 4222 observatam
969 4161 1063 4238 ait'nt
1076 4160 1127 4238 qui
1141 4159 1218 4237 Regi
1231 4157 1360 4217 insidiati

157 4250 262 4319 ⁰⁵³2
270 4241 329 4379 ll
344 4240 872 4381 οιι’11111,1111111
889 4237 1360 4380 τι11111111111

134 4337 421 4476 ,ffiffiajesgffi’
439 4400 547 4460 liberos
567 4341 824 4478 cumpoparentibus
846 4399 903 4460 reis
924 4399 962 4458 ad
1028 4339 1106 4457 nariie
1109 4398 1272 4475 deposcere.
1315 4395 1360 4486 llo

157 4477 274 4554 respicit
288 4477 409 4536 Arcadii
422 4487 452 4538 et
466 4479 591 4538 Honorii
607 4479 724 4540 Sanctio
735 4481 769 4538 L.
782 4479 893 4554 Quibus
908 4479 939 4538 0.
1003 4478 1037 4536 L.
1052 4477 1115 4537 Jul.
1128 4476 1245 4552 Majest
1262 4475 1280 4507 “
1290 4473 1360 4532 Frlu

156 4577 226 4618 varo
240 4558 312 4635 ejus,
336 4555 442 4634 quibus
462 4557 552 4616 vitam
576 4559 764 4637 Imperatoria
783 4559 903 4618 lenitate
926 4556 1109 4618 concedimus
1131 4553 1263 4632 (patemo
1282 4552 1359 4612 enim

157 4638 251 4718 perire
265 4635 410 4697 debebant
423 4637 573 4716 supplicio,
589 4637 738 4717 inquibus
758 4639 879 4718 paterni,
894 4639 949 4698 hoo
963 4645 1008 4699 ast
1027 4633 1210 4772 hareditprp,
1232 4631 1360 4694 cuminis
