3044 5180
53 371 161 424 ouem.
177 349 250 432 vra]
486 370 525 410 ns
539 369 836 412 eanoesrmsriouu.
1206 357 1264 414 299

54 513 89 573 tio
103 529 178 588 saepe
193 511 324 589 ponitur
336 531 388 589 pro
409 509 563 584 dilectione
587 519 617 572 et
638 511 852 589 approbatione,
880 509 928 570 Ps.
954 509 972 570 i.
999 513 1037 587 63
1059 512 1130 572 Joh.
1154 533 1183 570 x.
1210 515 1265 592 145

54 599 70 652 2
84 593 156 652 Tim.
171 591 201 650 ii.
220 594 272 650 19.
323 592 371 652 Sic
383 593 507 664 γιιόσκω
520 612 578 650 non
592 591 678 650 modo
692 612 753 650 rem
766 591 893 669 aliquam
907 611 1090 669 cognoscere,
1107 592 1159 651 sed
1180 601 1209 652 et
1230 593 1266 653 de

53 694 85 732 ea
98 689 276 748 cognoscere
293 680 328 732 et
336 673 467 749 judicare
481 671 633 749 significat,
648 680 681 732 ut
694 669 871 731 Plebiscitam
883 692 943 730 non
968 679 1012 732 cst
1035 672 1129 750 piebis
1153 674 1265 750 notitia,

55 753 106 812 sed
118 755 262 828 mmor,
280 772 301 811 a
316 753 407 813 verbo
419 752 512 828 scisco,
529 753 608 830 quod
621 751 774 812 decernere
789 761 818 812 et
832 760 957 812 statuere
982 751 1146 830 significat:
1169 754 1265 829 Quum

56 853 121 909 orgo
136 833 295 910 Scriptura
310 833 402 894 utitur
416 853 487 894 voce
508 835 665 914 πςηιόηας
680 833 711 892 in
724 832 855 892 doctrina
869 832 905 892 de
921 833 1187 910 Praedestinatione,
1207 855 1265 895 non

54 931 111 972 earn
125 921 251 990 usurpet
265 913 362 990 priori
376 933 471 988 sensu,
487 933 539 992 pro
553 913 631 973 nuda
646 913 702 973 Dei
716 913 904 990 prescientia,
927 933 985 990 qua
1008 912 1095 973 fidem
1109 915 1159 972 vel
1179 935 1266 992 opera

53 993 196 1051 hominnm
211 993 398 1070 praeviderit,
416 997 442 1052 1.
458 994 527 1071 quia
540 994 591 1052 illa
608 993 807 1071 precoguovit
829 993 915 1053 etiam
940 1013 1013 1070 quos
1035 995 1209 1072 reprobavit,
1235 1004 1266 1056 at

52 1072 93 1129 hio
106 1072 204 1149 agitur
218 1072 259 1132 de
274 1074 505 1151 praecognitione
519 1073 620 1134 electis
637 1074 761 1151 propria,
787 1077 816 1134 2.
838 1072 917 1133 nude
938 1073 1119 1150 praescientia
1142 1095 1201 1134 non
1220 1085 1266 1136 est

53 1171 139 1212 rerum
154 1173 257 1228 causa,
274 1173 333 1213 nec
348 1153 466 1214 modum
480 1163 532 1213 aut
544 1153 675 1214 ordinem
688 1154 775 1212 rebus
788 1153 919 1232 imponit,
940 1153 993 1226 sed
1015 1153 1135 1230 invenit,
1161 1165 1194 1215 ut
1216 1155 1264 1218 hic

52 1231 81 1290 fit
94 1243 188 1292 tamen
201 1233 235 1292 in
245 1233 327 1294 serie
337 1234 447 1310 salutis,
463 1237 491 1296 3.
507 1235 575 1315 quia
588 1235 662 1292 nihil
675 1233 854 1312 praeviderie
864 1234 926 1292 Deo
935 1234 1038 1311 potuit,
1048 1235 1105 1293 nisi
1113 1235 1193 1313 quod
1201 1237 1264 1314 ipse

54 1309 164 1387 dederit,
179 1313 328 1392 quodque
341 1313 415 1373 adeo
429 1324 566 1392 sequatur
586 1323 723 1392 tanquam
737 1313 871 1374 effectum
891 1313 1184 1391 Praedestinationem,
1205 1338 1264 1377 non

55 1411 115 1450 vero
135 1393 289 1470 praecedat
311 1401 345 1452 ut
365 1414 460 1470 cause,
482 1403 516 1454 ut
535 1403 636 1473 postea
655 1394 832 1472 probabitur.
890 1393 948 1453 Sed
969 1395 1092 1454 sumitur
1111 1398 1264 1473 posteriori

55 1491 132 1530 sensu
144 1493 198 1550 pro
207 1475 439 1548 prcecofflu'tioae
452 1476 592 1550 procace,
609 1474 647 1533 id.
663 1474 816 1534 dilectione
830 1482 860 1534 et
873 1474 1013 1534 electione
1035 1476 1099 1552 Dei,
1122 1496 1158 1536 ne
1179 1486 1262 1554 pute-

57 1571 114 1609 mus
126 1552 205 1612 illam
221 1573 291 1614 esse
307 1552 410 1630 ἄλογοι,
426 1554 494 1614 licet
507 1554 633 1616 rationes
647 1554 794 1632 sapientise
808 1555 873 1632 ejus
886 1574 939 1612 nos
961 1554 1078 1632 lateant,
1094 1576 1152 1633 quo
1176 1559 1262 1618 modo

58 1630 175 1692 cusae
197 1633 315 1694 dicitur
328 1637 520 1715 aegmveqdres
538 1635 726 1712 preceperas
739 1655 759 1694 a
772 1637 845 1712 Deo,
867 1634 906 1693 id.
922 1635 1079 1711 ordinatus,
1101 1646 1167 1696 onte
1179 1641 1264 1715 jacta

59 1712 145 1770 mundi
159 1717 371 1792 fundamenta,
390 1720 404 1775 l
422 1716 485 1774 Pet.
499 1715 519 1774 i.
535 1717 583 1776 20.

92 1790 147 1850 IX.
169 1793 299 1869 Rursus,
318 1795 386 1872 quia
407 1795 439 1854 in
461 1794 665 1858 benevolentia
688 1795 739 1854 illa
761 1795 817 1856 Dei
835 1801 864 1854 et
887 1794 1112 1872 precognitione
1136 1798 1264 1875 practica

60 1868 264 1950 distinguimus,
285 1879 316 1934 1.
333 1895 459 1935 amorem
473 1882 503 1935 et
518 1875 757 1950 benevolentiam,
773 1893 830 1952 qua
844 1893 897 1932 noa
911 1875 1101 1951 prosequitur,
1118 1881 1146 1937 2.
1161 1878 1262 1937 decre-

62 1957 114 2008 tum
126 1952 228 2029 ipsum,
244 1975 312 2032 quo
325 1955 475 2016 constituit
489 1975 615 2016 amorem
635 1975 719 2016 suum
740 1956 771 2012 in
791 1973 844 2012 nos
866 1953 1011 2030 explicere
1031 1974 1083 2031 per
1103 1959 1261 2016 communi-

59 2031 188 2090 cationem
202 2034 335 2096 salutis:
356 2036 424 2095 hinc
437 2035 471 2096 fit
484 2045 517 2096 ut
530 2036 666 2117 agdyrueae
685 2033 772 2094 modo
794 2033 881 2094 letius
905 2041 1035 2092 sumatur
1057 2053 1108 2111 pro
1131 2045 1261 2112 utraque,

62 2109 191 2172 delectiom
204 2113 325 2174 scilicet
339 2125 368 2174 et
381 2117 518 2190 electione,
534 2137 591 2194 quo
606 2135 694 2177 sensu
707 2121 869 2192 usurpatur,
886 2113 971 2172 Rom.
986 2113 1047 2172 viii.
1063 2117 1111 2190 29,
1132 2123 1161 2174 et
1176 2115 1260 2176 Rom.

61 2189 94 2246 xi.
107 2193 132 2263 2,
147 2193 233 2253 modo
259 2196 395 2256 strictius
408 2215 461 2274 pro
475 2198 619 2256 dilectione
633 2204 662 2256 et
676 2195 783 2269 favore,
798 2194 849 2272 qui
863 2193 928 2253 fons
942 2201 987 2252 est
1000 2203 1030 2253 et
1042 2193 1262 2256 fundamentum

62 2267 203 2346 eleob'onis,
219 2275 312 2334 etita
327 2275 431 2336 Petrus
445 2276 464 2334 i.
480 2281 507 2352 2,
523 2277 560 2336 de
578 2297 613 2336 ea
636 2276 772 2356 loquitur,
798 2275 914 2352 quando
938 2274 1009 2332 dicit
1030 2273 1132 2334 fideles
1153 2278 1262 2336 electos

64 2366 116 2407 esse
128 2355 195 2410 ast
208 2353 351 2435 agipsum
363 2359 514 2416 secundum
524 2357 779 2434 precognitionem,
794 2355 834 2414 id.
849 2375 887 2414 ex
901 2353 1054 2415 dilectione
1069 2355 1134 2414 Dei.

117 2483 123 2506 ,
359 2437 402 2496 X.
424 2437 531 2514 Tertio,
547 2447 591 2497 cat
612 2435 803 2514 expendenda
821 2455 882 2496 vox
905 2435 1018 2510 ὶιλογιῖε,
1034 2455 1086 2496 seu
1098 2437 1260 2514 dilectioni,

89 2587 95 2599 Ι
124 2487 225 2548 ml·
318 2535 383 2594 quas
398 2516 521 2576 subinde
534 2517 667 2592 occurrit,
683 2515 807 2584 sednon
823 2535 936 2594 semper
960 2515 1061 2576 eodem
1076 2516 1260 2594 significatu;

64 2586 203 2664 aliquando
217 2601 307 2656 notat
319 2599 490 2656 vocationem
514 2601 556 2656 ad
571 2618 671 2657 munus
695 2595 817 2674 aliquod
835 2595 984 2674 politicum
1008 2596 1058 2655 vel
1081 2617 1203 2672 sacrum,
1229 2606 1262 2660 ut

67 2668 79 2722 l
99 2667 169 2731 Sum.
189 2695 220 2732 x.
245 2680 300 2752 24,
325 2677 395 2738 Saul
415 2685 537 2736 vocatur
555 2677 673 2751 electus,
695 2685 726 2736 et
745 2677 795 2738 Jo.
810 2677 850 2736 vi.
866 2680 913 2751 to,
935 2675 1031 2736 Judas
1052 2676 1170 2752 clectus,
1197 2679 1259 2737 scil.

66 2745 98 2804 td
115 2749 330 2828 Apostolatum.
382 2757 552 2836 Aliquando
573 2757 784 2836 cooptationem
807 2766 837 2816 et
858 2757 1089 2834 segregationem
1110 2765 1261 2816 externam

65 2829 151 2903 populi
164 2833 292 2914 alicujus
306 2837 344 2896 ad
357 2837 452 2898 foedus
467 2839 531 2913 Dei,
547 2858 605 2915 quo
619 2858 706 2898 sensu
719 2837 843 2916 populus
855 2837 1033 2896 isrealiticus
1046 2837 1153 2896 dicitur
1166 2858 1184 2896 a
1196 2839 1259 2898 Deo

66 2904 169 2986 electus,
185 2914 273 2978 Dent.
292 2917 331 2975 iv.
347 2920 396 2978 37.
441 2919 499 2978 Sed
512 2919 543 2978 in
556 2920 612 2978 hoc
625 2917 744 2996 negotio
759 2916 881 2976 sumitur
902 2916 1017 2993 proprie
1040 2936 1092 2993 pro
1108 2917 1258 2977 Electione

67 2984 98 3042 ad
109 2999 237 3054 eternam
252 2997 388 3073 salutem,
405 2999 515 3058 scilicet
528 3019 581 3077 pro
596 2998 653 3058 Dei
667 2997 797 3072 consilio,
812 3015 870 3073 quo
886 2996 967 3055 Deus
981 2995 1111 3074 decrevit
1131 3015 1257 3072 quorun-

69 3062 260 3136 innumeri
273 3099 315 3138 ex
330 3078 431 3155 gratia,
455 3099 562 3158 eosque
584 3077 746 3155 apeecatis
767 3095 820 3153 per
842 3075 950 3134 Filium
974 3074 1111 3134 liberatos
1135 3075 1258 3134 salvare.

71 3141 165 3209 Rursus
178 3173 212 3214 oo
225 3166 371 3236 respectu,
386 3159 435 3218 vel
448 3159 571 3223 sumitur
584 3157 720 3234 oq'eotrire,
735 3174 787 3233 pro
801 3154 872 3231 ipsis
886 3153 994 3227 electis,
1010 3163 1044 3212 ut
1062 3155 1148 3212 Rom.
1163 3154 1203 3214 xi.
1227 3159 1255 3230 t,

70 3222 143 3314 '⁸3th
155 3232 276 3313 ὅπίτνχιι,
294 3236 406 3298 Electio
420 3240 542 3316 etiami,
557 3239 660 3314 reliqui
672 3238 870 3309 occalluerant,
893 3233 933 3292 id.
956 3233 1058 3310 electi;
1080 3233 1129 3292 vel
1143 3237 1257 3307 ferrea·

72 3304 122 3392 lle
133 3329 181 3386 pro
193 3327 260 3376 actu
274 3318 333 3377 Dei
347 3319 489 3396 eligentis,
505 3319 556 3396 qni
570 3326 690 3378 vocatur
704 3317 793 3387 baert
814 3335 927 3396 χιςιπς,
947 3314 1032 3374 Rom.
1057 3313 1097 3372 ix.
1123 3317 1169 3388 11,
1193 3335 1258 3391 qnae

72 3393 160 3448 iterum
173 3405 327 3472 spectatur,
337 3398 385 3457 vel
398 3399 430 3458 in
443 3398 631 3460 antecedente
645 3397 769 3471 decreto,
780 3395 925 3473 quomodo
939 3393 1016 3454 fecta
1029 3403 1074 3454 est
1088 3394 1124 3454 ab
1139 3403 1255 3472 aeterno,

74 3464 112 3552 vel
122 3467 150 3526 in
162 3473 352 3554 subsequente
367 3479 546 3554 executione,
562 3477 706 3556 quomodo
721 3476 754 3536 fit
767 3485 880 3537 tentum
893 3475 923 3536 in
946 3483 1074 3552 tempore
1096 3495 1148 3553 per
1170 3496 1257 3536 voca·

74 3546 170 3624 mma
185 3573 240 3630 quo
255 3557 390 3618 Christis
402 3559 521 3636 respicit
533 3559 556 3620 J
557 3578 602 3618 oa.
616 3577 667 3618 xv.
685 3561 731 3633 16,
752 3559 807 3616 Vos
819 3579 876 3620 aon
889 3577 933 3616 me
946 3557 1072 3634 eequis,
1081 3559 1133 3615 red
1144 3577 1195 3632 eqo
1208 3577 1257 3618 voe

74 3623 137 3698 ἀφ’·
167 3632 204 3694 Et
216 3655 245 3698 v.
262 3639 310 3711 19,
325 3639 394 3698 Noa
407 3641 469 3698 estas
482 3659 520 3698 ex
532 3641 645 3712 ηιιιπᾶο,
659 3640 711 3696 aed
722 3658 773 3714 eqo
785 3659 833 3698 eoa
847 3637 918 3714 elegi
929 3657 965 3696 er
979 3639 1091 3696 mando.
1127 3635 1256 3712 August.

75 3709 202 3786 utrmque
216 3718 301 3792 σχίηι
314 3719 466 3796 conjungit
478 3719 516 3780 de
531 3718 680 3779 Praedesti
697 3717 868 3781 Sanctorum
882 3735 906 3778 c.
921 3717 993 3776 xvii.
1015 3719 1032 3750 “
1048 3715 1143 3774 Electi
1157 3735 1257 3776 sumus

75 3791 128 3840 “lle
141 3786 235 3854 Mundi
249 3797 484 3858 constitutionem
507 3819 541 3860 ea
562 3792 821 3876 praedestinatione,
846 3798 876 3856 in
899 3817 957 3872 qua
981 3797 1062 3854 Deus
1084 3815 1137 3854 sua
1160 3793 1257 3854 futura

78 3854 138 3945 lm
149 3875 293 3953 pravidit3
315 3876 352 3938 de
366 3877 475 3938 mundo
488 3887 586 3939 autom
598 3878 684 3938 electi
697 3897 797 3938 sumus
810 3878 842 3938 in
860 3897 895 3936 sa
909 3875 1069 3948 vocatione,
1092 3893 1150 3950 qua
1174 3873 1255 3932 Deus

79 3935 103 3994 ¹d
113 3948 178 4018 q¹¹0d
190 3957 405 4029 predestinavit
418 3955 580 4035 implevit.”

111 4017 160 4082 XI·
178 4029 223 4092 Ila
240 4037 353 4097 Electio
377 4036 409 4096 vi
429 4039 511 4098 vocis
533 4036 660 4097 strictior
681 4044 726 4096 est
748 4033 1023 4108 Prsedestinatiou03
1054 4031 1130 4090 Nam
1154 4049 1254 4090 omnes

79 4110 178 4166 1³0th
189 4115 392 4192 predestinati,
407 4118 460 4176 sed
481 4137 540 4176 non
563 4137 664 4176 omnes
684 4123 807 4193 possunt
828 4113 907 4190 eligi,
930 4112 999 4189 quia
1020 4111 1070 4187 qui
1089 4110 1180 4202 eligit,
1196 4131 1254 4202 non

80 4191 161 4242 omnes
173 4195 262 4270 sumit,
278 4197 331 4256 scd
343 4197 457 4273 aliquos
471 4217 487 4256 e
501 4196 601 4256 multis
614 4196 706 4273 legit;
721 4193 835 4253 Electio
849 4193 1011 4268 aliquorum
1024 4209 1187 4248 necessario
1201 4190 1253 4248 alr-

82 4269 150 4355 ⁰³³³.
159 4276 372 4342 preteritionem
386 4285 416 4336 et
429 4277 616 4354 rejectionem
630 4273 724 4350 insert,
739 4274 828 4331 Multi
835 4271 934 4346 vocae,
950 4270 1044 4347 inquit
1058 4269 1198 4343 Christus,
1224 4277 1256 4328 at

77 4349 148 4402 ΡΜ
159 4348 236 4428 electi,
251 4355 324 4416 Mat.
338 4377 390 4415 xx.
408 4359 454 4431 16,
470 4365 499 4416 et
514 4355 623 4415 Paulus
638 4355 722 4413 Rom.
737 4353 777 4410 xi.
790 4355 817 4426 t,
830 4352 925 4410 Eleeti
937 4349 1057 4442 maseati
1067 4357 1138 4424 eunt,
1154 4349 1258 4441 reliqui

83 4421 481 4587 tt*
496 4427 1255 4586 ,ἁ

83 4574 199 4719 m
218 4595 317 4654 temnit
336 4605 363 4654 et
381 4595 526 4672 separavit
543 4597 585 4654 ad
604 4597 722 4654 salutm
740 4595 769 4652 in
786 4592 1003 4672 sanctificatione
1018 4589 1141 4666 sprit'tte,
1157 4598 1184 4647 et
1194 4590 1257 4666 fide
