3044 5180
238 372 298 430 268
687 383 927 427 mcusrnnrms.
1202 361 1440 443 [otnanxxrx.

239 531 267 589 3.
282 527 392 587 ratione
414 526 592 587 αιἰιιοιιιαιύ
612 534 642 587 et
663 527 786 603 dominii,
806 523 952 604 quomodo
974 531 1095 584 voantur
1111 523 1317 602 primogenita
1342 522 1444 582 οιιιιιίι

241 609 396 682 creaturos,
412 607 572 684 Col.i.15,
594 614 625 666 et
644 606 720 666 inter
739 607 847 666 multos
867 605 979 680 fratrea
996 605 1080 663 Rom.
1094 603 1156 662 viii.
1171 606 1219 678 29,
1241 603 1311 681 qnia
1330 621 1442 661 omnes

238 687 437 767 praerogativa
464 687 730 765 primogenitorum,
755 687 898 764 Regnum,
926 684 1133 760 Sacerdotium,
1156 683 1247 763 dupla
1269 683 1364 760 portio
1391 681 1443 740 illi

237 767 417 848 propriisime
432 775 607 845 oompettmt.
629 771 657 826 4.
679 767 790 826 ratione
804 775 916 825 oeterm
930 765 1128 842 promotioni,
1147 783 1237 842 quum
1252 762 1360 821 dieitur
1367 762 1443 838 pri-

239 849 391 922 mogenitae
405 847 469 918 Dei,
483 847 560 906 Heb.
575 847 594 906 i.
610 851 637 922 6,
652 847 721 924 quia
735 866 753 905 a
767 846 853 905 Patre
866 845 904 904 eb
915 853 1021 904 eterne
1035 845 1152 922 genitus
1171 848 1219 925 ηδ
1234 843 1319 908 nim
1331 845 1442 906 ω’ως

238 931 367 1006 pereyo&
378 936 485 1002 ιιιιιιις,
498 936 531 988 ut
539 927 646 986 habent
659 926 776 986 Scholia
784 927 897 986 Graes.
927 925 989 984 Neo
1001 923 1215 1002 Prinogenitus
1224 943 1339 1001 semper
1346 922 1445 982 debet

238 1027 302 1069 esse
317 1027 355 1066 ex
368 1026 489 1066 numero
502 1026 601 1068 sorum
614 1025 737 1085 quorum
756 1004 966 1085 prImogenitus
986 1004 1099 1081 dieitur,
1122 1023 1189 1064 oum
1211 1023 1289 1082 sepe
1301 1002 1446 1084 unigeni·

238 1096 300 1147 tum
321 1095 410 1164 notet,
426 1095 493 1147 ante
513 1106 599 1166 quem
620 1105 706 1146 nemo
725 1085 790 1162 fuit,
804 1093 834 1146 et
853 1093 1019 1164 postquem
1039 1103 1125 1143 nemo
1137 1091 1280 1144 venturus
1298 1092 1364 1144 est:
1389 1081 1447 1142 Sia

239 1167 372 1227 Christus
385 1167 594 1246 primogenitus
607 1166 703 1226 omnis
716 1165 861 1227 creaturas
875 1165 989 1241 dieitur,
1003 1183 1063 1224 non
1075 1163 1155 1243 qnod
1172 1164 1211 1224 sit
1223 1163 1336 1242 primns
1350 1162 1446 1224 eree

239 1257 377 1324 turnum,
393 1246 445 1306 sed
465 1247 534 1325 quia
553 1257 620 1306 ante
641 1247 794 1306 Greatrrres
814 1245 931 1324 genitus
950 1253 1003 1322 est,
1017 1253 1052 1304 ut
1071 1243 1119 1304 lrio
1138 1263 1198 1304 non
1218 1243 1447 1304 connumeratio

239 1348 306 1388 eum
320 1327 467 1387 Creatrmis
480 1327 519 1386 sit
531 1326 729 1405 intelligenda,
745 1325 797 1388 sed
810 1325 971 1386 antecessio
985 1333 1015 1384 et
1027 1324 1256 1402 praesistentia3
1271 1343 1341 1383 nam
1354 1324 1382 1384 si
1396 1331 1448 1382 est

241 1416 308 1467 ante
323 1409 490 1467 Greatmam
503 1426 626 1484 omnem,
641 1426 701 1466 non
720 1406 808 1468 debet
827 1406 903 1466 inter
916 1405 1069 1465 creaturas
1088 1404 1240 1482 recenseri,
1262 1413 1353 1483 atque
1373 1404 1448 1463 ideo

241 1496 367 1547 aeternus
381 1487 420 1546 sit
432 1505 550 1546 neeesse
564 1495 617 1546 est.

283 1567 378 1626 XXI.
394 1567 481 1627 Pater
490 1586 544 1626 nse
554 1566 655 1644 genuit
666 1565 774 1626 Filium
780 1569 847 1643 jam
854 1565 1021 1642 examen
1032 1565 1101 1644 quia
1110 1563 1173 1642 jam
1183 1571 1250 1623 ante
1262 1581 1446 1643 supponere·

240 1655 289 1706 tur
301 1647 399 1724 finisse,
414 1665 468 1707 nee
481 1650 605 1706 nondam
621 1647 788 1722 menan
812 1647 853 1706 sio
874 1646 951 1706 enirn
969 1665 1028 1704 non
1046 1644 1118 1704 foret
1139 1653 1273 1721 aeternus,
1289 1643 1344 1703 sed
1357 1650 1447 1702 eoen-

242 1728 374 1803 iateatem,
387 1727 456 1804 quia
469 1727 506 1786 ab
521 1735 628 1786 aterno
641 1727 697 1786 fuit
716 1745 782 1786 eum
798 1726 892 1786 Patre.
935 1725 1040 1804 Itaque
1053 1724 1159 1784 divisio
1173 1725 1254 1785 valet
1274 1733 1393 1784 tantmn
1413 1723 1446 1781 in

243 1807 478 1886 generationibus
491 1807 628 1886 physicis,
643 1806 694 1866 ubi
708 1807 838 1885 genitum
851 1806 955 1867 nansit
968 1825 988 1864 a
999 1823 1058 1864 non
1071 1823 1135 1864 esse
1155 1803 1195 1863 ad
1207 1823 1291 1881 esse;
1313 1803 1369 1863 sed
1382 1823 1445 1862 non

241 1896 339 1965 potest
348 1887 559 1947 accommodari
572 1887 752 1966 generationi
764 1887 832 1946 huie
844 1885 1146 1964 hyperphysimquae
1160 1893 1206 1944 est
1218 1893 1301 1944 aetus
1315 1893 1448 1943 aeternus

243 1968 344 2028 aeterni
359 1968 462 2044 Patn's,
484 1988 573 2046 aquo
588 1968 682 2027 Filius
695 1974 819 2042 emanat,
841 1975 871 2026 et
889 1967 919 2024 in
932 1985 990 2044 qno
1003 1965 1142 2025 immanet
1162 1965 1225 2024 sine
1239 1964 1319 2024 omni
1338 1965 1445 2042 praeei-

243 2049 333 2123 sione‚
346 2047 543 2108 coexistendo.
586 2048 673 2108 Unde
688 2047 782 2106 Filius
795 2066 854 2106 non
868 2045 922 2106 init
935 2044 1049 2123 proprie
1062 2052 1130 2104 ante
1145 2043 1372 2122 generationum,
1389 2063 1446 2103 nee

243 2129 332 2206 ooepit
342 2148 405 2188 esse
420 2148 472 2206 per
523 2129 708 2204 nerationem,
725 2127 777 2186 sed
791 2145 903 2205 semper
916 2125 1061 2185 emanavit
1075 2146 1093 2184 a
1107 2125 1193 2184 Patre
1207 2133 1275 2184 sotu
1288 2131 1402 2184 oetern'o
1416 2133 1447 2182 et

243 2207 366 2282 interno,
382 2208 421 2266 ad
434 2228 462 2264 ιιι
502 2227 551 2265 um
565 2207 640 2266 radii
654 2227 671 2266 a
687 2207 754 2266 Sole
765 2207 878 2284 jugiter
891 2205 1059 2280 emanantis,
1074 2204 1143 2264 lieet
1156 2205 1243 2264 modo
1256 2203 1446 2264 eminentiori

242 2286 449 2364 inexplicabili.
478 2290 506 2344 2.
522 2285 636 2346 Deinde
649 2306 701 2363 per
714 2285 931 2363 generationem
941 2283 1168 2345 eommunieatur
1181 2285 1318 2346 Essentia
1333 2285 1448 2344 Divina

242 2366 349 2443 genito,
372 2384 431 2424 non
445 2373 477 2423 ut
491 2366 600 2440 arietat,
625 2365 677 2424 sed
699 2365 884 2440 utsudsietat,
907 2364 981 2424 adeo
1003 2373 1038 2424 ut
1057 2363 1109 2424 illa
1131 2385 1191 2424 nou
1213 2365 1388 2424 terminetur
1409 2363 1450 2423 ad

241 2443 426 2504 existentiam
439 2443 610 2519 absolutam,
624 2443 675 2503 sed
689 2443 727 2502 ad
740 2442 859 2502 modum
873 2444 1059 2524 subsistendi,
1071 2463 1125 2504 nee
1137 2463 1190 2523 per
1203 2464 1269 2504 eum
1284 2445 1448 2505 constitua·

242 2531 291 2582 tur
306 2524 386 2582 Deus
400 2523 541 2600 absolute,
562 2524 614 2582 sed
629 2524 723 2582 Filius
736 2523 836 2584 relate.

282 2603 394 2696 ²5⁸.st
412 2605 615 2697 diocesariam
633 2611 664 2698 et
682 2606 872 2664 voluntarium
893 2612 1040 2684 uteunque
1061 2605 1092 2664 in
1114 2604 1178 2664 Deo
1194 2604 1292 2684 quoad
1312 2611 1450 2664 nostrum

240 2682 565 2824 tttsslitittlt
573 2683 1037 2842 {tentitudine}
1050 2683 1453 2842 ltdtltt‘nltl:

241 2850 345 2902 natura
358 2843 468 2921 genuit,
482 2853 516 2906 ut
529 2853 574 2905 est
586 2853 690 2905 natura
704 2845 793 2923 Deus,
810 2844 1045 2920 sedroluntarie,
1060 2845 1129 2922 quia
1142 2865 1200 2904 non
1213 2854 1322 2922 coacte,
1338 2845 1392 2904 sed
1406 2845 1452 2903 lu-

240 2922 343 2982 benter
356 2924 475 3002 genuit3
492 2945 551 2986 non
564 2928 704 2985 ιιοιιιιιιαιε
714 2927 898 3002 smerdem,
913 2945 979 3002 qne
988 2933 1070 2985 notat
1083 2933 1180 2984 aetum
1189 2925 1310 2984 volendi
1322 2925 1450 2984 liberum

240 3001 278 3062 sd
289 3012 380 3081 extra,
396 3003 448 3064 sed
461 3007 667 3082 οοιιωιιιίιαιιιο,
679 3025 744 3084 que
754 3014 837 3066 notat
846 3005 1006 3065 naturalem
1013 3003 1132 3064 volendi
1142 3005 1173 3063 in
1184 3004 1248 3064 Deo
1257 3004 1447 3082 laenitatem

239 3102 299 3142 non
312 3083 446 3160 libertate
460 3086 662 3162 indifferentis,
678 3085 731 3145 sed
742 3085 962 3163 epontaneitats'e.

283 3163 414 3224 XXIII.
438 3165 521 3226 Lioet
535 3166 629 3225 Filius
642 3185 660 3224 a
675 3165 760 3225 Patre
774 3166 890 3243 genitus
903 3165 1024 3240 sileatur,
1038 3183 1098 3224 non
1112 3165 1243 3243 seqnitur
1256 3165 1365 3223 fllium
1378 3165 1450 3240 sore

240 3244 287 3301 aui
298 3245 385 3320 ᾑιιίιιι
398 3245 512 3320 Filiam,
528 3247 597 3324 qnia
610 3245 745 3305 Essentia
757 3264 816 3304 non
837 3254 957 3322 generet
970 3243 1143 3338 iissentism,
1160 3243 1212 3304 sed
1232 3244 1365 3305 Persona
1378 3245 1448 3304 Per·

240 3324 1103 3482 ”llllittiltlzlttilttitltttitttt
1110 3326 1384 3481 iit‘ittnenn,
1396 3403 1447 3463 „a

239 3481 329 3541 attam
342 3501 360 3540 a
374 3500 404 3540 se
418 3483 616 3560 personaliter.
649 3483 724 3542 Nam
736 3484 871 3543 Essentia
883 3484 978 3544 Patris
988 3491 1034 3544 est
1044 3483 1181 3544 Essentia
1195 3484 1264 3542 Filii
1274 3492 1306 3544 et
1321 3483 1448 3562 Spiritus

242 3559 349 3636 Sancti,
364 3561 434 3620 doet
446 3581 510 3622 osse
524 3563 640 3622 Patrem
657 3581 717 3622 non
730 3563 769 3623 sit
781 3582 846 3623 esse
860 3564 976 3641 amum,
992 3571 1043 3623 aut
1055 3583 1120 3624 esse
1136 3565 1276 3642 Spiritum
1292 3563 1324 3623 S.
1361 3563 1447 3624 Unde

240 3659 327 3699 amm
348 3649 446 3702 menet
467 3661 581 3720 semper
601 3643 849 3721 perfeetissimum,
872 3643 1008 3703 nimirum
1023 3643 1113 3721 Deus,
1133 3645 1204 3704 lieet
1223 3663 1283 3704 non
1303 3645 1344 3705 sit
1362 3645 1448 3704 unies

241 3719 377 3798 Persona,
392 3721 462 3799 quia
479 3721 572 3782 tribus
591 3724 749 3802 suppositis
766 3731 811 3783 est
831 3723 1078 3802 eommunioabile,
1101 3743 1160 3784 non
1173 3724 1301 3785 essentia
1312 3723 1447 3798 diversis,

240 3799 293 3860 sed
306 3801 445 3861 relatione
458 3803 690 3864 characteristica
704 3803 857 3864 distinctis

281 3879 389 3942 XXV.
411 3882 507 3958 Quum
528 3883 622 3944 Filius
637 3884 742 3944 dieitur
754 3903 830 3943 nnus
844 3901 908 3943 esse
925 3903 991 3943 oum
1009 3883 1095 3944 Patre
1118 3883 1207 3960 Deus,
1228 3893 1258 3944 et
1270 3891 1372 3944 temen
1384 3901 1449 3942 esse

240 3959 377 4020 distinete
391 3962 519 4023 Persona
532 3963 569 4022 ab
584 3964 656 4042 ipso,
670 3963 753 4023 nulla
765 3973 812 4023 est
824 3963 1031 4040 eontradietio;
1052 3964 1122 4042 quia
1133 3963 1204 4024 lieet
1216 3963 1341 4023 eandem
1351 3983 1450 4022 essen·

239 4041 310 4100 tiam
330 4041 444 4118 habeat,
463 4043 621 4104 seeundum
634 4063 721 4122 quam
741 4062 818 4102 nnus
839 4061 906 4102 oum
929 4041 1015 4105 Patre
1035 4043 1117 4104 Deus
1138 4043 1253 4121 dieitur,
1277 4063 1339 4102 non
1360 4044 1450 4102 habet

239 4129 337 4180 tamen
351 4139 416 4180 sam
430 4143 495 4182 eum
509 4123 611 4182 eodem
631 4123 718 4182 modo
736 4121 931 4183 subsistendi:
953 4123 1015 4183 Neo
1033 4123 1058 4184 si
1079 4124 1110 4182 in
1129 4123 1220 4183 linitis
1240 4131 1270 4182 et
1290 4124 1399 4182 orestis
1413 4122 1450 4181 ad

240 4199 386 4260 diversam
408 4221 560 4280 personam
581 4203 697 4262 diverm
716 4202 873 4280 requiritur
892 4203 1027 4280 essentia,
1048 4203 1185 4264 continno
1207 4203 1263 4263 hoo
1285 4204 1316 4261 in
1332 4203 1450 4262 Dirinis

239 4279 336 4362 loonm
357 4281 454 4358 habet,
469 4283 520 4342 ubi
534 4283 670 4343 Essentis
682 4281 785 4342 eadem
797 4301 918 4344 numero
932 4292 962 4343 et
975 4283 1140 4362 singularis,
1155 4291 1252 4362 potest
1264 4291 1365 4343 tamen
1385 4282 1449 4362 plu·

239 4359 321 4418 ribus
335 4379 400 4420 esse
414 4363 669 4439 eommuniaabilis,
685 4363 754 4440 quia
767 4361 888 4422 infinita

281 4438 407 4498 XXVI.
430 4441 514 4502 Lieet
526 4445 628 4523 fideles
641 4442 774 4502 dieantur
785 4441 873 4519 gipsi,
887 4440 937 4500 vel
950 4443 1032 4501 nasei
1043 4461 1080 4501 aa
1092 4443 1166 4518 Deo,
1181 4449 1300 4520 propter
1313 4441 1448 4501 similitu·

240 4514 336 4575 dinem
357 4519 507 4598 virtutum,
531 4531 561 4581 et
584 4541 642 4581 non
666 4540 718 4599 per
740 4522 875 4581 essentie
898 4521 1204 4598 communicationem
1234 4541 1294 4581 non
1319 4521 1450 4599 sequimr

239 4593 341 4652 eodem
356 4615 443 4657 sensu
456 4601 512 4660 hoo
533 4601 658 4678 intelligi
671 4601 709 4661 de
724 4600 848 4678 Christo,
864 4602 933 4680 quia
945 4603 1044 4680 agitur
1056 4602 1093 4664 de
1113 4601 1229 4681 propria
1248 4603 1448 4680 generatione,

238 4692 291 4749 per
303 4691 390 4750 qnam
406 4675 499 4738 Filius
513 4689 558 4738 est
570 4681 705 4758 proprius
717 4689 748 4740 et
761 4681 929 4760 unigenitus
945 4681 1010 4741 Dei.
