3152 5178
132 399 233 452 orm.
247 379 328 464 xia]
564 401 604 442 ns
617 401 676 444 nno
691 401 759 460 uuo,
775 402 812 444 sn
827 401 924 445 ιιιιιιο.
1282 383 1336 442 197

133 565 168 605 ex
182 543 337 623 hypothesi
357 543 526 624 coneipitur
538 563 601 605 esse
615 545 796 604 deminutae
809 544 1013 605 antecedenter
1025 545 1063 604 ad
1076 545 1233 622 decretum,
1248 550 1336 622 nega2

133 633 192 701 tur3
201 625 380 702 perculite,
392 625 572 685 conceditur.
609 622 658 685 Sic
668 645 768 686 verimi
779 635 825 686 est
836 625 952 685 Petrum
962 627 1132 702 possibiliter
1141 633 1335 704 peccantium,

132 706 289 784 siponatur
302 706 333 764 in
346 706 401 764 tali
414 725 513 764 rerum
527 705 625 765 ordine
639 706 842 766 antecedenter
855 706 893 765 ad
912 706 1077 782 decretum3
1101 705 1160 766 Sed
1173 725 1232 764 non
1246 709 1336 765 deter-

132 787 239 863 mimte,
254 795 287 846 ut
300 805 403 846 verum
419 787 458 845 sit
472 786 591 846 Petrum
604 794 671 846 actu
685 795 715 846 et
732 787 827 865 reipsa
845 795 1039 866 peccaturum,
1059 787 1085 846 si
1104 795 1228 864 ponetur
1241 787 1272 844 in
1285 785 1338 844 teli
1419 833 1423 840 .

128 885 223 962 rerum
248 865 366 962 prdinc3
395 865 454 926 hoc
476 866 553 926 enim
573 885 633 926 non
655 874 752 945 potest
775 875 885 927 certum
909 885 972 927 esse
995 867 1052 926 nisi
1076 887 1114 926 ex
1138 867 1254 926 decreto
1279 866 1337 926 Dei

126 965 448 1087 perdulllmdllceeeer'tue
461 1033 491 1087 et
504 1027 689 1105 omonymum
702 1027 787 1087 aliter
800 1048 831 1088 se
848 1027 958 1087 hebent
977 1027 1007 1086 in
1020 1027 1188 1104 amplecitur
1201 1027 1334 1105 minis,

123 1107 211 1166 aliter
224 1107 431 1190 incompleeu'e.
474 1108 572 1166 Primo
585 1107 672 1166 modo
685 1107 826 1168 dividitur
840 1109 902 1167 Ena
921 1108 953 1166 in
973 1109 1166 1168 necessarium
1180 1117 1210 1167 et
1223 1109 1335 1168 contin-

123 1207 217 1281 gens'
231 1207 286 1248 nec
306 1195 429 1266 possunt
450 1187 544 1247 eidem
558 1195 737 1282 competere,
751 1188 811 1282 Used
832 1188 967 1264 secundo,
980 1196 1133 1283 ‘quat-enus
1153 1189 1284 1248 oriuntur
1297 1209 1335 1250 ex

121 1267 243 1327 diversa
258 1287 409 1328 caumrum
430 1267 468 1326 ad
489 1267 607 1328 effectus
627 1267 805 1344 habitudine,
825 1277 945 1328 eatenus
964 1287 1006 1328 sie
1020 1267 1194 1344 eomerdunt,
1210 1277 1243 1329 ut
1256 1269 1336 1347 quod

120 1356 262 1426 respectu
281 1349 382 1427 primae
395 1367 490 1407 caiisoe
504 1355 550 1408 est
566 1349 768 1426 necessarium,
784 1357 916 1428 respectu
931 1349 1064 1408 secunde
1082 1349 1174 1427 possit
1187 1369 1251 1408 esse
1266 1369 1334 1408 con·

119 1428 254 1505 tingens,
276 1427 318 1488 ita
338 1428 509 1506 disponente
528 1428 622 1506 prima
640 1447 735 1504 cansa,
755 1449 821 1506 quae
839 1448 898 1488 non
912 1428 998 1488 modo
1012 1429 1100 1488 efficit
1112 1437 1146 1488 ut
1159 1449 1205 1488 res
1220 1429 1266 1505 sit,
1281 1429 1335 1490 sed
1416 1487 1419 1492 .

119 1517 155 1568 nt
169 1529 227 1568 auo
241 1508 329 1568 modo
348 1509 394 1582 sit,
416 1509 473 1568 hoe
491 1517 537 1568 est
556 1509 718 1568 necessaria
736 1509 908 1586 necessario,
930 1511 1101 1587 contingens
1115 1510 1332 1588 contingentem

120 1588 186 1648 Nec
208 1597 308 1649 nmen
330 1589 387 1648 ista
404 1589 561 1648 necessitas
581 1597 714 1667 respectu
734 1589 834 1666 primae
855 1609 949 1649 cause
970 1590 1132 1649 libertatem
1152 1589 1230 1649 tollit
1249 1590 1334 1650 liberi

118 1669 247 1744 arbitrii,
265 1669 335 1746 quia
348 1669 506 1728 necessitas
526 1668 584 1728 ista
601 1677 718 1730 nonest
732 1670 897 1746 coactionis,
918 1670 970 1730 aed
990 1670 1203 1747 consequentiae
1217 1689 1269 1730 scu
1289 1671 1332 1730 in·

119 1748 321 1824 fallibilitatis,
336 1769 402 1827 quae
416 1749 523 1828 optime
537 1747 669 1808 consistit
683 1769 749 1808 cum
763 1749 905 1809 libertate.

162 1829 281 1889 XXII.
304 1829 445 1904 Quamvis
459 1829 540 1888 Deus
553 1828 756 1889 antecedenter
768 1829 807 1888 sd
820 1829 967 1889 decretum
987 1831 1079 1908 possit
1092 1849 1178 1890 nosse
1192 1849 1230 1890 ex
1243 1831 1333 1892 variis

118 1909 228 1970 indiis
243 1929 310 1987 quae
324 1909 362 1968 ad
375 1909 555 1968 voluntatem
568 1909 741 1968 movendam
755 1908 886 1968 adhiberi
899 1917 1029 1986 possam,
1044 1911 1106 1969 haee
1121 1919 1171 1971 aut
1184 1911 1235 1969 illa
1247 1931 1332 1990 posce

117 1989 230 2049 melius
243 1989 418 2068 persuadere
431 1989 504 2064 eliis,
521 1989 546 2047 si
559 1989 767 2065 adhibeanuir;
789 2008 847 2047 non
864 1997 960 2066 potest
972 1997 1070 2048 umen
1083 2009 1257 2068 cognoscere
1271 1992 1333 2052 haec

118 2080 189 2130 actu
209 2089 386 2150 persuasura
402 2069 603 2129 antecedenter
617 2070 655 2129 ud
667 2068 847 2129 voluntatem
863 2067 951 2127 dandi
971 2069 1023 2128 illa
1035 2068 1140 2146 media,
1154 2079 1184 2129 et
1197 2069 1234 2127 ed
1248 2069 1333 2129 effee-

117 2159 184 2210 tnm
198 2149 419 2230 producendum
434 2149 586 2210 efficaciter
598 2149 754 2209 movendis
777 2149 837 2207 Nec
852 2148 931 2208 valet
944 2148 1109 2226 exemplum
1124 2149 1202 2228 quod
1216 2148 1333 2210 affertur

118 2230 157 2290 do
170 2231 252 2308 igne,
268 2251 355 2308 quem
370 2231 451 2290 Deus
465 2230 547 2289 novit
559 2229 665 2289 habere
679 2249 744 2289 esse
754 2229 955 2288 calefactivnm
966 2229 1168 2290 antecedenter
1181 2229 1219 2290 ad
1229 2229 1331 2289 voluu-

120 2319 213 2370 tatem
226 2311 346 2370 creandi
359 2311 457 2388 ignem
472 2310 523 2388 qui
535 2318 602 2369 actu
615 2309 807 2369 calefactums
821 2309 876 2386 sit;
897 2309 965 2387 quia
978 2309 1036 2369 alia
1046 2317 1090 2370 est
1099 2310 1174 2370 ratio
1184 2309 1331 2388 agentium

119 2391 308 2466 naturalium,
331 2399 436 2450 natura
457 2410 511 2450 sua
531 2389 570 2448 ad
591 2410 681 2450 unum
702 2389 974 2467 determinatorum
996 2390 1054 2449 alia
1073 2410 1143 2450 vero
1164 2391 1330 2470 liberorum,

120 2471 412 2613 qulldllllludnlidd
423 2469 857 2628 llloldlloulplllefllunualaosddluiia
876 2551 1044 2625 existenda·
1073 2550 1166 2610 Aliud
1186 2550 1223 2611 de
1244 2571 1331 2612 eausa

114 2632 296 2708 sauritim&
309 2651 416 2692 rerum.
458 2631 560 2691 Causae
574 2631 708 2690 secundae
722 2650 788 2690 cum
803 2631 867 2690 Deo
881 2650 1049 2690 uouemere
1069 2641 1191 2709 possunt
1205 2631 1243 2690 ad
1264 2653 1330 2692 cau·

122 2713 241 2772 andam
262 2711 306 2771 rei
325 2713 452 2790 aliquus
473 2710 665 2788 existentiam,
686 2711 754 2788 quia
774 2711 861 2770 simul
881 2731 947 2771 cuin
962 2711 1026 2770 Deo
1039 2712 1170 2772 existunt
1183 2721 1213 2772 et
1227 2713 1330 2772 activae

121 2801 196 2852 sunt
239 2791 285 2852 At
298 2792 381 2851 nulla
394 2811 483 2852 canoa
496 2790 623 2850 mounda
635 2809 701 2850 cum
716 2790 779 2849 Deo
794 2810 962 2850 concurrere
981 2799 1078 2870 potest
1097 2791 1136 2850 ad
1155 2792 1330 2852 musandum

121 2892 213 2933 rerum
236 2872 447 2948 futuritionem,
467 2872 536 2950 quia
556 2871 687 2930 futuritio
710 2869 787 2930 facta
807 2871 907 2930 catab
926 2879 1042 2947 eterno,
1064 2877 1096 2930 at
1115 2891 1210 2930 causae
1230 2891 1330 2932 omnes

120 2962 230 3013 tantum
255 2962 327 3012 suut
349 2951 381 3011 in
403 2961 541 3030 tempore.
584 2949 670 3011 Unde
691 2958 771 3028 patet
794 2969 890 3010 rerum
913 2949 1111 3010 futuritionem
1132 2970 1191 3009 non
1213 2951 1331 3012 aliunde

118 3035 242 3112 pendere
256 3053 347 3111 quam
363 3032 386 3092 'a
408 3033 466 3093 Dei
486 3031 611 3109 decreto,
631 3039 719 3111 atque
739 3029 813 3090 adeo
833 3048 892 3114 non
910 3029 1027 3089 aliunde
1047 3049 1133 3108 quam
1154 3050 1192 3089 ex
1213 3030 1328 3090 decreto

117 3134 244 3191 1)Γωεωιιι
257 3133 356 3194 1)οΜ

567 3353 762 3430 cumano
782 3351 873 3413 xw.

565 3533 605 3574 DF.
624 3531 804 3574 vononem
825 3531 885 3573 DEI.

257 3678 308 3737 An
321 3678 405 3737 Deus
418 3677 549 3756 pradum
561 3675 628 3736 velit
639 3674 803 3750 macario,
819 3673 949 3752 quadum
963 3673 1072 3732 eom!
1092 3672 1175 3733 Affir.
1257 3667 1263 3682 '

156 3837 182 3895 l.
204 3837 396 3896 Intellectum
426 3835 481 3895 Dei
506 3834 637 3913 sequitur
657 3833 820 3894 necessario
848 3833 990 3908 Voluntas,
1014 3833 1099 3910 cujus
1122 3833 1256 3908 opertum
1282 3839 1327 3892 est

117 3911 228 3976 'tantm
241 3917 365 3992 bonum,
380 3923 415 3974 ut
428 3915 592 3974 intellectus
606 3921 651 3974 est
664 3934 775 3974 verum.
804 3913 962 3990 Quia,vero
975 3913 1083 3971 bonum
1098 3912 1146 3970 rel
1160 3919 1206 3970 est
1218 3911 1326 3968 mereu-

124 4003 181 4052 tum
194 4007 224 4056 et
236 3995 395 4072 inlinitum,
411 3995 459 4054 vel
473 3995 587 4054 finitum
600 4003 630 4054 et
643 4003 784 4070 creatum3
805 3994 874 4052 hinc
894 3992 1004 4070 duplex
1016 3991 1160 4050 voluntati
1181 3990 1328 4067 objectum

123 4075 294 4153 assignatur,
307 4074 478 4154 prunedum
491 4075 627 4133 nimirum
647 4074 737 4149 Dens,
758 4081 792 4133 ut
812 4073 920 4132 bonurn
941 4071 1104 4146 inlinitum
1127 4068 1328 4128 secundarium

123 4171 188 4213 vero
200 4176 248 4215 rea
263 4175 367 4215 onmes
381 4162 486 4214 create
499 4161 582 4213 extra
597 4154 700 4230 Deum,
715 4173 781 4231 que
794 4153 934 4212 rationem
948 4149 1057 4208 habent
1069 4149 1138 4207 boni
1158 4147 1240 4222 finiti,
1256 4167 1329 4226 quaa

120 4233 203 4294 etism
217 4245 305 4295 extra
319 4255 352 4294 se
366 4234 432 4294 vult
447 4235 535 4312 Deris,
551 4233 675 4293 sednon
689 4233 790 4292 eodem
802 4229 909 4307 modo,
931 4249 963 4289 se
977 4228 1094 4306 quidem
1107 4228 1263 4286 aeccaeorao
1271 4249 1330 4304 per

118 4316 360 4392 toneploecntium,
375 4313 434 4374 alia
444 4333 513 4374 vero
528 4313 625 4373 omnia
638 4313 722 4372 ledere
735 4331 773 4371 ee·
786 4313 914 4370 decreto.-
936 4308 1023 4369 Unde
1037 4307 1158 4385 quaestio
1181 4309 1330 4386 proposita

121 4394 217 4454 oritur.

427 4473 470 4534 11.
493 4472 544 4532 Ad
557 4481 665 4532 statum
688 4479 791 4550 quaest.
816 4469 939 4528 observa
962 4440 994 4528 1.‘
1010 4468 1196 4528 maurium
1218 4466 1329 4547 duplex

148 4537 234 4584 m
249 4537 335 4590 ω·
386 4571 469 4614 esse:
490 4553 583 4613 Aliud
596 4554 751 4612 adulatum
765 4549 844 4628 quod
869 4548 1037 4625 simpliciter
1060 4555 1090 4607 et
1102 4567 1154 4626 per
1168 4567 1198 4607 ae
1219 4567 1328 4628 suaque

195 4597 282 4642 Μ·-
385 4641 489 4692 mmm
512 4652 571 4692 non
591 4639 689 4710 potest
698 4631 787 4704 aliter
800 4650 831 4690 se
844 4629 959 4706 habere,
974 4638 1008 4689 ut
1022 4629 1116 4688 Deum
1133 4628 1327 4706 essebonum,

121 4713 228 4788 justum
243 4712 300 4774 dec.
345 4711 437 4773 Aliud
460 4713 669 4790 hypostaticam
693 4710 772 4788 quod
792 4729 851 4768 non
875 4709 916 4769 ite
938 4717 982 4769 est
1004 4729 1040 4768 ex
1066 4729 1096 4768 se
1111 4717 1140 4768 et
1162 4707 1330 4786 simpliciter
