<?xml version="1.0" encoding="UTF-8"?>
<!DOCTYPE html PUBLIC "-//W3C//DTD XHTML 1.0 Transitional//EN"
    "http://www.w3.org/TR/xhtml1/DTD/xhtml1-transitional.dtd">
<html xmlns="http://www.w3.org/1999/xhtml" xml:lang="en" lang="en">
 <head>
  <title>
</title>
<meta http-equiv="Content-Type" content="text/html;charset=utf-8" />
  <meta name='ocr-system' content='tesseract 3.04.00' />
  <meta name='ocr-capabilities' content='ocr_page ocr_carea ocr_par ocr_line ocrx_word'/>
</head>
<body>
  <div class='ocr_page' id='page_1' title='image "./francisciturret01pictgoog_0291.png"; bbox 0 0 3152 5178; ppageno 0'>
   <div class='ocr_carea' id='block_1_1' title="bbox 305 375 1495 459">
    <p class='ocr_par' dir='ltr' id='par_1_1' title="bbox 305 375 1495 459">
     <span class='ocr_line' id='line_1_1' title="bbox 305 375 1495 459; baseline 0.001 -18"><span class='ocrx_word' id='word_1_1' title='bbox 305 381 364 441; x_wconf 79' lang='lat'><strong>236</strong></span> <span class='ocrx_word' id='word_1_2' title='bbox 783 395 1022 440; x_wconf 72' lang='lat' dir='ltr'><strong>monebamus.</strong></span> <span class='ocrx_word' id='word_1_3' title='bbox 1283 375 1495 459; x_wconf 69' lang='lat' dir='ltr'><strong>[eumenum.</strong></span> 
     </span>
    </p>
   </div>
   <div class='ocr_carea' id='block_1_2' title="bbox 300 535 1538 4506">
    <p class='ocr_par' dir='ltr' id='par_1_2' title="bbox 301 535 1500 1169">
     <span class='ocr_line' id='line_1_2' title="bbox 344 535 1497 616; baseline -0.001 -16"><span class='ocrx_word' id='word_1_4' title='bbox 344 537 387 600; x_wconf 89' lang='lat' dir='ltr'><strong>X.</strong></span> <span class='ocrx_word' id='word_1_5' title='bbox 409 538 526 615; x_wconf 86' lang='lat' dir='ltr'><strong>Quarto,</strong></span> <span class='ocrx_word' id='word_1_6' title='bbox 543 543 588 613; x_wconf 89' lang='lat' dir='ltr'><strong>est</strong></span> <span class='ocrx_word' id='word_1_7' title='bbox 611 535 838 598; x_wconf 80' lang='lat' dir='ltr'><strong>stabilimentum</strong></span> <span class='ocrx_word' id='word_1_8' title='bbox 858 539 948 600; x_wconf 90' lang='lat' dir='ltr'><strong>totius</strong></span> <span class='ocrx_word' id='word_1_9' title='bbox 972 537 1134 616; x_wconf 80' lang='lat' dir='ltr'><strong>Religionis</strong></span> <span class='ocrx_word' id='word_1_10' title='bbox 1154 535 1342 612; x_wconf 82' lang='lat' dir='ltr'><strong>Christianae,</strong></span> <span class='ocrx_word' id='word_1_11' title='bbox 1364 543 1393 598; x_wconf 90' lang='lat' dir='ltr'><strong>et</strong></span> <span class='ocrx_word' id='word_1_12' title='bbox 1412 537 1497 599; x_wconf 87' lang='lat' dir='ltr'><strong>salutis</strong></span> 
     </span>
     <span class='ocr_line' id='line_1_3' title="bbox 303 615 1496 696; baseline -0.001 -18"><span class='ocrx_word' id='word_1_13' title='bbox 303 628 417 695; x_wconf 85' lang='lat' dir='ltr'><strong>nostras,</strong></span> <span class='ocrx_word' id='word_1_14' title='bbox 433 637 490 696; x_wconf 91' lang='lat' dir='ltr'><strong>quo</strong></span> <span class='ocrx_word' id='word_1_15' title='bbox 504 638 522 675; x_wconf 93' lang='lat' dir='ltr'><strong>a</strong></span> <span class='ocrx_word' id='word_1_16' title='bbox 535 616 649 678; x_wconf 81' lang='lat' dir='ltr'><strong>Judaeis</strong></span> <span class='ocrx_word' id='word_1_17' title='bbox 672 617 828 695; x_wconf 77' lang='lat' dir='ltr'><strong>hodiernis,</strong></span> <span class='ocrx_word' id='word_1_18' title='bbox 852 617 1066 679; x_wconf 88' lang='lat' dir='ltr'><strong>Mahumetanis</strong></span> <span class='ocrx_word' id='word_1_19' title='bbox 1088 627 1118 677; x_wconf 89' lang='lat' dir='ltr'><strong>et</strong></span> <span class='ocrx_word' id='word_1_20' title='bbox 1139 616 1278 676; x_wconf 80' lang='lat' dir='ltr'><strong>Enthieis</strong></span> <span class='ocrx_word' id='word_1_21' title='bbox 1300 615 1496 694; x_wconf 79' lang='lat' dir='ltr'><strong>distinguimur.</strong></span> 
     </span>
     <span class='ocr_line' id='line_1_4' title="bbox 304 695 1497 775; baseline -0.002 -17"><span class='ocrx_word' id='word_1_22' title='bbox 304 699 421 775; x_wconf 83' lang='lat' dir='ltr'><strong>Quinto,</strong></span> <span class='ocrx_word' id='word_1_23' title='bbox 436 705 572 757; x_wconf 73' lang='lat' dir='ltr'><strong>constans</strong></span> <span class='ocrx_word' id='word_1_24' title='bbox 585 695 640 756; x_wconf 88' lang='lat' dir='ltr'><strong>fuit</strong></span> <span class='ocrx_word' id='word_1_25' title='bbox 653 696 726 756; x_wconf 88' lang='lat' dir='ltr'><strong>fides</strong></span> <span class='ocrx_word' id='word_1_26' title='bbox 740 697 889 772; x_wconf 89' lang='lat' dir='ltr'><strong>Veterum,</strong></span> <span class='ocrx_word' id='word_1_27' title='bbox 904 707 938 759; x_wconf 91' lang='lat' dir='ltr'><strong>ut</strong></span> <span class='ocrx_word' id='word_1_28' title='bbox 959 717 997 757; x_wconf 86' lang='lat' dir='ltr'><strong>ex</strong></span> <span class='ocrx_word' id='word_1_29' title='bbox 1021 697 1175 775; x_wconf 87' lang='lat' dir='ltr'><strong>Symbolis,</strong></span> <span class='ocrx_word' id='word_1_30' title='bbox 1200 695 1355 772; x_wconf 78' lang='lat' dir='ltr'><strong>Consiliis,</strong></span> <span class='ocrx_word' id='word_1_31' title='bbox 1372 696 1497 774; x_wconf 83' lang='lat' dir='ltr'><strong>Panibus,</strong></span> 
     </span>
     <span class='ocr_line' id='line_1_5' title="bbox 304 775 1499 856; baseline -0.001 -20"><span class='ocrx_word' id='word_1_32' title='bbox 304 777 464 856; x_wconf 87' lang='lat' dir='ltr'><strong>Rescriptis</strong></span> <span class='ocrx_word' id='word_1_33' title='bbox 478 776 689 855; x_wconf 90' lang='lat' dir='ltr'><strong>Imperialibns,</strong></span> <span class='ocrx_word' id='word_1_34' title='bbox 706 777 941 837; x_wconf 75' lang='lat' dir='ltr'><strong>confessionibus</strong></span> <span class='ocrx_word' id='word_1_35' title='bbox 956 777 1151 837; x_wconf 85' lang='lat' dir='ltr'><strong>Ecclesiamm</strong></span> <span class='ocrx_word' id='word_1_36' title='bbox 1164 775 1253 836; x_wconf 85' lang='lat' dir='ltr'><strong>facile</strong></span> <span class='ocrx_word' id='word_1_37' title='bbox 1268 775 1432 854; x_wconf 71' lang='lat' dir='ltr'><strong>colligitur,</strong></span> <span class='ocrx_word' id='word_1_38' title='bbox 1444 777 1499 835; x_wconf 88' lang='lat' dir='ltr'><strong>hinc</strong></span> 
     </span>
     <span class='ocr_line' id='line_1_6' title="bbox 302 855 1498 934; baseline -0.001 -18"><span class='ocrx_word' id='word_1_39' title='bbox 302 856 354 916; x_wconf 88' lang='lat' dir='ltr'><strong>illa</strong></span> <span class='ocrx_word' id='word_1_40' title='bbox 369 857 488 934; x_wconf 86' lang='lat' dir='ltr'><strong>Symbo.</strong></span> <span class='ocrx_word' id='word_1_41' title='bbox 504 856 632 916; x_wconf 83' lang='lat' dir='ltr'><strong>Athana.</strong></span> <span class='ocrx_word' id='word_1_42' title='bbox 676 856 766 931; x_wconf 86' lang='lat' dir='ltr'><strong>“Qui</strong></span> <span class='ocrx_word' id='word_1_43' title='bbox 779 857 845 917; x_wconf 87' lang='lat' dir='ltr'><strong>vult</strong></span> <span class='ocrx_word' id='word_1_44' title='bbox 858 859 957 917; x_wconf 87' lang='lat' dir='ltr'><strong>salvus</strong></span> <span class='ocrx_word' id='word_1_45' title='bbox 971 876 1044 932; x_wconf 90' lang='lat' dir='ltr'><strong>esse,</strong></span> <span class='ocrx_word' id='word_1_46' title='bbox 1059 864 1125 916; x_wconf 91' lang='lat' dir='ltr'><strong>ante</strong></span> <span class='ocrx_word' id='word_1_47' title='bbox 1147 855 1249 914; x_wconf 89' lang='lat' dir='ltr'><strong>omnia</strong></span> <span class='ocrx_word' id='word_1_48' title='bbox 1275 874 1352 932; x_wconf 92' lang='lat' dir='ltr'><strong>opus</strong></span> <span class='ocrx_word' id='word_1_49' title='bbox 1371 863 1498 915; x_wconf 85' lang='lat' dir='ltr'><strong>estutte·</strong></span> 
     </span>
     <span class='ocr_line' id='line_1_7' title="bbox 302 934 1498 1016; baseline 0 -22"><span class='ocrx_word' id='word_1_50' title='bbox 302 945 370 996; x_wconf 91' lang='lat' dir='ltr'><strong>neat</strong></span> <span class='ocrx_word' id='word_1_51' title='bbox 385 935 563 996; x_wconf 74' lang='lat' dir='ltr'><strong>catholicam</strong></span> <span class='ocrx_word' id='word_1_52' title='bbox 576 935 671 1010; x_wconf 89' lang='lat' dir='ltr'><strong>fidem,</strong></span> <span class='ocrx_word' id='word_1_53' title='bbox 687 954 774 1012; x_wconf 91' lang='lat' dir='ltr'><strong>quam</strong></span> <span class='ocrx_word' id='word_1_54' title='bbox 786 937 843 995; x_wconf 89' lang='lat' dir='ltr'><strong>nisi</strong></span> <span class='ocrx_word' id='word_1_55' title='bbox 857 937 979 1014; x_wconf 90' lang='lat' dir='ltr'><strong>quisque</strong></span> <span class='ocrx_word' id='word_1_56' title='bbox 993 935 1136 1016; x_wconf 88' lang='lat' dir='ltr'><strong>integram</strong></span> <span class='ocrx_word' id='word_1_57' title='bbox 1149 943 1178 995; x_wconf 90' lang='lat' dir='ltr'><strong>et</strong></span> <span class='ocrx_word' id='word_1_58' title='bbox 1190 934 1370 994; x_wconf 83' lang='lat' dir='ltr'><strong>inviolatam</strong></span> <span class='ocrx_word' id='word_1_59' title='bbox 1384 955 1498 994; x_wconf 80' lang='lat' dir='ltr'><strong>serrave-</strong></span> 
     </span>
     <span class='ocr_line' id='line_1_8' title="bbox 302 1014 1500 1093; baseline -0.002 -18"><span class='ocrx_word' id='word_1_60' title='bbox 302 1016 349 1092; x_wconf 87' lang='lat' dir='ltr'><strong>rit,</strong></span> <span class='ocrx_word' id='word_1_61' title='bbox 363 1017 473 1093; x_wconf 90' lang='lat' dir='ltr'><strong>absque</strong></span> <span class='ocrx_word' id='word_1_62' title='bbox 488 1014 577 1074; x_wconf 92' lang='lat' dir='ltr'><strong>dubio</strong></span> <span class='ocrx_word' id='word_1_63' title='bbox 590 1015 622 1072; x_wconf 91' lang='lat' dir='ltr'><strong>in</strong></span> <span class='ocrx_word' id='word_1_64' title='bbox 635 1021 774 1074; x_wconf 81' lang='lat' dir='ltr'><strong>aeternum</strong></span> <span class='ocrx_word' id='word_1_65' title='bbox 796 1016 918 1093; x_wconf 74' lang='lat' dir='ltr'><strong>peribit,</strong></span> <span class='ocrx_word' id='word_1_66' title='bbox 940 1015 1013 1074; x_wconf 87' lang='lat' dir='ltr'><strong>fides</strong></span> <span class='ocrx_word' id='word_1_67' title='bbox 1037 1024 1133 1075; x_wconf 87' lang='lat' dir='ltr'><strong>autem</strong></span> <span class='ocrx_word' id='word_1_68' title='bbox 1155 1014 1313 1074; x_wconf 77' lang='lat' dir='ltr'><strong>catholiea</strong></span> <span class='ocrx_word' id='word_1_69' title='bbox 1327 1015 1391 1073; x_wconf 72' lang='lat' dir='ltr'><strong>haec</strong></span> <span class='ocrx_word' id='word_1_70' title='bbox 1410 1023 1457 1090; x_wconf 79' lang='lat' dir='ltr'><strong>est,</strong></span> <span class='ocrx_word' id='word_1_71' title='bbox 1475 1023 1500 1074; x_wconf 87' lang='lat' dir='ltr'><strong>ut</strong></span> 
     </span>
     <span class='ocr_line' id='line_1_9' title="bbox 301 1093 1341 1169; baseline -0.002 -15"><span class='ocrx_word' id='word_1_72' title='bbox 301 1113 391 1154; x_wconf 91' lang='lat' dir='ltr'><strong>unum</strong></span> <span class='ocrx_word' id='word_1_73' title='bbox 407 1096 502 1155; x_wconf 89' lang='lat' dir='ltr'><strong>Deum</strong></span> <span class='ocrx_word' id='word_1_74' title='bbox 516 1095 547 1154; x_wconf 94' lang='lat' dir='ltr'><strong>in</strong></span> <span class='ocrx_word' id='word_1_75' title='bbox 560 1093 710 1169; x_wconf 78' lang='lat' dir='ltr'><strong>Thinitate,</strong></span> <span class='ocrx_word' id='word_1_76' title='bbox 726 1103 755 1153; x_wconf 91' lang='lat' dir='ltr'><strong>et</strong></span> <span class='ocrx_word' id='word_1_77' title='bbox 768 1095 938 1154; x_wconf 74' lang='lat' dir='ltr'><strong>Trinitatem</strong></span> <span class='ocrx_word' id='word_1_78' title='bbox 952 1095 982 1153; x_wconf 91' lang='lat' dir='ltr'><strong>in</strong></span> <span class='ocrx_word' id='word_1_79' title='bbox 998 1095 1118 1155; x_wconf 89' lang='lat' dir='ltr'><strong>Unitate</strong></span> <span class='ocrx_word' id='word_1_80' title='bbox 1132 1094 1341 1154; x_wconf 83' lang='lat' dir='ltr'><strong>veneremur.”</strong></span> 
     </span>
    </p>

    <p class='ocr_par' dir='ltr' id='par_1_3' title="bbox 301 1172 1502 1650">
     <span class='ocr_line' id='line_1_10' title="bbox 605 1172 1500 1252; baseline 0 -20"><span class='ocrx_word' id='word_1_81' title='bbox 605 1173 666 1232; x_wconf 87' lang='lat' dir='ltr'><strong>XI.</strong></span> <span class='ocrx_word' id='word_1_82' title='bbox 688 1173 771 1233; x_wconf 83' lang='lat' dir='ltr'><strong>Licet</strong></span> <span class='ocrx_word' id='word_1_83' title='bbox 785 1174 959 1252; x_wconf 84' lang='lat' dir='ltr'><strong>Mysterium</strong></span> <span class='ocrx_word' id='word_1_84' title='bbox 972 1174 1122 1234; x_wconf 82' lang='lat' dir='ltr'><strong>Trinitatis</strong></span> <span class='ocrx_word' id='word_1_85' title='bbox 1136 1173 1294 1234; x_wconf 82' lang='lat' dir='ltr'><strong>obscurius</strong></span> <span class='ocrx_word' id='word_1_86' title='bbox 1304 1172 1392 1232; x_wconf 81' lang='lat' dir='ltr'><strong>firerit</strong></span> <span class='ocrx_word' id='word_1_87' title='bbox 1405 1172 1433 1230; x_wconf 89' lang='lat' dir='ltr'><strong>in</strong></span> <span class='ocrx_word' id='word_1_88' title='bbox 1445 1173 1500 1232; x_wconf 84' lang='lat' dir='ltr'><strong>Vct</strong></span> 
     </span>
     <span class='ocr_line' id='line_1_11' title="bbox 831 1252 1500 1411; baseline -0.002 -19.847"><span class='ocrx_word' id='word_1_89' title='bbox 563 1252 1500 1411; x_wconf 51' lang='lat' dir='ltr'><strong>esses.</strong></span> 
     </span>
     <span class='ocr_line' id='line_1_12' title="bbox 302 1411 1502 1492; baseline -0.003 -21"><span class='ocrx_word' id='word_1_90' title='bbox 302 1412 370 1473; x_wconf 92' lang='lat' dir='ltr'><strong>dere</strong></span> <span class='ocrx_word' id='word_1_91' title='bbox 384 1413 554 1490; x_wconf 88' lang='lat' dir='ltr'><strong>potuissent.</strong></span> <span class='ocrx_word' id='word_1_92' title='bbox 597 1412 810 1490; x_wconf 87' lang='lat' dir='ltr'><strong>Distinguendn</strong></span> <span class='ocrx_word' id='word_1_93' title='bbox 832 1433 902 1491; x_wconf 89' lang='lat' dir='ltr'><strong>ergo</strong></span> <span class='ocrx_word' id='word_1_94' title='bbox 925 1413 973 1473; x_wconf 92' lang='lat' dir='ltr'><strong>hic</strong></span> <span class='ocrx_word' id='word_1_95' title='bbox 997 1413 1115 1491; x_wconf 65' lang='lat' dir='ltr'><strong>ceperitis</strong></span> <span class='ocrx_word' id='word_1_96' title='bbox 1129 1413 1166 1472; x_wconf 87' lang='lat' dir='ltr'><strong>ab</strong></span> <span class='ocrx_word' id='word_1_97' title='bbox 1190 1414 1258 1492; x_wconf 90' lang='lat' dir='ltr'><strong>ejus</strong></span> <span class='ocrx_word' id='word_1_98' title='bbox 1269 1413 1409 1490; x_wconf 70' lang='lat' dir='ltr'><strong>gradabm</strong></span> <span class='ocrx_word' id='word_1_99' title='bbox 1417 1436 1430 1484; x_wconf 90' lang='lat'><strong>,·</strong></span> <span class='ocrx_word' id='word_1_100' title='bbox 1447 1411 1502 1468; x_wconf 87' lang='lat' dir='ltr'><strong>data</strong></span> 
     </span>
     <span class='ocr_line' id='line_1_13' title="bbox 302 1491 1500 1572; baseline -0.003 -20"><span class='ocrx_word' id='word_1_101' title='bbox 302 1493 357 1552; x_wconf 90' lang='lat' dir='ltr'><strong>fuit</strong></span> <span class='ocrx_word' id='word_1_102' title='bbox 384 1492 484 1552; x_wconf 90' lang='lat' dir='ltr'><strong>eadem</strong></span> <span class='ocrx_word' id='word_1_103' title='bbox 512 1492 638 1570; x_wconf 88' lang='lat' dir='ltr'><strong>cognitio</strong></span> <span class='ocrx_word' id='word_1_104' title='bbox 659 1492 756 1570; x_wconf 87' lang='lat' dir='ltr'><strong>quoad</strong></span> <span class='ocrx_word' id='word_1_105' title='bbox 777 1493 975 1569; x_wconf 80' lang='lat' dir='ltr'><strong>substantiam,</strong></span> <span class='ocrx_word' id='word_1_106' title='bbox 996 1501 1031 1553; x_wconf 91' lang='lat' dir='ltr'><strong>ut</strong></span> <span class='ocrx_word' id='word_1_107' title='bbox 1049 1501 1151 1572; x_wconf 86' lang='lat' dir='ltr'><strong>postea</strong></span> <span class='ocrx_word' id='word_1_108' title='bbox 1171 1493 1357 1570; x_wconf 88' lang='lat' dir='ltr'><strong>probabitur,</strong></span> <span class='ocrx_word' id='word_1_109' title='bbox 1379 1491 1429 1551; x_wconf 84' lang='lat' dir='ltr'><strong>sed</strong></span> <span class='ocrx_word' id='word_1_110' title='bbox 1449 1511 1500 1568; x_wconf 81' lang='lat' dir='ltr'><strong>que</strong></span> 
     </span>
     <span class='ocr_line' id='line_1_14' title="bbox 301 1571 1289 1650; baseline 0.001 -20"><span class='ocrx_word' id='word_1_111' title='bbox 301 1572 383 1632; x_wconf 86' lang='lat' dir='ltr'><strong>varia</strong></span> <span class='ocrx_word' id='word_1_112' title='bbox 396 1573 450 1632; x_wconf 90' lang='lat' dir='ltr'><strong>fuit</strong></span> <span class='ocrx_word' id='word_1_113' title='bbox 464 1572 560 1649; x_wconf 87' lang='lat' dir='ltr'><strong>quoad</strong></span> <span class='ocrx_word' id='word_1_114' title='bbox 573 1571 695 1648; x_wconf 87' lang='lat' dir='ltr'><strong>gradum</strong></span> <span class='ocrx_word' id='word_1_115' title='bbox 706 1594 714 1648; x_wconf 87' lang='lat'><strong>;</strong></span> <span class='ocrx_word' id='word_1_116' title='bbox 736 1571 845 1650; x_wconf 83' lang='lat' dir='ltr'><strong>gradus</strong></span> <span class='ocrx_word' id='word_1_117' title='bbox 858 1583 955 1632; x_wconf 90' lang='lat' dir='ltr'><strong>autem</strong></span> <span class='ocrx_word' id='word_1_118' title='bbox 968 1592 1027 1631; x_wconf 92' lang='lat' dir='ltr'><strong>non</strong></span> <span class='ocrx_word' id='word_1_119' title='bbox 1040 1581 1135 1632; x_wconf 91' lang='lat' dir='ltr'><strong>mutat</strong></span> <span class='ocrx_word' id='word_1_120' title='bbox 1148 1573 1289 1650; x_wconf 91' lang='lat' dir='ltr'><strong>speciem.</strong></span> 
     </span>
    </p>

    <p class='ocr_par' dir='ltr' id='par_1_4' title="bbox 302 1647 1499 1950">
     <span class='ocr_line' id='line_1_15' title="bbox 343 1647 1499 1729; baseline -0.004 -18"><span class='ocrx_word' id='word_1_121' title='bbox 343 1653 421 1711; x_wconf 91' lang='lat' dir='ltr'>XII.</span> <span class='ocrx_word' id='word_1_122' title='bbox 443 1652 571 1711; x_wconf 83' lang='lat' dir='ltr'><strong>Trinitas</strong></span> <span class='ocrx_word' id='word_1_123' title='bbox 584 1652 747 1711; x_wconf 89' lang='lat' dir='ltr'><strong>continetur</strong></span> <span class='ocrx_word' id='word_1_124' title='bbox 760 1651 791 1709; x_wconf 92' lang='lat' dir='ltr'><strong>in</strong></span> <span class='ocrx_word' id='word_1_125' title='bbox 807 1652 955 1729; x_wconf 88' lang='lat' dir='ltr'><strong>Symbolo,</strong></span> <span class='ocrx_word' id='word_1_126' title='bbox 981 1653 1006 1712; x_wconf 87' lang='lat' dir='ltr'><strong>si</strong></span> <span class='ocrx_word' id='word_1_127' title='bbox 1019 1672 1078 1712; x_wconf 89' lang='lat' dir='ltr'><strong>non</strong></span> <span class='ocrx_word' id='word_1_128' title='bbox 1091 1652 1122 1711; x_wconf 90' lang='lat' dir='ltr'><strong>in</strong></span> <span class='ocrx_word' id='word_1_129' title='bbox 1135 1661 1203 1711; x_wconf 89' lang='lat' dir='ltr'><strong>antu</strong></span> <span class='ocrx_word' id='word_1_130' title='bbox 1220 1653 1350 1729; x_wconf 86' lang='lat' dir='ltr'><strong>signato,</strong></span> <span class='ocrx_word' id='word_1_131' title='bbox 1366 1649 1459 1710; x_wconf 86' lang='lat' dir='ltr'><strong>saltem</strong></span> <span class='ocrx_word' id='word_1_132' title='bbox 1476 1647 1499 1706; x_wconf 86' lang='lat' dir='ltr'><strong>ia</strong></span> 
     </span>
     <span class='ocr_line' id='line_1_16' title="bbox 302 1727 1499 1809; baseline -0.004 -18"><span class='ocrx_word' id='word_1_133' title='bbox 302 1732 439 1808; x_wconf 88' lang='lat' dir='ltr'><strong>exercito,</strong></span> <span class='ocrx_word' id='word_1_134' title='bbox 455 1740 598 1809; x_wconf 87' lang='lat' dir='ltr'><strong>quatenus</strong></span> <span class='ocrx_word' id='word_1_135' title='bbox 622 1731 709 1790; x_wconf 85' lang='lat' dir='ltr'><strong>fidem</strong></span> <span class='ocrx_word' id='word_1_136' title='bbox 730 1740 859 1791; x_wconf 85' lang='lat' dir='ltr'><strong>nostram</strong></span> <span class='ocrx_word' id='word_1_137' title='bbox 882 1731 976 1792; x_wconf 93' lang='lat' dir='ltr'><strong>tribus</strong></span> <span class='ocrx_word' id='word_1_138' title='bbox 995 1731 1131 1792; x_wconf 89' lang='lat' dir='ltr'><strong>Personis</strong></span> <span class='ocrx_word' id='word_1_139' title='bbox 1153 1731 1366 1809; x_wconf 78' lang='lat' dir='ltr'><strong>obsignamus3</strong></span> <span class='ocrx_word' id='word_1_140' title='bbox 1386 1749 1436 1788; x_wconf 90' lang='lat' dir='ltr'><strong>nec</strong></span> <span class='ocrx_word' id='word_1_141' title='bbox 1454 1727 1499 1786; x_wconf 85' lang='lat' dir='ltr'><strong>alia</strong></span> 
     </span>
     <span class='ocr_line' id='line_1_17' title="bbox 302 1807 1498 1950; baseline -0.004 -79"><span class='ocrx_word' id='word_1_142' title='bbox 302 1811 375 1950; x_wconf 58' lang='lat' dir='ltr'><strong>{des</strong></span> <span class='ocrx_word' id='word_1_143' title='bbox 389 1819 434 1872; x_wconf 88' lang='lat' dir='ltr'><strong>est</strong></span> <span class='ocrx_word' id='word_1_144' title='bbox 447 1830 505 1889; x_wconf 92' lang='lat' dir='ltr'><strong>qua</strong></span> <span class='ocrx_word' id='word_1_145' title='bbox 519 1811 605 1871; x_wconf 88' lang='lat' dir='ltr'><strong>credo</strong></span> <span class='ocrx_word' id='word_1_146' title='bbox 619 1811 650 1869; x_wconf 88' lang='lat' dir='ltr'><strong>in</strong></span> <span class='ocrx_word' id='word_1_147' title='bbox 664 1811 759 1871; x_wconf 89' lang='lat' dir='ltr'><strong>Deum</strong></span> <span class='ocrx_word' id='word_1_148' title='bbox 774 1809 899 1888; x_wconf 85' lang='lat' dir='ltr'><strong>Patrem,</strong></span> <span class='ocrx_word' id='word_1_149' title='bbox 915 1811 972 1871; x_wconf 86' lang='lat' dir='ltr'><strong>alia</strong></span> <span class='ocrx_word' id='word_1_150' title='bbox 986 1831 1043 1890; x_wconf 90' lang='lat' dir='ltr'><strong>qua</strong></span> <span class='ocrx_word' id='word_1_151' title='bbox 1056 1809 1142 1872; x_wconf 90' lang='lat' dir='ltr'><strong>credo</strong></span> <span class='ocrx_word' id='word_1_152' title='bbox 1157 1812 1188 1869; x_wconf 91' lang='lat' dir='ltr'><strong>in</strong></span> <span class='ocrx_word' id='word_1_153' title='bbox 1202 1811 1321 1872; x_wconf 88' lang='lat' dir='ltr'><strong>Filium</strong></span> <span class='ocrx_word' id='word_1_154' title='bbox 1333 1819 1364 1870; x_wconf 89' lang='lat' dir='ltr'><strong>et</strong></span> <span class='ocrx_word' id='word_1_155' title='bbox 1379 1807 1498 1887; x_wconf 88' lang='lat' dir='ltr'><strong>Spiritum</strong></span> 
     </span>
    </p>

    <p class='ocr_par' dir='ltr' id='par_1_5' title="bbox 329 1900 454 1951">
     <span class='ocr_line' id='line_1_18' title="bbox 329 1900 454 1951; baseline -0.008 -1"><span class='ocrx_word' id='word_1_156' title='bbox 329 1900 454 1951; x_wconf 88' lang='lat' dir='ltr'><strong>anctum.</strong></span> 
     </span>
    </p>

    <p class='ocr_par' dir='ltr' id='par_1_6' title="bbox 302 1966 1538 2374">
     <span class='ocr_line' id='line_1_19' title="bbox 344 1966 1497 2047; baseline -0.007 -17"><span class='ocrx_word' id='word_1_157' title='bbox 344 1971 440 2030; x_wconf 89' lang='lat' dir='ltr'>XIII.</span> <span class='ocrx_word' id='word_1_158' title='bbox 463 1970 556 2030; x_wconf 88' lang='lat' dir='ltr'><strong>Aliud</strong></span> <span class='ocrx_word' id='word_1_159' title='bbox 579 1977 624 2031; x_wconf 90' lang='lat' dir='ltr'><strong>est</strong></span> <span class='ocrx_word' id='word_1_160' title='bbox 645 1969 760 2031; x_wconf 88' lang='lat' dir='ltr'><strong>credere</strong></span> <span class='ocrx_word' id='word_1_161' title='bbox 787 1975 815 2030; x_wconf 65' lang='lat' dir='ltr'><strong>vt</strong></span> <span class='ocrx_word' id='word_1_162' title='bbox 843 1969 880 2030; x_wconf 66' lang='lat' dir='ltr'><strong>tra</strong></span> <span class='ocrx_word' id='word_1_163' title='bbox 907 1969 1073 2047; x_wconf 75' lang='lat' dir='ltr'><strong>Thinitatis3</strong></span> <span class='ocrx_word' id='word_1_164' title='bbox 1103 1969 1197 2030; x_wconf 85' lang='lat' dir='ltr'><strong>Aliud</strong></span> <span class='ocrx_word' id='word_1_165' title='bbox 1227 1969 1305 2030; x_wconf 89' lang='lat' dir='ltr'><strong>scire</strong></span> <span class='ocrx_word' id='word_1_166' title='bbox 1332 1974 1360 2028; x_wconf 70' lang='lat' dir='ltr'><strong>rt</strong></span> <span class='ocrx_word' id='word_1_167' title='bbox 1386 1966 1451 2034; x_wconf 66' lang='lat' dir='ltr'><strong>iales,</strong></span> <span class='ocrx_word' id='word_1_168' title='bbox 1475 1971 1497 2024; x_wconf 87' lang='lat' dir='ltr'><strong>et</strong></span> 
     </span>
     <span class='ocr_line' id='line_1_20' title="bbox 302 2029 1538 2123; baseline -0.003 -13"><span class='ocrx_word' id='word_1_169' title='bbox 302 2056 330 2110; x_wconf 73' lang='grc' dir='ltr'><strong>τὶ</strong></span> <span class='ocrx_word' id='word_1_170' title='bbox 345 2055 416 2118; x_wconf 56' lang='lat' dir='ltr'><strong>aba:</strong></span> <span class='ocrx_word' id='word_1_171' title='bbox 438 2051 595 2111; x_wconf 87' lang='lat' dir='ltr'><strong>Posteriori</strong></span> <span class='ocrx_word' id='word_1_172' title='bbox 609 2071 694 2110; x_wconf 90' lang='lat' dir='ltr'><strong>sensu</strong></span> <span class='ocrx_word' id='word_1_173' title='bbox 708 2071 767 2110; x_wconf 94' lang='lat' dir='ltr'><strong>non</strong></span> <span class='ocrx_word' id='word_1_174' title='bbox 780 2053 903 2112; x_wconf 85' lang='lat' dir='ltr'><strong>dicimus</strong></span> <span class='ocrx_word' id='word_1_175' title='bbox 918 2071 981 2111; x_wconf 88' lang='lat' dir='ltr'><strong>esse</strong></span> <span class='ocrx_word' id='word_1_176' title='bbox 995 2048 1160 2110; x_wconf 86' lang='lat' dir='ltr'><strong>Articulum</strong></span> <span class='ocrx_word' id='word_1_177' title='bbox 1173 2050 1429 2123; x_wconf 77' lang='lat' dir='ltr'><strong>hindamentalem,</strong></span> <span class='ocrx_word' id='word_1_178' title='bbox 1443 2045 1497 2123; x_wconf 86' lang='lat' dir='ltr'><strong>quia</strong></span> <span class='ocrx_word' id='word_1_179' title='bbox 1537 2029 1538 2116; x_wconf 76' lang='lat' dir='ltr'><strong>l</strong></span> 
     </span>
     <span class='ocr_line' id='line_1_21' title="bbox 302 2125 1538 2210; baseline -0.005 -20"><span class='ocrx_word' id='word_1_180' title='bbox 302 2133 358 2192; x_wconf 92' lang='lat' dir='ltr'><strong>hoc</strong></span> <span class='ocrx_word' id='word_1_181' title='bbox 371 2152 425 2192; x_wconf 87' lang='lat' dir='ltr'><strong>nec</strong></span> <span class='ocrx_word' id='word_1_182' title='bbox 438 2132 495 2210; x_wconf 92' lang='lat' dir='ltr'><strong>ipsi</strong></span> <span class='ocrx_word' id='word_1_183' title='bbox 508 2131 618 2209; x_wconf 83' lang='lat' dir='ltr'><strong>Angeli</strong></span> <span class='ocrx_word' id='word_1_184' title='bbox 632 2131 756 2208; x_wconf 90' lang='lat' dir='ltr'><strong>capiunt,</strong></span> <span class='ocrx_word' id='word_1_185' title='bbox 780 2133 872 2191; x_wconf 90' lang='lat' dir='ltr'><strong>multo</strong></span> <span class='ocrx_word' id='word_1_186' title='bbox 894 2131 988 2190; x_wconf 89' lang='lat' dir='ltr'><strong>minus</strong></span> <span class='ocrx_word' id='word_1_187' title='bbox 1010 2129 1141 2189; x_wconf 83' lang='lat' dir='ltr'><strong>homiues</strong></span> <span class='ocrx_word' id='word_1_188' title='bbox 1162 2130 1235 2189; x_wconf 89' lang='lat' dir='ltr'><strong>licet</strong></span> <span class='ocrx_word' id='word_1_189' title='bbox 1255 2125 1494 2208; x_wconf 86' lang='lat' dir='ltr'><strong>perspicacissimi;</strong></span> <span class='ocrx_word' id='word_1_190' title='bbox 1537 2141 1538 2210; x_wconf 44' lang='lat' dir='ltr'><strong>p</strong></span> 
     </span>
     <span class='ocr_line' id='line_1_22' title="bbox 302 2207 1538 2292; baseline -0.002 -21"><span class='ocrx_word' id='word_1_191' title='bbox 302 2211 355 2272; x_wconf 90' lang='lat' dir='ltr'><strong>sed</strong></span> <span class='ocrx_word' id='word_1_192' title='bbox 368 2211 456 2290; x_wconf 87' lang='lat' dir='ltr'><strong>priori</strong></span> <span class='ocrx_word' id='word_1_193' title='bbox 470 2219 591 2285; x_wconf 80' lang='lat' dir='ltr'><strong>tantum,</strong></span> <span class='ocrx_word' id='word_1_194' title='bbox 607 2230 664 2288; x_wconf 91' lang='lat' dir='ltr'><strong>quo</strong></span> <span class='ocrx_word' id='word_1_195' title='bbox 679 2210 765 2270; x_wconf 91' lang='lat' dir='ltr'><strong>modo</strong></span> <span class='ocrx_word' id='word_1_196' title='bbox 785 2211 842 2290; x_wconf 89' lang='lat' dir='ltr'><strong>ipsi</strong></span> <span class='ocrx_word' id='word_1_197' title='bbox 862 2210 962 2272; x_wconf 85' lang='lat' dir='ltr'><strong>rustici</strong></span> <span class='ocrx_word' id='word_1_198' title='bbox 982 2218 1012 2271; x_wconf 90' lang='lat' dir='ltr'><strong>et</strong></span> <span class='ocrx_word' id='word_1_199' title='bbox 1023 2209 1121 2270; x_wconf 78' lang='lat' dir='ltr'><strong>idiota</strong></span> <span class='ocrx_word' id='word_1_200' title='bbox 1135 2209 1292 2292; x_wconf 83' lang='lat' dir='ltr'><strong>Trinitatis</strong></span> <span class='ocrx_word' id='word_1_201' title='bbox 1306 2207 1458 2269; x_wconf 71' lang='lat' dir='ltr'><strong>docuinam</strong></span> <span class='ocrx_word' id='word_1_202' title='bbox 1473 2211 1496 2262; x_wconf 75' lang='lat' dir='ltr'><strong>tl</strong></span> <span class='ocrx_word' id='word_1_203' title='bbox 1537 2227 1538 2230; x_wconf 72' lang='grc'>’</span> 
     </span>
     <span class='ocr_line' id='line_1_23' title="bbox 302 2289 1478 2374; baseline 0 -25"><span class='ocrx_word' id='word_1_204' title='bbox 302 2290 418 2349; x_wconf 89' lang='lat' dir='ltr'><strong>credere</strong></span> <span class='ocrx_word' id='word_1_205' title='bbox 433 2298 462 2348; x_wconf 90' lang='lat' dir='ltr'><strong>et</strong></span> <span class='ocrx_word' id='word_1_206' title='bbox 474 2289 602 2366; x_wconf 88' lang='lat' dir='ltr'><strong>profiteri</strong></span> <span class='ocrx_word' id='word_1_207' title='bbox 616 2298 758 2349; x_wconf 78' lang='lat' dir='ltr'><strong>tenentum.</strong></span> <span class='ocrx_word' id='word_1_208' title='bbox 1472 2361 1478 2374; x_wconf 44' lang='lat'><strong>,</strong></span> 
     </span>
    </p>

    <p class='ocr_par' dir='ltr' id='par_1_7' title="bbox 300 2367 1494 3087">
     <span class='ocr_line' id='line_1_24' title="bbox 341 2367 1494 2448; baseline -0.002 -22"><span class='ocrx_word' id='word_1_209' title='bbox 341 2369 432 2428; x_wconf 87' lang='lat' dir='ltr'>XIV.</span> <span class='ocrx_word' id='word_1_210' title='bbox 456 2367 544 2427; x_wconf 84' lang='lat' dir='ltr'><strong>FIdes</strong></span> <span class='ocrx_word' id='word_1_211' title='bbox 566 2367 716 2427; x_wconf 74' lang='lat' dir='ltr'><strong>Trinitatis</strong></span> <span class='ocrx_word' id='word_1_212' title='bbox 738 2388 755 2426; x_wconf 86' lang='lat' dir='ltr'><strong>a</strong></span> <span class='ocrx_word' id='word_1_213' title='bbox 776 2368 929 2446; x_wconf 84' lang='lat' dir='ltr'><strong>baptizatis</strong></span> <span class='ocrx_word' id='word_1_214' title='bbox 951 2389 1011 2429; x_wconf 89' lang='lat' dir='ltr'><strong>non</strong></span> <span class='ocrx_word' id='word_1_215' title='bbox 1031 2376 1145 2448; x_wconf 88' lang='lat' dir='ltr'><strong>poterat</strong></span> <span class='ocrx_word' id='word_1_216' title='bbox 1164 2387 1225 2428; x_wconf 90' lang='lat' dir='ltr'><strong>non</strong></span> <span class='ocrx_word' id='word_1_217' title='bbox 1240 2367 1359 2447; x_wconf 83' lang='lat' dir='ltr'><strong>requiri,</strong></span> <span class='ocrx_word' id='word_1_218' title='bbox 1373 2384 1454 2445; x_wconf 89' lang='lat' dir='ltr'><strong>quum</strong></span> <span class='ocrx_word' id='word_1_219' title='bbox 1471 2380 1494 2418; x_wconf 83' lang='lat'><strong>111</strong></span> 
     </span>
     <span class='ocr_line' id='line_1_25' title="bbox 301 2441 1493 2527; baseline -0.002 -22"><span class='ocrx_word' id='word_1_220' title='bbox 301 2447 418 2506; x_wconf 90' lang='lat' dir='ltr'><strong>nomine</strong></span> <span class='ocrx_word' id='word_1_221' title='bbox 432 2445 536 2520; x_wconf 85' lang='lat' dir='ltr'><strong>Patris,</strong></span> <span class='ocrx_word' id='word_1_222' title='bbox 553 2447 623 2505; x_wconf 87' lang='lat' dir='ltr'><strong>Filii</strong></span> <span class='ocrx_word' id='word_1_223' title='bbox 637 2455 666 2506; x_wconf 92' lang='lat' dir='ltr'><strong>et</strong></span> <span class='ocrx_word' id='word_1_224' title='bbox 682 2446 806 2526; x_wconf 86' lang='lat' dir='ltr'><strong>Spiritus</strong></span> <span class='ocrx_word' id='word_1_225' title='bbox 822 2447 852 2507; x_wconf 89' lang='lat' dir='ltr'><strong>S.</strong></span> <span class='ocrx_word' id='word_1_226' title='bbox 867 2448 1070 2527; x_wconf 86' lang='lat' dir='ltr'><strong>tingebantur;</strong></span> <span class='ocrx_word' id='word_1_227' title='bbox 1086 2449 1144 2508; x_wconf 92' lang='lat' dir='ltr'><strong>imo</strong></span> <span class='ocrx_word' id='word_1_228' title='bbox 1157 2449 1307 2510; x_wconf 79' lang='lat' dir='ltr'><strong>confessio</strong></span> <span class='ocrx_word' id='word_1_229' title='bbox 1321 2445 1387 2506; x_wconf 85' lang='lat' dir='ltr'><strong>fidei</strong></span> <span class='ocrx_word' id='word_1_230' title='bbox 1396 2463 1453 2522; x_wconf 82' lang='lat' dir='ltr'><strong>qua</strong></span> <span class='ocrx_word' id='word_1_231' title='bbox 1464 2441 1493 2498; x_wconf 84' lang='lat' dir='ltr'><strong>ab</strong></span> 
     </span>
     <span class='ocr_line' id='line_1_26' title="bbox 300 2519 1493 2687; baseline -0.002 -25"><span class='ocrx_word' id='word_1_232' title='bbox 300 2519 1493 2687; x_wconf 57' lang='lat' dir='ltr'><strong>ttttttttttititt.itttttttttttttttt‘ttffltttt</strong></span> 
     </span>
     <span class='ocr_line' id='line_1_27' title="bbox 303 2654 1490 2764; baseline -0.005 -20"><span class='ocrx_word' id='word_1_233' title='bbox 303 2684 443 2760; x_wconf 85' lang='lat' dir='ltr'><strong>Symboli,</strong></span> <span class='ocrx_word' id='word_1_234' title='bbox 458 2703 523 2762; x_wconf 89' lang='lat' dir='ltr'><strong>quae</strong></span> <span class='ocrx_word' id='word_1_235' title='bbox 537 2691 639 2744; x_wconf 85' lang='lat' dir='ltr'><strong>extant</strong></span> <span class='ocrx_word' id='word_1_236' title='bbox 658 2685 736 2762; x_wconf 88' lang='lat' dir='ltr'><strong>apud</strong></span> <span class='ocrx_word' id='word_1_237' title='bbox 756 2654 1014 2762; x_wconf 77' lang='lat' dir='ltr'><strong>Irenae.,Terti11.‚</strong></span> <span class='ocrx_word' id='word_1_238' title='bbox 1030 2687 1157 2764; x_wconf 81' lang='lat' dir='ltr'><strong>Origen,</strong></span> <span class='ocrx_word' id='word_1_239' title='bbox 1172 2688 1337 2762; x_wconf 76' lang='lat' dir='ltr'><strong>tustinum,</strong></span> <span class='ocrx_word' id='word_1_240' title='bbox 1360 2703 1414 2744; x_wconf 90' lang='lat' dir='ltr'><strong>non</strong></span> <span class='ocrx_word' id='word_1_241' title='bbox 1431 2681 1490 2740; x_wconf 83' lang='lat' dir='ltr'><strong>ulte·</strong></span> 
     </span>
     <span class='ocr_line' id='line_1_28' title="bbox 300 2763 1490 2844; baseline -0.003 -22"><span class='ocrx_word' id='word_1_242' title='bbox 300 2763 361 2822; x_wconf 86' lang='lat' dir='ltr'><strong>rius</strong></span> <span class='ocrx_word' id='word_1_243' title='bbox 375 2763 587 2840; x_wconf 87' lang='lat' dir='ltr'><strong>extenduntur;</strong></span> <span class='ocrx_word' id='word_1_244' title='bbox 602 2763 661 2824; x_wconf 90' lang='lat' dir='ltr'><strong>imo</strong></span> <span class='ocrx_word' id='word_1_245' title='bbox 675 2773 705 2825; x_wconf 89' lang='lat' dir='ltr'><strong>et</strong></span> <span class='ocrx_word' id='word_1_246' title='bbox 717 2764 793 2824; x_wconf 88' lang='lat' dir='ltr'><strong>intra</strong></span> <span class='ocrx_word' id='word_1_247' title='bbox 805 2765 869 2825; x_wconf 80' lang='lat' dir='ltr'><strong>haec</strong></span> <span class='ocrx_word' id='word_1_248' title='bbox 882 2786 917 2826; x_wconf 90' lang='lat' dir='ltr'><strong>ca</strong></span> <span class='ocrx_word' id='word_1_249' title='bbox 936 2767 977 2825; x_wconf 90' lang='lat' dir='ltr'><strong>ita</strong></span> <span class='ocrx_word' id='word_1_250' title='bbox 990 2767 1141 2826; x_wconf 89' lang='lat' dir='ltr'><strong>Nicaenum</strong></span> <span class='ocrx_word' id='word_1_251' title='bbox 1157 2767 1332 2844; x_wconf 84' lang='lat' dir='ltr'><strong>Symbolum</strong></span> <span class='ocrx_word' id='word_1_252' title='bbox 1346 2769 1490 2824; x_wconf 85' lang='lat' dir='ltr'><strong>contentum</strong></span> 
     </span>
     <span class='ocr_line' id='line_1_29' title="bbox 300 2787 1489 2928; baseline -0.005 -26"><span class='ocrx_word' id='word_1_253' title='bbox 300 2843 390 2902; x_wconf 84' lang='lat' dir='ltr'><strong>fuisse</strong></span> <span class='ocrx_word' id='word_1_254' title='bbox 415 2843 520 2904; x_wconf 89' lang='lat' dir='ltr'><strong>docent</strong></span> <span class='ocrx_word' id='word_1_255' title='bbox 544 2843 687 2920; x_wconf 79' lang='lat' dir='ltr'><strong>Socrates,</strong></span> <span class='ocrx_word' id='word_1_256' title='bbox 706 2845 893 2922; x_wconf 85' lang='lat' dir='ltr'><strong>Sonomenus,</strong></span> <span class='ocrx_word' id='word_1_257' title='bbox 916 2787 1106 2924; x_wconf 72' lang='lat' dir='ltr'><strong>llicephorus.</strong></span> <span class='ocrx_word' id='word_1_258' title='bbox 1148 2846 1321 2925; x_wconf 88' lang='lat' dir='ltr'><strong>Baptismus</strong></span> <span class='ocrx_word' id='word_1_259' title='bbox 1342 2845 1372 2903; x_wconf 91' lang='lat' dir='ltr'><strong>in</strong></span> <span class='ocrx_word' id='word_1_260' title='bbox 1391 2839 1489 2928; x_wconf 78' lang='lat' dir='ltr'><strong>nomine</strong></span> 
     </span>
     <span class='ocr_line' id='line_1_30' title="bbox 302 2921 1490 3002; baseline 0.001 -20"><span class='ocrx_word' id='word_1_261' title='bbox 302 2923 409 2982; x_wconf 84' lang='lat' dir='ltr'><strong>Christi</strong></span> <span class='ocrx_word' id='word_1_262' title='bbox 437 2921 655 2983; x_wconf 89' lang='lat' dir='ltr'><strong>administratus</strong></span> <span class='ocrx_word' id='word_1_263' title='bbox 682 2944 741 2983; x_wconf 92' lang='lat' dir='ltr'><strong>non</strong></span> <span class='ocrx_word' id='word_1_264' title='bbox 768 2925 906 3002; x_wconf 85' lang='lat' dir='ltr'><strong>excludit,</strong></span> <span class='ocrx_word' id='word_1_265' title='bbox 935 2927 988 2986; x_wconf 89' lang='lat' dir='ltr'><strong>sed</strong></span> <span class='ocrx_word' id='word_1_266' title='bbox 1007 2926 1130 2985; x_wconf 90' lang='lat' dir='ltr'><strong>includit</strong></span> <span class='ocrx_word' id='word_1_267' title='bbox 1148 2925 1237 2986; x_wconf 85' lang='lat' dir='ltr'><strong>fidem</strong></span> <span class='ocrx_word' id='word_1_268' title='bbox 1260 2923 1416 2996; x_wconf 84' lang='lat' dir='ltr'><strong>Triuitstis,</strong></span> <span class='ocrx_word' id='word_1_269' title='bbox 1435 2934 1490 2995; x_wconf 70' lang='lat' dir='ltr'><strong>qtffi</strong></span> 
     </span>
     <span class='ocr_line' id='line_1_31' title="bbox 302 3002 1452 3087; baseline 0.002 -24"><span class='ocrx_word' id='word_1_270' title='bbox 302 3002 434 3063; x_wconf 87' lang='lat' dir='ltr'><strong>Christus</strong></span> <span class='ocrx_word' id='word_1_271' title='bbox 447 3022 506 3061; x_wconf 90' lang='lat' dir='ltr'><strong>non</strong></span> <span class='ocrx_word' id='word_1_272' title='bbox 519 3011 616 3081; x_wconf 85' lang='lat' dir='ltr'><strong>potest</strong></span> <span class='ocrx_word' id='word_1_273' title='bbox 629 3005 766 3082; x_wconf 85' lang='lat' dir='ltr'><strong>cognosci</strong></span> <span class='ocrx_word' id='word_1_274' title='bbox 779 3005 841 3064; x_wconf 89' lang='lat' dir='ltr'><strong>sine</strong></span> <span class='ocrx_word' id='word_1_275' title='bbox 856 3004 942 3066; x_wconf 89' lang='lat' dir='ltr'><strong>Patre</strong></span> <span class='ocrx_word' id='word_1_276' title='bbox 955 3013 990 3064; x_wconf 83' lang='lat' dir='ltr'><strong>et</strong></span> <span class='ocrx_word' id='word_1_277' title='bbox 1000 3005 1118 3083; x_wconf 88' lang='lat' dir='ltr'><strong>Spiritu.</strong></span> <span class='ocrx_word' id='word_1_278' title='bbox 1446 3075 1452 3087; x_wconf 47' lang='lat'><strong>,</strong></span> 
     </span>
    </p>

    <p class='ocr_par' dir='ltr' id='par_1_8' title="bbox 300 3075 1488 3559">
     <span class='ocr_line' id='line_1_32' title="bbox 342 3075 1488 3164; baseline -0.005 -22"><span class='ocrx_word' id='word_1_279' title='bbox 342 3083 415 3144; x_wconf 92' lang='lat' dir='ltr'><strong>XV.</strong></span> <span class='ocrx_word' id='word_1_280' title='bbox 437 3083 481 3144; x_wconf 92' lang='lat' dir='ltr'><strong>Ut</strong></span> <span class='ocrx_word' id='word_1_281' title='bbox 493 3083 632 3143; x_wconf 82' lang='lat' dir='ltr'><strong>articulus</strong></span> <span class='ocrx_word' id='word_1_282' title='bbox 646 3084 751 3162; x_wconf 88' lang='lat' dir='ltr'><strong>aliquis</strong></span> <span class='ocrx_word' id='word_1_283' title='bbox 775 3085 813 3144; x_wconf 90' lang='lat' dir='ltr'><strong>eit</strong></span> <span class='ocrx_word' id='word_1_284' title='bbox 834 3084 1064 3161; x_wconf 84' lang='lat' dir='ltr'><strong>fundamentalis,</strong></span> <span class='ocrx_word' id='word_1_285' title='bbox 1089 3103 1148 3144; x_wconf 87' lang='lat' dir='ltr'><strong>non</strong></span> <span class='ocrx_word' id='word_1_286' title='bbox 1168 3103 1242 3162; x_wconf 91' lang='lat' dir='ltr'><strong>opus</strong></span> <span class='ocrx_word' id='word_1_287' title='bbox 1257 3092 1304 3145; x_wconf 89' lang='lat' dir='ltr'><strong>est</strong></span> <span class='ocrx_word' id='word_1_288' title='bbox 1316 3091 1349 3143; x_wconf 92' lang='lat' dir='ltr'><strong>ut</strong></span> <span class='ocrx_word' id='word_1_289' title='bbox 1360 3075 1488 3164; x_wconf 71' lang='lat' dir='ltr'><strong>literahter</strong></span> 
     </span>
     <span class='ocr_line' id='line_1_33' title="bbox 301 3155 1487 3242; baseline -0.001 -19"><span class='ocrx_word' id='word_1_290' title='bbox 301 3171 382 3223; x_wconf 85' lang='lat' dir='ltr'><strong>extet</strong></span> <span class='ocrx_word' id='word_1_291' title='bbox 396 3183 509 3240; x_wconf 90' lang='lat' dir='ltr'><strong>semper</strong></span> <span class='ocrx_word' id='word_1_292' title='bbox 522 3164 552 3221; x_wconf 87' lang='lat' dir='ltr'><strong>iu</strong></span> <span class='ocrx_word' id='word_1_293' title='bbox 568 3163 717 3242; x_wconf 78' lang='lat' dir='ltr'><strong>Scriptura</strong></span> <span class='ocrx_word' id='word_1_294' title='bbox 729 3164 825 3242; x_wconf 90' lang='lat' dir='ltr'><strong>quoad</strong></span> <span class='ocrx_word' id='word_1_295' title='bbox 839 3165 935 3224; x_wconf 91' lang='lat' dir='ltr'><strong>omnia</strong></span> <span class='ocrx_word' id='word_1_296' title='bbox 948 3165 1037 3224; x_wconf 89' lang='lat' dir='ltr'><strong>verba</strong></span> <span class='ocrx_word' id='word_1_297' title='bbox 1050 3164 1155 3242; x_wconf 90' lang='lat' dir='ltr'><strong>quibus</strong></span> <span class='ocrx_word' id='word_1_298' title='bbox 1164 3163 1238 3224; x_wconf 89' lang='lat' dir='ltr'><strong>solet</strong></span> <span class='ocrx_word' id='word_1_299' title='bbox 1247 3185 1287 3224; x_wconf 88' lang='lat' dir='ltr'><strong>ex</strong></span> <span class='ocrx_word' id='word_1_300' title='bbox 1307 3161 1387 3236; x_wconf 87' lang='lat' dir='ltr'><strong>rimi;</strong></span> <span class='ocrx_word' id='word_1_301' title='bbox 1401 3155 1487 3216; x_wconf 74' lang='lat' dir='ltr'><strong>sufflet</strong></span> 
     </span>
     <span class='ocr_line' id='line_1_34' title="bbox 301 3185 1485 3330; baseline -0.002 -28"><span class='ocrx_word' id='word_1_302' title='bbox 301 3243 327 3302; x_wconf 92' lang='lat' dir='ltr'><strong>si</strong></span> <span class='ocrx_word' id='word_1_303' title='bbox 340 3243 371 3300; x_wconf 90' lang='lat' dir='ltr'><strong>in</strong></span> <span class='ocrx_word' id='word_1_304' title='bbox 385 3263 420 3302; x_wconf 86' lang='lat' dir='ltr'><strong>ea</strong></span> <span class='ocrx_word' id='word_1_305' title='bbox 432 3243 529 3320; x_wconf 88' lang='lat' dir='ltr'><strong>quoad</strong></span> <span class='ocrx_word' id='word_1_306' title='bbox 542 3263 603 3302; x_wconf 90' lang='lat' dir='ltr'><strong>rem</strong></span> <span class='ocrx_word' id='word_1_307' title='bbox 617 3243 805 3321; x_wconf 89' lang='lat' dir='ltr'><strong>contineatur,</strong></span> <span class='ocrx_word' id='word_1_308' title='bbox 820 3253 850 3304; x_wconf 90' lang='lat' dir='ltr'><strong>et</strong></span> <span class='ocrx_word' id='word_1_309' title='bbox 863 3243 1087 3322; x_wconf 75' lang='lat' dir='ltr'><strong>equipollenter,</strong></span> <span class='ocrx_word' id='word_1_310' title='bbox 1108 3253 1139 3303; x_wconf 91' lang='lat' dir='ltr'><strong>et</strong></span> <span class='ocrx_word' id='word_1_311' title='bbox 1157 3263 1209 3321; x_wconf 89' lang='lat' dir='ltr'><strong>per</strong></span> <span class='ocrx_word' id='word_1_312' title='bbox 1229 3185 1431 3330; x_wconf 66' lang='lat' dir='ltr'><strong>evidentemet</strong></span> <span class='ocrx_word' id='word_1_313' title='bbox 1447 3250 1485 3322; x_wconf 60' lang='lat'><strong>11?-</strong></span> 
     </span>
     <span class='ocr_line' id='line_1_35' title="bbox 301 3320 1485 3400; baseline -0.001 -21"><span class='ocrx_word' id='word_1_314' title='bbox 301 3323 456 3380; x_wconf 86' lang='lat' dir='ltr'><strong>cessariam</strong></span> <span class='ocrx_word' id='word_1_315' title='bbox 469 3322 704 3400; x_wconf 84' lang='lat' dir='ltr'><strong>consequentiam</strong></span> <span class='ocrx_word' id='word_1_316' title='bbox 726 3322 794 3382; x_wconf 90' lang='lat' dir='ltr'><strong>inde</strong></span> <span class='ocrx_word' id='word_1_317' title='bbox 815 3322 982 3384; x_wconf 85' lang='lat' dir='ltr'><strong>deducatur.</strong></span> <span class='ocrx_word' id='word_1_318' title='bbox 1024 3323 1163 3398; x_wconf 85' lang='lat' dir='ltr'><strong>Quamvis</strong></span> <span class='ocrx_word' id='word_1_319' title='bbox 1186 3342 1259 3400; x_wconf 87' lang='lat' dir='ltr'><strong>ergo</strong></span> <span class='ocrx_word' id='word_1_320' title='bbox 1285 3341 1345 3381; x_wconf 87' lang='lat' dir='ltr'><strong>vox</strong></span> <span class='ocrx_word' id='word_1_321' title='bbox 1358 3320 1485 3378; x_wconf 66' lang='lat' dir='ltr'><strong>Tnmlaffl</strong></span> 
     </span>
     <span class='ocr_line' id='line_1_36' title="bbox 301 3397 1484 3481; baseline -0.001 -25"><span class='ocrx_word' id='word_1_322' title='bbox 301 3417 360 3458; x_wconf 88' lang='lat' dir='ltr'><strong>non</strong></span> <span class='ocrx_word' id='word_1_323' title='bbox 373 3408 454 3459; x_wconf 85' lang='lat' dir='ltr'><strong>extet</strong></span> <span class='ocrx_word' id='word_1_324' title='bbox 466 3401 498 3458; x_wconf 91' lang='lat' dir='ltr'><strong>in</strong></span> <span class='ocrx_word' id='word_1_325' title='bbox 514 3401 661 3479; x_wconf 83' lang='lat' dir='ltr'><strong>Scriptura</strong></span> <span class='ocrx_word' id='word_1_326' title='bbox 671 3402 702 3461; x_wconf 93' lang='lat' dir='ltr'><strong>in</strong></span> <span class='ocrx_word' id='word_1_327' title='bbox 722 3402 875 3480; x_wconf 86' lang='lat' dir='ltr'><strong>abstracto,</strong></span> <span class='ocrx_word' id='word_1_328' title='bbox 898 3403 968 3463; x_wconf 87' lang='lat' dir='ltr'><strong>satis</strong></span> <span class='ocrx_word' id='word_1_329' title='bbox 988 3411 1033 3464; x_wconf 87' lang='lat' dir='ltr'><strong>ent</strong></span> <span class='ocrx_word' id='word_1_330' title='bbox 1051 3421 1112 3462; x_wconf 86' lang='lat' dir='ltr'><strong>rem</strong></span> <span class='ocrx_word' id='word_1_331' title='bbox 1126 3401 1219 3481; x_wconf 85' lang='lat' dir='ltr'><strong>ipsam</strong></span> <span class='ocrx_word' id='word_1_332' title='bbox 1239 3399 1381 3463; x_wconf 89' lang='lat' dir='ltr'><strong>contineri</strong></span> <span class='ocrx_word' id='word_1_333' title='bbox 1393 3397 1484 3455; x_wconf 78' lang='lat' dir='ltr'><strong>incon·</strong></span> 
     </span>
     <span class='ocr_line' id='line_1_37' title="bbox 300 3479 1482 3559; baseline 0.002 -23"><span class='ocrx_word' id='word_1_334' title='bbox 300 3487 387 3552; x_wconf 90' lang='lat' dir='ltr'><strong>creto,</strong></span> <span class='ocrx_word' id='word_1_335' title='bbox 404 3487 433 3536; x_wconf 94' lang='lat' dir='ltr'><strong>et</strong></span> <span class='ocrx_word' id='word_1_336' title='bbox 446 3479 542 3555; x_wconf 88' lang='lat' dir='ltr'><strong>quoad</strong></span> <span class='ocrx_word' id='word_1_337' title='bbox 556 3498 681 3540; x_wconf 88' lang='lat' dir='ltr'><strong>sensum.</strong></span> <span class='ocrx_word' id='word_1_338' title='bbox 1468 3543 1482 3559; x_wconf 90' lang='lat'><strong>..</strong></span> 
     </span>
    </p>

    <p class='ocr_par' dir='ltr' id='par_1_9' title="bbox 301 3556 1525 4114">
     <span class='ocr_line' id='line_1_38' title="bbox 342 3556 1484 3640; baseline 0.005 -25"><span class='ocrx_word' id='word_1_339' title='bbox 342 3556 433 3616; x_wconf 86' lang='lat' dir='ltr'>XVI.</span> <span class='ocrx_word' id='word_1_340' title='bbox 456 3557 611 3617; x_wconf 90' lang='lat' dir='ltr'><strong>Dissensus</strong></span> <span class='ocrx_word' id='word_1_341' title='bbox 626 3559 793 3634; x_wconf 91' lang='lat' dir='ltr'><strong>Doctorum,</strong></span> <span class='ocrx_word' id='word_1_342' title='bbox 817 3559 868 3637; x_wconf 90' lang='lat' dir='ltr'><strong>qui</strong></span> <span class='ocrx_word' id='word_1_343' title='bbox 881 3561 1004 3621; x_wconf 91' lang='lat' dir='ltr'><strong>occurrit</strong></span> <span class='ocrx_word' id='word_1_344' title='bbox 1024 3561 1055 3620; x_wconf 91' lang='lat' dir='ltr'><strong>in</strong></span> <span class='ocrx_word' id='word_1_345' title='bbox 1067 3560 1248 3638; x_wconf 79' lang='lat' dir='ltr'><strong>expositione</strong></span> <span class='ocrx_word' id='word_1_346' title='bbox 1272 3560 1356 3621; x_wconf 81' lang='lat' dir='ltr'><strong>istius</strong></span> <span class='ocrx_word' id='word_1_347' title='bbox 1374 3557 1484 3640; x_wconf 54' lang='lat' dir='ltr'><strong>mytltffl</strong></span> 
     </span>
     <span class='ocr_line' id='line_1_39' title="bbox 301 3635 1481 3719; baseline 0.007 -25"><span class='ocrx_word' id='word_1_348' title='bbox 301 3635 375 3694; x_wconf 90' lang='lat' dir='ltr'><strong>nihil</strong></span> <span class='ocrx_word' id='word_1_349' title='bbox 388 3636 537 3696; x_wconf 85' lang='lat' dir='ltr'><strong>detrahere</strong></span> <span class='ocrx_word' id='word_1_350' title='bbox 552 3637 638 3696; x_wconf 88' lang='lat' dir='ltr'><strong>debet</strong></span> <span class='ocrx_word' id='word_1_351' title='bbox 650 3639 693 3696; x_wconf 89' lang='lat' dir='ltr'><strong>rei</strong></span> <span class='ocrx_word' id='word_1_352' title='bbox 705 3638 821 3698; x_wconf 84' lang='lat' dir='ltr'><strong>veritati</strong></span> <span class='ocrx_word' id='word_1_353' title='bbox 831 3661 839 3716; x_wconf 76' lang='lat'>3</span> <span class='ocrx_word' id='word_1_354' title='bbox 860 3641 986 3700; x_wconf 80' lang='lat' dir='ltr'><strong>maxime</strong></span> <span class='ocrx_word' id='word_1_355' title='bbox 996 3659 1085 3719; x_wconf 92' lang='lat' dir='ltr'><strong>quum</strong></span> <span class='ocrx_word' id='word_1_356' title='bbox 1095 3639 1243 3700; x_wconf 74' lang='lat' dir='ltr'><strong>ffissensus</strong></span> <span class='ocrx_word' id='word_1_357' title='bbox 1256 3659 1316 3700; x_wconf 92' lang='lat' dir='ltr'><strong>non</strong></span> <span class='ocrx_word' id='word_1_358' title='bbox 1329 3645 1372 3697; x_wconf 90' lang='lat' dir='ltr'><strong>cst</strong></span> <span class='ocrx_word' id='word_1_359' title='bbox 1382 3635 1411 3692; x_wconf 79' lang='lat' dir='ltr'><strong>in</strong></span> <span class='ocrx_word' id='word_1_360' title='bbox 1422 3645 1481 3702; x_wconf 70' lang='lat' dir='ltr'><strong>r⁶¹t</strong></span> 
     </span>
     <span class='ocr_line' id='line_1_40' title="bbox 302 3705 1481 3797; baseline -0.002 -21"><span class='ocrx_word' id='word_1_361' title='bbox 302 3735 343 3792; x_wconf 86' lang='lat' dir='ltr'><strong>sa,</strong></span> <span class='ocrx_word' id='word_1_362' title='bbox 359 3715 411 3776; x_wconf 90' lang='lat' dir='ltr'><strong>sed</strong></span> <span class='ocrx_word' id='word_1_363' title='bbox 421 3715 451 3774; x_wconf 92' lang='lat' dir='ltr'><strong>in</strong></span> <span class='ocrx_word' id='word_1_364' title='bbox 462 3716 642 3793; x_wconf 89' lang='lat' dir='ltr'><strong>concipiendi</strong></span> <span class='ocrx_word' id='word_1_365' title='bbox 649 3717 768 3793; x_wconf 90' lang='lat' dir='ltr'><strong>ratione,</strong></span> <span class='ocrx_word' id='word_1_366' title='bbox 778 3717 827 3778; x_wconf 86' lang='lat' dir='ltr'><strong>vel</strong></span> <span class='ocrx_word' id='word_1_367' title='bbox 836 3718 1000 3797; x_wconf 88' lang='lat' dir='ltr'><strong>explicandi</strong></span> <span class='ocrx_word' id='word_1_368' title='bbox 1013 3719 1107 3796; x_wconf 89' lang='lat' dir='ltr'><strong>modo,</strong></span> <span class='ocrx_word' id='word_1_369' title='bbox 1117 3719 1166 3778; x_wconf 89' lang='lat' dir='ltr'><strong>vel</strong></span> <span class='ocrx_word' id='word_1_370' title='bbox 1174 3717 1348 3780; x_wconf 88' lang='lat' dir='ltr'><strong>defendendi</strong></span> <span class='ocrx_word' id='word_1_371' title='bbox 1357 3705 1481 3774; x_wconf 73' lang='lat' dir='ltr'><strong>methodo.</strong></span> 
     </span>
     <span class='ocr_line' id='line_1_41' title="bbox 301 3785 1481 3879; baseline 0.002 -25"><span class='ocrx_word' id='word_1_372' title='bbox 301 3795 396 3873; x_wconf 88' lang='lat' dir='ltr'><strong>qualis</strong></span> <span class='ocrx_word' id='word_1_373' title='bbox 422 3803 518 3872; x_wconf 89' lang='lat' dir='ltr'><strong>potest</strong></span> <span class='ocrx_word' id='word_1_374' title='bbox 537 3815 601 3855; x_wconf 91' lang='lat' dir='ltr'><strong>esse</strong></span> <span class='ocrx_word' id='word_1_375' title='bbox 625 3796 701 3856; x_wconf 84' lang='lat' dir='ltr'><strong>inter</strong></span> <span class='ocrx_word' id='word_1_376' title='bbox 720 3797 907 3876; x_wconf 66' lang='lat' dir='ltr'><strong>Theologos&#39;</strong></span> <span class='ocrx_word' id='word_1_377' title='bbox 924 3800 1011 3860; x_wconf 90' lang='lat' dir='ltr'><strong>etiam</strong></span> <span class='ocrx_word' id='word_1_378' title='bbox 1035 3799 1240 3858; x_wconf 88' lang='lat' dir='ltr'><strong>Protestautes.</strong></span> <span class='ocrx_word' id='word_1_379' title='bbox 1282 3793 1383 3874; x_wconf 85' lang='lat' dir='ltr'><strong>Quoad</strong></span> <span class='ocrx_word' id='word_1_380' title='bbox 1408 3785 1481 3879; x_wconf 53' lang='lat' dir='ltr'><strong>Stlw·</strong></span> 
     </span>
     <span class='ocr_line' id='line_1_42' title="bbox 301 3863 1481 3954; baseline -0.007 -20"><span class='ocrx_word' id='word_1_381' title='bbox 301 3875 428 3950; x_wconf 88' lang='lat' dir='ltr'><strong>Iasticos,</strong></span> <span class='ocrx_word' id='word_1_382' title='bbox 449 3895 508 3934; x_wconf 89' lang='lat' dir='ltr'><strong>non</strong></span> <span class='ocrx_word' id='word_1_383' title='bbox 535 3874 689 3936; x_wconf 85' lang='lat' dir='ltr'><strong>diffitemur</strong></span> <span class='ocrx_word' id='word_1_384' title='bbox 716 3895 766 3938; x_wconf 87' lang='lat' dir='ltr'><strong>eos</strong></span> <span class='ocrx_word' id='word_1_385' title='bbox 794 3877 915 3937; x_wconf 89' lang='lat' dir='ltr'><strong>curiosis</strong></span> <span class='ocrx_word' id='word_1_386' title='bbox 948 3887 978 3939; x_wconf 89' lang='lat' dir='ltr'><strong>ct</strong></span> <span class='ocrx_word' id='word_1_387' title='bbox 1010 3877 1169 3938; x_wconf 59' lang='lat' dir='ltr'><strong>temerans</strong></span> <span class='ocrx_word' id='word_1_388' title='bbox 1202 3879 1264 3937; x_wconf 87' lang='lat' dir='ltr'><strong>suis</strong></span> <span class='ocrx_word' id='word_1_389' title='bbox 1296 3863 1481 3954; x_wconf 75' lang='lat' dir='ltr'><strong>quastiombut</strong></span> 
     </span>
     <span class='ocr_line' id='line_1_43' title="bbox 302 3941 1481 4034; baseline -0.009 -20"><span class='ocrx_word' id='word_1_390' title='bbox 302 3963 392 4015; x_wconf 90' lang='lat' dir='ltr'><strong>totam</strong></span> <span class='ocrx_word' id='word_1_391' title='bbox 406 3955 481 4014; x_wconf 90' lang='lat' dir='ltr'><strong>hane</strong></span> <span class='ocrx_word' id='word_1_392' title='bbox 494 3954 653 4014; x_wconf 88' lang='lat' dir='ltr'><strong>doctrinam</strong></span> <span class='ocrx_word' id='word_1_393' title='bbox 667 3956 770 4016; x_wconf 89' lang='lat' dir='ltr'><strong>misere</strong></span> <span class='ocrx_word' id='word_1_394' title='bbox 785 3956 961 4033; x_wconf 87' lang='lat' dir='ltr'><strong>obscurasse,</strong></span> <span class='ocrx_word' id='word_1_395' title='bbox 977 3957 1029 4018; x_wconf 88' lang='lat' dir='ltr'><strong>sed</strong></span> <span class='ocrx_word' id='word_1_396' title='bbox 1041 3958 1107 4016; x_wconf 89' lang='lat' dir='ltr'><strong>lites</strong></span> <span class='ocrx_word' id='word_1_397' title='bbox 1120 3957 1249 4034; x_wconf 88' lang='lat' dir='ltr'><strong>ipsorum</strong></span> <span class='ocrx_word' id='word_1_398' title='bbox 1262 3963 1373 4016; x_wconf 71' lang='lat' dir='ltr'><strong>cosmas</strong></span> <span class='ocrx_word' id='word_1_399' title='bbox 1385 3941 1481 4030; x_wconf 56' lang='lat' dir='ltr'><strong>nenia</strong></span> 
     </span>
     <span class='ocr_line' id='line_1_44' title="bbox 302 4022 1525 4114; baseline -0.001 -21"><span class='ocrx_word' id='word_1_400' title='bbox 302 4035 403 4110; x_wconf 89' lang='lat' dir='ltr'><strong>cimus,</strong></span> <span class='ocrx_word' id='word_1_401' title='bbox 418 4035 477 4094; x_wconf 88' lang='lat' dir='ltr'><strong>imo</strong></span> <span class='ocrx_word' id='word_1_402' title='bbox 491 4035 528 4094; x_wconf 89' lang='lat' dir='ltr'><strong>ab</strong></span> <span class='ocrx_word' id='word_1_403' title='bbox 542 4053 641 4094; x_wconf 92' lang='lat' dir='ltr'><strong>eorum</strong></span> <span class='ocrx_word' id='word_1_404' title='bbox 649 4035 729 4096; x_wconf 89' lang='lat' dir='ltr'><strong>tricis</strong></span> <span class='ocrx_word' id='word_1_405' title='bbox 740 4045 769 4096; x_wconf 90' lang='lat' dir='ltr'><strong>et</strong></span> <span class='ocrx_word' id='word_1_406' title='bbox 783 4036 1097 4114; x_wconf 65' lang='lat' dir='ltr'><strong>armoaoytpanprocul</strong></span> <span class='ocrx_word' id='word_1_407' title='bbox 1106 4055 1170 4096; x_wconf 89' lang='lat' dir='ltr'><strong>esse</strong></span> <span class='ocrx_word' id='word_1_408' title='bbox 1178 4037 1312 4095; x_wconf 84' lang='lat' dir='ltr'><strong>volumus</strong></span> <span class='ocrx_word' id='word_1_409' title='bbox 1323 4031 1419 4091; x_wconf 83' lang='lat' dir='ltr'><strong>Virum</strong></span> <span class='ocrx_word' id='word_1_410' title='bbox 1427 4022 1480 4080; x_wconf 59' lang='lat' dir='ltr'><strong>Dtt</strong></span> <span class='ocrx_word' id='word_1_411' title='bbox 1521 4097 1525 4110; x_wconf 58' lang='grc'>,</span> 
     </span>
    </p>

    <p class='ocr_par' dir='ltr' id='par_1_10' title="bbox 300 4114 1538 4452">
     <span class='ocr_line' id='line_1_45' title="bbox 343 4114 1481 4196; baseline 0 -24"><span class='ocrx_word' id='word_1_412' title='bbox 343 4114 451 4174; x_wconf 89' lang='lat' dir='ltr'>XVII.</span> <span class='ocrx_word' id='word_1_413' title='bbox 473 4114 544 4173; x_wconf 90' lang='lat' dir='ltr'><strong>Loci</strong></span> <span class='ocrx_word' id='word_1_414' title='bbox 557 4114 787 4175; x_wconf 81' lang='lat' dir='ltr'><strong>fimdamentsles</strong></span> <span class='ocrx_word' id='word_1_415' title='bbox 802 4119 940 4176; x_wconf 64' lang='lat' dir='ltr'><strong>caeteta</strong></span> <span class='ocrx_word' id='word_1_416' title='bbox 952 4116 1094 4189; x_wconf 88' lang='lat' dir='ltr'><strong>dicuntur,</strong></span> <span class='ocrx_word' id='word_1_417' title='bbox 1116 4135 1174 4175; x_wconf 88' lang='lat' dir='ltr'><strong>non</strong></span> <span class='ocrx_word' id='word_1_418' title='bbox 1187 4123 1248 4175; x_wconf 86' lang='lat' dir='ltr'><strong>tam</strong></span> <span class='ocrx_word' id='word_1_419' title='bbox 1260 4117 1387 4191; x_wconf 78' lang='lat' dir='ltr'><strong>respectu</strong></span> <span class='ocrx_word' id='word_1_420' title='bbox 1398 4116 1481 4196; x_wconf 63' lang='grc' dir='ltr'><strong>ρθῑβθ·</strong></span> 
     </span>
     <span class='ocr_line' id='line_1_46' title="bbox 301 4193 1538 4273; baseline -0.003 -23"><span class='ocrx_word' id='word_1_421' title='bbox 301 4211 412 4270; x_wconf 86' lang='lat' dir='ltr'><strong>narum,</strong></span> <span class='ocrx_word' id='word_1_422' title='bbox 427 4213 514 4271; x_wconf 89' lang='lat' dir='ltr'><strong>quam</strong></span> <span class='ocrx_word' id='word_1_423' title='bbox 528 4195 662 4254; x_wconf 65' lang='grc' dir='ltr'><strong>ἀοσιήηω</strong></span> <span class='ocrx_word' id='word_1_424' title='bbox 670 4217 683 4268; x_wconf 87' lang='lat'><strong>,·</strong></span> <span class='ocrx_word' id='word_1_425' title='bbox 703 4214 762 4254; x_wconf 90' lang='lat' dir='ltr'><strong>non</strong></span> <span class='ocrx_word' id='word_1_426' title='bbox 775 4197 854 4273; x_wconf 91' lang='lat' dir='ltr'><strong>quod</strong></span> <span class='ocrx_word' id='word_1_427' title='bbox 866 4196 903 4255; x_wconf 94' lang='lat' dir='ltr'><strong>de</strong></span> <span class='ocrx_word' id='word_1_428' title='bbox 925 4195 983 4254; x_wconf 87' lang='lat' dir='ltr'><strong>illis</strong></span> <span class='ocrx_word' id='word_1_429' title='bbox 997 4195 1154 4255; x_wconf 83' lang='lat' dir='ltr'><strong>Christiani</strong></span> <span class='ocrx_word' id='word_1_430' title='bbox 1166 4213 1266 4254; x_wconf 89' lang='lat' dir='ltr'><strong>omnes</strong></span> <span class='ocrx_word' id='word_1_431' title='bbox 1280 4193 1339 4252; x_wconf 88' lang='lat' dir='ltr'><strong>sive</strong></span> <span class='ocrx_word' id='word_1_432' title='bbox 1362 4203 1417 4273; x_wconf 60' lang='lat' dir='ltr'><strong>vert</strong></span> <span class='ocrx_word' id='word_1_433' title='bbox 1429 4193 1480 4268; x_wconf 61' lang='lat' dir='ltr'><strong>fflyt</strong></span> <span class='ocrx_word' id='word_1_434' title='bbox 1537 4233 1538 4236; x_wconf 19' lang='grc' dir='ltr'>ι</span> 
     </span>
     <span class='ocr_line' id='line_1_47' title="bbox 301 4265 1538 4352; baseline -0.002 -24"><span class='ocrx_word' id='word_1_435' title='bbox 301 4273 417 4332; x_wconf 91' lang='lat' dir='ltr'><strong>nomine</strong></span> <span class='ocrx_word' id='word_1_436' title='bbox 431 4281 543 4332; x_wconf 89' lang='lat' dir='ltr'><strong>tantum</strong></span> <span class='ocrx_word' id='word_1_437' title='bbox 557 4282 641 4333; x_wconf 91' lang='lat' dir='ltr'><strong>tenus</strong></span> <span class='ocrx_word' id='word_1_438' title='bbox 662 4275 859 4352; x_wconf 86' lang='lat' dir='ltr'><strong>consentiant;</strong></span> <span class='ocrx_word' id='word_1_439' title='bbox 880 4275 933 4334; x_wconf 91' lang='lat' dir='ltr'><strong>sed</strong></span> <span class='ocrx_word' id='word_1_440' title='bbox 954 4273 1022 4352; x_wconf 87' lang='lat' dir='ltr'><strong>quia</strong></span> <span class='ocrx_word' id='word_1_441' title='bbox 1035 4275 1072 4333; x_wconf 91' lang='lat' dir='ltr'><strong>ab</strong></span> <span class='ocrx_word' id='word_1_442' title='bbox 1086 4273 1219 4334; x_wconf 91' lang='lat' dir='ltr'><strong>omnibus</strong></span> <span class='ocrx_word' id='word_1_443' title='bbox 1232 4271 1308 4334; x_wconf 86' lang='lat' dir='ltr'><strong>veris</strong></span> <span class='ocrx_word' id='word_1_444' title='bbox 1321 4265 1479 4330; x_wconf 66' lang='lat' dir='ltr'><strong>Oblisttfflt</strong></span> <span class='ocrx_word' id='word_1_445' title='bbox 1537 4291 1538 4352; x_wconf 64' lang='grc' dir='ltr'>ι</span> 
     </span>
     <span class='ocr_line' id='line_1_48' title="bbox 300 4350 1538 4452; baseline 0.008 -44"><span class='ocrx_word' id='word_1_446' title='bbox 300 4350 352 4426; x_wconf 89' lang='lat' dir='ltr'><strong>qui</strong></span> <span class='ocrx_word' id='word_1_447' title='bbox 366 4351 544 4411; x_wconf 72' lang='lat' dir='ltr'><strong>catholicam</strong></span> <span class='ocrx_word' id='word_1_448' title='bbox 557 4353 643 4412; x_wconf 90' lang='lat' dir='ltr'><strong>fidem</strong></span> <span class='ocrx_word' id='word_1_449' title='bbox 657 4353 834 4430; x_wconf 89' lang='lat' dir='ltr'><strong>profitentur,</strong></span> <span class='ocrx_word' id='word_1_450' title='bbox 850 4354 1017 4414; x_wconf 86' lang='lat' dir='ltr'><strong>retinentur.</strong></span> <span class='ocrx_word' id='word_1_451' title='bbox 1461 4408 1467 4421; x_wconf 93' lang='lat'>.</span> <span class='ocrx_word' id='word_1_452' title='bbox 1537 4365 1538 4452; x_wconf 57' lang='lat' dir='ltr'><strong>t</strong></span> 
     </span>
    </p>

    <p class='ocr_par' dir='ltr' id='par_1_11' title="bbox 342 4418 1538 4506">
     <span class='ocr_line' id='line_1_49' title="bbox 342 4418 1538 4506; baseline 0 -19"><span class='ocrx_word' id='word_1_453' title='bbox 342 4429 467 4489; x_wconf 92' lang='lat' dir='ltr'>XVIII.</span> <span class='ocrx_word' id='word_1_454' title='bbox 490 4430 641 4492; x_wconf 85' lang='lat' dir='ltr'><strong>Articulus</strong></span> <span class='ocrx_word' id='word_1_455' title='bbox 654 4432 804 4492; x_wconf 89' lang='lat' dir='ltr'><strong>Trinitatis</strong></span> <span class='ocrx_word' id='word_1_456' title='bbox 817 4445 883 4492; x_wconf 87' lang='lat' dir='ltr'><strong>&#39;non</strong></span> <span class='ocrx_word' id='word_1_457' title='bbox 903 4441 948 4492; x_wconf 89' lang='lat' dir='ltr'><strong>est</strong></span> <span class='ocrx_word' id='word_1_458' title='bbox 961 4439 1073 4492; x_wconf 66' lang='lat' dir='ltr'><strong>munim</strong></span> <span class='ocrx_word' id='word_1_459' title='bbox 1086 4431 1268 4506; x_wconf 86' lang='lat' dir='ltr'><strong>theoreticus,</strong></span> <span class='ocrx_word' id='word_1_460' title='bbox 1289 4425 1339 4489; x_wconf 87' lang='lat' dir='ltr'><strong>sod</strong></span> <span class='ocrx_word' id='word_1_461' title='bbox 1351 4418 1477 4504; x_wconf 54' lang='lat' dir='ltr'><strong>elpffltfl&#39;</strong></span> <span class='ocrx_word' id='word_1_462' title='bbox 1537 4471 1538 4486; x_wconf 54' lang='grc' dir='ltr'>ι</span> 
     </span>
    </p>
   </div>
   <div class='ocr_carea' id='block_1_3' title="bbox 294 4495 1538 4668">
    <p class='ocr_par' dir='ltr' id='par_1_12' title="bbox 294 4495 1538 4668">
     <span class='ocr_line' id='line_1_50' title="bbox 301 4495 1538 4588; baseline -0.011 -21"><span class='ocrx_word' id='word_1_463' title='bbox 301 4523 360 4578; x_wconf 74' lang='lat' dir='ltr'><strong>cue,</strong></span> <span class='ocrx_word' id='word_1_464' title='bbox 376 4509 444 4583; x_wconf 89' lang='lat' dir='ltr'><strong>quia</strong></span> <span class='ocrx_word' id='word_1_465' title='bbox 457 4509 526 4569; x_wconf 86' lang='lat' dir='ltr'><strong>facit</strong></span> <span class='ocrx_word' id='word_1_466' title='bbox 539 4510 577 4570; x_wconf 86' lang='lat' dir='ltr'><strong>ad</strong></span> <span class='ocrx_word' id='word_1_467' title='bbox 590 4511 795 4588; x_wconf 88' lang='lat' dir='ltr'><strong>gratitudinem</strong></span> <span class='ocrx_word' id='word_1_468' title='bbox 808 4521 838 4572; x_wconf 89' lang='lat' dir='ltr'><strong>et</strong></span> <span class='ocrx_word' id='word_1_469' title='bbox 851 4511 961 4572; x_wconf 87' lang='lat' dir='ltr'><strong>cultum</strong></span> <span class='ocrx_word' id='word_1_470' title='bbox 976 4511 1040 4586; x_wconf 93' lang='lat' dir='ltr'><strong>Dei,</strong></span> <span class='ocrx_word' id='word_1_471' title='bbox 1055 4519 1088 4570; x_wconf 90' lang='lat' dir='ltr'><strong>ut</strong></span> <span class='ocrx_word' id='word_1_472' title='bbox 1101 4519 1228 4570; x_wconf 64' lang='lat' dir='ltr'><strong>nostem</strong></span> <span class='ocrx_word' id='word_1_473' title='bbox 1240 4503 1357 4568; x_wconf 78' lang='lat' dir='ltr'><strong>Deoum</strong></span> <span class='ocrx_word' id='word_1_474' title='bbox 1366 4507 1393 4560; x_wconf 85' lang='lat' dir='ltr'><strong>et</strong></span> <span class='ocrx_word' id='word_1_475' title='bbox 1405 4495 1478 4554; x_wconf 80' lang='lat' dir='ltr'><strong>Trffl0</strong></span> <span class='ocrx_word' id='word_1_476' title='bbox 1537 4499 1538 4572; x_wconf 67' lang='lat' dir='ltr'><strong>t</strong></span> 
     </span>
     <span class='ocr_line' id='line_1_51' title="bbox 294 4575 1538 4668; baseline -0.003 -26"><span class='ocrx_word' id='word_1_477' title='bbox 294 4583 352 4656; x_wconf 46' lang='lat' dir='ltr'><strong>,qui</strong></span> <span class='ocrx_word' id='word_1_478' title='bbox 366 4603 396 4642; x_wconf 90' lang='lat' dir='ltr'><strong>se</strong></span> <span class='ocrx_word' id='word_1_479' title='bbox 410 4587 494 4647; x_wconf 89' lang='lat' dir='ltr'><strong>nobis</strong></span> <span class='ocrx_word' id='word_1_480' title='bbox 508 4589 649 4649; x_wconf 88' lang='lat' dir='ltr'><strong>revelavit</strong></span> <span class='ocrx_word' id='word_1_481' title='bbox 661 4589 749 4650; x_wconf 86' lang='lat' dir='ltr'><strong>fidem</strong></span> <span class='ocrx_word' id='word_1_482' title='bbox 762 4598 792 4651; x_wconf 88' lang='lat' dir='ltr'><strong>ct</strong></span> <span class='ocrx_word' id='word_1_483' title='bbox 800 4591 970 4668; x_wconf 89' lang='lat' dir='ltr'><strong>obsequium</strong></span> <span class='ocrx_word' id='word_1_484' title='bbox 980 4589 1163 4666; x_wconf 71' lang='lat' dir='ltr'><strong>addicamus3</strong></span> <span class='ocrx_word' id='word_1_485' title='bbox 1178 4598 1208 4649; x_wconf 88' lang='lat' dir='ltr'><strong>et</strong></span> <span class='ocrx_word' id='word_1_486' title='bbox 1217 4589 1255 4646; x_wconf 85' lang='lat' dir='ltr'><strong>ad</strong></span> <span class='ocrx_word' id='word_1_487' title='bbox 1268 4577 1475 4648; x_wconf 55' lang='lat' dir='ltr'><strong>consolationem.</strong></span> <span class='ocrx_word' id='word_1_488' title='bbox 1537 4575 1538 4636; x_wconf 81' lang='lat' dir='ltr'><strong>l</strong></span> 
     </span>
    </p>
   </div>
   <div class='ocr_carea' id='block_1_4' title="bbox 300 4661 1538 4811">
    <p class='ocr_par' dir='ltr' id='par_1_13' title="bbox 300 4661 1538 4811">
     <span class='ocr_line' id='line_1_52' title="bbox 300 4661 1538 4811; baseline 0.014 -92"><span class='ocrx_word' id='word_1_489' title='bbox 300 4667 334 4811; x_wconf 64' lang='lat' dir='ltr'><strong>pt</strong></span> <span class='ocrx_word' id='word_1_490' title='bbox 347 4661 472 4796; x_wconf 51' lang='lat' dir='ltr'><strong>appamiae</strong></span> <span class='ocrx_word' id='word_1_491' title='bbox 486 4667 632 4728; x_wconf 80' lang='lat' dir='ltr'><strong>Christum</strong></span> <span class='ocrx_word' id='word_1_492' title='bbox 645 4688 713 4728; x_wconf 88' lang='lat' dir='ltr'><strong>vere</strong></span> <span class='ocrx_word' id='word_1_493' title='bbox 726 4689 780 4729; x_wconf 91' lang='lat' dir='ltr'><strong>nos</strong></span> <span class='ocrx_word' id='word_1_494' title='bbox 793 4669 957 4745; x_wconf 88' lang='lat' dir='ltr'><strong>redemisse,</strong></span> <span class='ocrx_word' id='word_1_495' title='bbox 979 4678 1009 4729; x_wconf 90' lang='lat' dir='ltr'><strong>et</strong></span> <span class='ocrx_word' id='word_1_496' title='bbox 1022 4669 1144 4729; x_wconf 88' lang='lat' dir='ltr'><strong>salutem</strong></span> <span class='ocrx_word' id='word_1_497' title='bbox 1157 4677 1283 4728; x_wconf 84' lang='lat' dir='ltr'><strong>nostram</strong></span> <span class='ocrx_word' id='word_1_498' title='bbox 1301 4665 1330 4724; x_wconf 86' lang='lat' dir='ltr'><strong>in</strong></span> <span class='ocrx_word' id='word_1_499' title='bbox 1349 4665 1406 4720; x_wconf 60' lang='lat' dir='ltr'><strong>lull&gt;</strong></span> <span class='ocrx_word' id='word_1_500' title='bbox 1423 4662 1475 4708; x_wconf 71' lang='lat'><strong>⁰⁸⁸⁰</strong></span> <span class='ocrx_word' id='word_1_501' title='bbox 1537 4689 1538 4736; x_wconf 70' lang='lat' dir='ltr'><strong>t</strong></span> 
     </span>
     <span class='ocr_line' id='line_1_53' title="bbox 321 4756 433 4798; baseline 0.045 -5"><span class='ocrx_word' id='word_1_502' title='bbox 321 4756 364 4794; x_wconf 83' lang='lat' dir='ltr'><strong>oar</strong></span> <span class='ocrx_word' id='word_1_503' title='bbox 395 4759 433 4798; x_wconf 91' lang='lat' dir='ltr'><strong>m.</strong></span> 
     </span>
    </p>
   </div>
   <div class='ocr_carea' id='block_1_5' title="bbox 0 0 1580 5178">
    <p class='ocr_par' dir='ltr' id='par_1_14' title="bbox 0 0 1580 5178">
     <span class='ocr_line' id='line_1_54' title="bbox 0 0 1580 5178; baseline 0 0"><span class='ocrx_word' id='word_1_504' title='bbox 0 0 1580 5178; x_wconf 95' lang='lat' dir='ltr'><strong> </strong></span> 
     </span>
    </p>
   </div>
  </div>
 </body>
</html>
