3044 5180
117 379 233 430 oum.
248 357 307 439 rx.]
535 377 574 416 ns
588 375 880 418 runnsrmarrorse.
1269 363 1328 421 313

119 521 151 578 in
171 539 207 578 co
220 537 309 598 quem
330 515 510 598 previdebat
530 517 665 577 rebellem
688 516 757 593 fore,
773 525 803 576 et
815 515 1008 576 indurandum
1024 516 1171 576 miraculis
1185 524 1214 578 et
1235 519 1331 598 plagis

117 601 194 738 pjppe
205 619 249 738 erp
265 599 349 677 justo
360 617 413 658 auo
423 597 544 676 judicio,
558 597 707 658 materiam
728 596 864 676 potentie
878 615 938 657 enae
952 595 1104 656 exerendae
1118 597 1149 656 in
1162 598 1226 676 ejus
1239 599 1330 659 exitio

195 697 226 738 re

163 757 329 818 XXVIII.
351 756 435 816 Licet
449 755 610 835 Apostolus
629 755 766 835 loquatur
783 755 820 814 dc
841 762 983 833 potestate
998 763 1027 814 et
1045 755 1112 835 jure
1128 756 1183 816 Dei
1197 756 1330 818 absoluto

121 839 152 896 in
165 838 318 898 hominum
331 835 594 915 predestinatione,
609 855 663 914 per
676 835 894 896 similitudinem
908 835 991 913 figuli
1005 855 1063 912 qua
1076 835 1175 912 utitur,
1188 836 1273 897 Rom.
1288 838 1329 897 ix.

114 921 170 994 21,
186 921 236 994 22,
252 935 312 977 non
326 915 458 994 sequitur
471 935 534 975 eam
548 915 722 976 creationem
736 925 766 975 et
782 915 896 993 lapsum
916 915 1042 974 hominis
1063 915 1240 994 precedere;
1262 918 1332 996 quia

121 997 272 1057 liberrima
286 997 338 1056 illa
351 1003 480 1074 potestas
493 1003 524 1055 et
541 997 592 1074 jus
605 995 770 1056 absolutum
786 995 843 1054 Dei
855 995 886 1053 in
900 994 1152 1072 predestinatione
1165 1007 1331 1074 comparata

121 1077 274 1137 hominnm
294 1077 442 1154 lapsorum
461 1075 532 1136 satis
551 1083 640 1154 patet,
662 1095 728 1134 cum
750 1075 807 1134 ista
827 1073 977 1134 hominum
997 1074 1133 1134 diseretio
1147 1075 1184 1134 ab
1205 1077 1330 1138 invicem

121 1157 234 1217 nullam
248 1157 338 1216 aliam
351 1175 468 1215 caumm
481 1155 574 1233 possit
586 1155 693 1214 habere
706 1163 811 1233 practer
824 1155 917 1213 solum
931 1153 995 1214 o'ns
1008 1154 1229 1232 beneplacitum.

163 1236 297 1295 XXIX.
320 1233 460 1310 Quamvis
482 1235 589 1295 amatio
611 1243 641 1294 et
662 1235 762 1312 lapsus
783 1233 889 1294 cadant
907 1173 962 1293 sud
983 1234 1131 1294 decretum
1153 1235 1217 1312 Dei,
1239 1245 1270 1295 et
1289 1236 1331 1297 sic

118 1315 330 1394 praedestinata
348 1315 461 1393 possint
473 1314 541 1390 dici,
555 1334 628 1373 voce
641 1313 903 1392 predestinationis
915 1314 974 1373 late
988 1322 1103 1393 sumpta
1116 1335 1168 1392 pro
1181 1316 1259 1374 omni
1276 1317 1331 1376 Dei

119 1395 247 1455 coneilio
270 1396 348 1455 circa
368 1403 547 1454 creaturam:
568 1393 636 1453 Non
656 1395 753 1454 minus
774 1403 851 1454 recte
873 1403 970 1454 tamen
992 1393 1211 1455 Preedestinatio
1233 1397 1331 1456 stricte

118 1475 204 1535 dicta
222 1495 243 1534 a
262 1475 347 1553 lapsu
367 1473 536 1550 inchoatum
560 1473 629 1551 qnia
648 1475 704 1532 hoc
727 1493 813 1533 sensu
835 1473 983 1534 decretum
1005 1474 1158 1534 creationis
1181 1484 1211 1535 et
1232 1476 1331 1555 lapsus

117 1555 271 1632 pertinent
284 1554 322 1613 ad
336 1552 561 1628 Providentiam,
576 1573 635 1612 non
650 1553 688 1612 ad
702 1553 997 1614 Predestinationem.

164 1633 281 1692 XXX.
303 1633 456 1692 Calvinum
473 1641 618 1712 receptam
638 1633 669 1690 in
683 1633 823 1692 Ecclesiis
837 1634 943 1693 nostrie
958 1633 1129 1692 sententiam
1144 1633 1220 1694 circa
1233 1635 1329 1715 objec-

117 1723 187 1774 tum
200 1713 467 1773 Predemmationis
477 1721 609 1772 secutum
620 1731 692 1788 esee,
703 1713 803 1772 multis
814 1733 852 1772 ex
862 1713 934 1773 loeis
944 1703 1044 1790 collig'i
1057 1721 1154 1792 potest
1163 1714 1330 1792 clarissime,

118 1793 307 1872 potissimum
319 1797 397 1866 vero,
412 1792 463 1852 lib.
478 1792 627 1852 daretem.
643 1791 781 1852 Praedest.
795 1813 823 1870 p.
839 1795 908 1852 978.
951 1792 1074 1868 “Quum
1088 1791 1124 1852 de
1140 1792 1330 1856 Prmdestine-

122 1873 238 1948 tione,''
253 1871 356 1950 inquit,
373 1875 495 1932 “sermo
515 1872 645 1947 habetur,
660 1872 728 1931 inde
741 1872 951 1931 exordiendum
965 1891 1028 1930 esse
1042 1881 1207 1932 constanter
1220 1895 1333 1952 semper

119 1952 213 2012 docui
231 1961 320 2031 atque
340 1951 428 2011 hodie
441 1951 540 2028 doceo,
560 1951 626 2029 jure
648 1952 679 2010 in
700 1959 793 2010 morte
813 1951 938 2029 relinqui
957 1970 1057 2009 omnes
1070 1953 1207 2029 reprobos
1229 1955 1331 2030 quiin

120 2032 243 2092 Adamo
257 2031 364 2092 mortui
377 2039 445 2090 eunt
457 2041 488 2092 et
497 2031 655 2090 damnati.''
691 2031 731 2090 Et
744 2039 853 2108 postea,
867 2033 885 2064 ‘³
896 2029 1092 2105 Questionem
1105 2031 1180 2090 hanc
1194 2051 1252 2090 non
1265 2032 1331 2092 ideo

117 2119 238 2172 mrum
251 2111 367 2189 parcius
380 2111 522 2188 attingere
536 2109 681 2186 convenit,
696 2111 776 2189 qnod
789 2110 923 2170 abstrusa
935 2118 988 2184 est,
1004 2118 1033 2168 et
1046 2109 1076 2168 in
1094 2110 1235 2187 penitiore
1249 2131 1330 2171 sane-

118 2191 213 2252 tmrii
228 2191 284 2250 Dei
298 2191 387 2268 adyto
397 2190 562 2267 recondita;
583 2190 635 2250 sed
648 2189 717 2268 quis
727 2191 820 2250 otiosa
833 2188 985 2250 curiositas
995 2189 1100 2248 alenda
1108 2199 1231 2267 nonest,
1247 2192 1331 2270 cujus

119 2271 177 2330 illa
190 2271 278 2330 nimis
291 2271 352 2330 alta
365 2269 533 2348 epecrrlatio,
548 2270 665 2330 damma
678 2278 723 2329 est
737 2269 824 2330 simul
844 2279 874 2330 et
893 2269 1001 2329 nutrix.
1043 2269 1149 2330 Altera
1160 2290 1236 2348 pars,
1251 2271 1330 2348 quod

119 2371 163 2410 ex
176 2350 314 2410 damnma
328 2350 403 2409 Adae
426 2349 533 2426 sobole,
557 2350 638 2410 Dens
651 2369 725 2427 qnos
739 2351 835 2410 visum
848 2356 893 2410 est
906 2349 998 2427 eligit,
1013 2369 1087 2427 quos
1100 2350 1165 2410 vult
1186 2351 1329 2429 reprobet,

118 2431 203 2490 sicut
211 2431 249 2490 ad
261 2430 349 2489 fidem
360 2429 551 2490 exercendam
559 2430 648 2507 longe
659 2429 752 2508 aptior
762 2437 814 2505 est,
830 2430 871 2489 ita
880 2431 989 2509 majore
1000 2449 1065 2490 eum
1076 2429 1171 2491 fructu
1181 2439 1329 2492 tractatur.

120 2511 161 2569 In
175 2511 232 2570 hac
245 2509 376 2570 doctrina
389 2529 454 2587 quse
474 2517 585 2570 nattum
604 2510 738 2569 humanae
759 2510 969 2588 corruptionem
991 2517 1020 2569 et
1040 2519 1151 2571 reatum
1171 2511 1202 2568 in
1216 2530 1247 2570 se
1262 2532 1328 2572 eon-

118 2591 200 2651 tinet
219 2589 357 2650 libentins
377 2590 488 2665 insisto,
511 2589 586 2649 sicut
605 2607 665 2648 non
685 2588 779 2650 solum
797 2589 835 2648 ad
854 2590 991 2667 pietatem
1011 2590 1105 2668 magis
1119 2590 1263 2668 conducit,
1278 2592 1330 2652 sed

117 2670 220 2747 magis
240 2670 326 2729 etiam
346 2668 523 2747 'l'lreologiea
542 2669 616 2730 est.”
659 2669 707 2728 Ita
720 2669 817 2730 Instit.
831 2669 862 2728 li.
877 2670 917 2728 iii.
932 2690 958 2730 c.
972 2674 1021 2746 22,
1037 2690 1060 2730 s.
1078 2673 1093 2728 1
1109 2678 1138 2730 et
1152 2675 1180 2746 t,
1196 2679 1225 2730 et
1239 2692 1264 2731 c.
1279 2675 1328 2747 23,

117 2770 146 2810 s.
161 2753 194 2810 3.
233 2752 252 2782 “
263 2750 311 2807 Ex
325 2757 459 2827 corrupta
471 2767 567 2808 massa
581 2748 607 2806 si
620 2747 764 2826 desumpti
778 2757 846 2809 sunt
859 2769 967 2826 omnes,
982 2769 1040 2808 non
1054 2749 1158 2810 mirum
1172 2751 1197 2810 si
1211 2751 1328 2810 damna-

117 2829 198 2890 tioni
216 2848 317 2889 omnes
330 2829 528 2907 subjaceant.'’
566 2827 614 2888 Sic
635 2828 665 2886 in
679 2849 704 2888 c.
721 2829 762 2888 ix.
776 2828 815 2888 ad
835 2828 921 2888 Rom.
935 2837 1034 2889 censet
1048 2830 1172 2890 Paulum
1192 2831 1273 2908 loqui
1293 2831 1330 2891 dc

116 2907 780 3065 2222222222
994 2911 1080 3046 2

119 3068 232 3130 summi
246 3068 389 3146 Theologi
408 3031 529 3145 jndicio,
544 3066 624 3145 quod
642 3066 798 3144 respondet
812 3066 946 3126 Articrrlo
959 3067 1011 3126 xii.
1026 3065 1222 3126 Confessionis
1237 3009 1328 3126 Gilli-

118 3151 214 3224 eanm,
223 3156 257 3208 ut
264 3155 295 3207 ct
304 3147 336 3206 in
347 3145 458 3226 Synodi
468 3147 660 3206 Dornsoenae
671 3146 795 3222 decreto,
806 3145 923 3205 omnino
930 3146 1148 3222 acquiescimus,
1159 3155 1188 3206 et
1196 3146 1330 3207 omnibus

118 3227 231 3305 quibus
244 3227 340 3305 placet
353 3245 453 3304 sapere
467 3226 570 3303 sobrie,
585 3224 826 3304 acquiescendum
839 3244 904 3285 esse
917 3233 1061 3302 putamus.

163 3307 297 3366 XXXI.
320 3307 429 3366 Frater
449 3305 519 3366 istas
535 3306 608 3365 duas
622 3304 780 3366 sententias
793 3305 870 3364 circe
884 3305 1037 3384 Objectum
1052 3303 1327 3384 Proedestinationis,

120 3387 225 3446 Tertia
245 3385 331 3446 datrrr
349 3405 449 3446 eorum
469 3384 519 3463 qui
532 3386 644 3463 volunt,
668 3404 727 3444 non
748 3385 835 3444 modo
856 3385 1001 3444 hominem
1022 3385 1136 3462 lapsum
1159 3392 1189 3444 et
1208 3395 1329 3464 peccato

119 3473 309 3545 corruptum
331 3465 383 3526 sed
402 3465 489 3524 etiarn
502 3474 536 3525 nt
548 3467 722 3542 redenptam
734 3485 755 3524 a
770 3465 890 3541 onec,
905 3473 935 3525 et
948 3466 996 3525 vel
1016 3468 1173 3526 credentem
1186 3466 1215 3526 sis
1228 3467 1328 3545 qrcanr,

118 3547 171 3606 vel
192 3547 376 3621 mesenen,
392 3545 456 3604 Deo
471 3543 693 3605 Prscdestinanti
713 3544 818 3623 objici,
840 3545 911 3620 Quae
932 3547 1075 3607 sententie
1094 3545 1149 3606 fuit
1170 3547 1327 3626 Semipela·

119 3625 285 3704 gianmm,
300 3634 331 3685 et
343 3643 421 3684 nnnc
434 3624 572 3702 recipitur
584 3623 622 3683 ab
636 3624 824 3701 Arminienis,
839 3633 869 3685 et
886 3625 945 3686 illie
959 3625 1101 3702 omnibus,
1117 3625 1167 3704 qui
1182 3628 1328 3689 Christum

120 3704 300 3784 pertendunt
313 3725 377 3765 esse
391 3703 611 3764 fundamentum
625 3703 792 3780 Electionis,
807 3704 937 3766 atridem
957 3706 1110 3783 previsam
1123 3706 1188 3783 ejus
1202 3727 1327 3782 causam,

121 3785 172 3845 vel
193 3783 297 3844 saltem
316 3783 512 3845 conditionem
532 3783 756 3862 praecedaueam.
797 3785 907 3844 Verum
920 3785 990 3862 quia
1002 3785 1124 3861 quaestio
1144 3785 1201 3844 ista
1221 3785 1252 3843 in
1265 3805 1328 3844 eam

122 3863 235 3940 recidit
250 3883 315 3941 que
329 3863 469 3942 agitanda
482 3863 537 3922 erit
550 3871 658 3942 postea,
674 3864 710 3924 de
724 3863 910 3924 fundamento
924 3872 954 3923 et
967 3883 1055 3924 causa
1075 3863 1230 3940 impulsiva
1244 3863 1327 3923 Elec·
1367 3905 1372 3914 -

123 3943 220 4018 tionis,
243 3943 279 4004 de
301 3964 337 4004 ea
358 3943 433 4002 nihil
454 3963 531 4003 nune
553 3941 704 4003 addimus:
731 3942 806 4003 Nem
829 3943 854 4003 si
878 3943 968 4002 semel
991 3943 1143 4020 probatum
1165 3942 1260 4019 fuerit,
1276 3963 1328 4004 nec

125 4023 268 4084 Christum
289 4045 345 4084 nec
366 4023 453 4082 fidam
474 4022 643 4083 antecedere
665 4023 853 4098 Electionem,
880 4022 932 4081 sed
955 4022 985 4080 in
1006 4041 1041 4081 ea
1061 4020 1171 4080 includi
1191 4029 1328 4099 tanquam

124 4103 217 4164 media
229 4105 292 4184 ejus
306 4113 337 4164 et
348 4102 478 4178 effectis,
494 4123 529 4162 eo
549 4103 613 4180 ipso
626 4102 753 4163 evictum
770 4103 833 4178 erit,
855 4121 914 4161 non
934 4120 1018 4178 posse
1039 4099 1184 4160 hominem
1198 4120 1257 4178 qua
1270 4103 1327 4161 Rc-

124 4181 275 4263 denrptum,
300 4193 332 4245 et
356 4202 415 4260 qua
437 4180 609 4260 credentem,
634 4192 685 4243 eut
708 4181 896 4256 incredulum,
912 4199 976 4240 esse
998 4179 1152 4257 Objectum
1175 4180 1327 4240 Praedesti-

123 4265 249 4326 nationis.
