3158 5190
137 347 239 401 crssr.
253 327 317 410 xm]
621 347 660 390 ns
675 348 861 392 scsrmuas.=
1271 337 1327 398 109

137 493 211 566 titur,
234 491 287 548 imo
319 507 397 566 saepe
432 486 507 547 infra
533 486 747 550 Translationes
771 488 949 570 deprimitur,
975 489 1043 550 dum
1064 491 1151 552 lectio
1175 493 1240 572 ejus
1264 495 1329 556 aliis

184 571 311 648 tponitur.

136 591 215 708 posX.
233 654 259 708 4.
277 649 308 708 Si
322 668 381 707 non
395 647 527 708 adstricti
541 668 640 709 sumus
654 648 857 710 adlectionem
871 648 1039 709 hodiernam
1054 651 1165 712 Tantus
1177 652 1326 730 Hebraici‚

136 729 184 789 aad
197 749 260 789 vcra
277 729 363 790 lectio
384 729 551 788 authentica
569 729 693 806 petenda
707 738 751 808 est
771 731 875 808 partim
889 750 927 788 ex
940 731 1094 792 collatione
1108 741 1238 792 veterum
1253 733 1327 793 Ver·

135 810 247 884 monum,
260 809 363 887 partim
378 827 416 868 ex
430 817 589 868 nostromet
599 809 711 887 judicio
724 818 754 869 et
767 809 902 870 facultate
913 815 1082 892 ποχιπιιιῇ,
1096 821 1129 872 ut
1142 813 1240 872 nullus
1253 814 1328 874 alius

136 891 228 949 Canon
252 889 383 948 lectionis
407 887 580 949 authentica
604 888 650 964 sit,
676 909 761 967 quam
784 889 961 951 commodior
983 911 1085 950 sensus
1109 893 1159 968 qui
1181 893 1264 952 nobis
1287 895 1328 954 ita

134 969 256 1044 ridetur;
277 967 453 1027 constitutio
472 968 605 1028 lectionis
625 970 797 1030 authenticae
817 969 873 1028 erit
892 971 1010 1028 humani
1031 972 1150 1047 arbitrii,
1166 981 1195 1030 et
1208 973 1328 1033 rationis

134 1068 209 1128 epus,
223 1069 276 1108 nou
293 1048 418 1126 Spiritus
434 1048 465 1106 S.
501 1049 587 1107 Ratio
600 1049 726 1108 humana
739 1049 770 1106 in
784 1069 849 1109 arce
864 1050 1059 1128 collocabitur,
1075 1059 1105 1111 et
1118 1071 1170 1129 pro
1184 1072 1285 1112 norma
1298 1063 1328 1113 et

133 1129 263 1208 principio
276 1127 343 1187 fidei
357 1147 424 1187 cum
440 1127 601 1188 Sociuianis
615 1129 671 1188 erit
683 1129 824 1188 habenda.

170 1209 227 1268 XI.
247 1211 274 1267 5.
297 1209 330 1268 si
344 1207 534 1285 Conjecturas
550 1207 618 1267 licet
631 1208 724 1268 faeere
739 1210 769 1267 in
783 1209 879 1268 Textn
894 1229 984 1285 sacre,
1000 1209 1087 1268 etiarn
1101 1230 1190 1288 quum
1205 1212 1327 1272 Codices

135 1288 243 1348 Hebraei
262 1308 327 1347 cunr
342 1287 535 1347 versionibus
553 1289 744 1365 consentiunt,
760 1297 793 1348 ut
811 1289 850 1348 V.
866 1290 903 1348 D.
925 1290 966 1349 ait
987 1291 1068 1349 Criti.
1090 1290 1141 1348 lib.
1163 1293 1190 1366 e,
1213 1313 1275 1370 cap.
1298 1296 1326 1368 8,

130 1387 223 1446 parag.
239 1371 284 1443 17,
305 1367 387 1427 nullo
409 1368 532 1445 amplius
552 1369 658 1445 poterit
674 1387 737 1428 esse
752 1367 894 1428 certitudo
906 1371 1028 1436 attractas
1042 1371 1154 1430 Tantus
1171 1373 1252 1448 sacri,
1276 1374 1328 1432 aad

128 1449 214 1508 dubia
226 1449 320 1506 omnia
333 1457 364 1507 et
377 1449 488 1506 incerta
501 1447 665 1523 reddentur,
685 1457 716 1508 et
734 1449 840 1526 privati
861 1451 1001 1528 cujusque
1016 1450 1196 1527 Conjeotoris
1209 1453 1328 1512 arbitrio

126 1527 234 1588 Textus
253 1548 333 1588 sacer
354 1523 541 1604 subjicietur3
563 1528 642 1605 quod
663 1547 759 1588 annon
782 1529 820 1588 sit
841 1530 919 1588 omni
939 1530 1113 1590 authoritate
1134 1550 1200 1590 eum
1221 1551 1328 1592 exuere
1428 1557 1433 1564 ·

121 1609 218 1686 quivis
238 1608 374 1668 cordatus
394 1607 479 1666 facile
499 1608 641 1684 agnoscit.
683 1609 744 1668 Nec
757 1609 857 1686 reponi
878 1609 972 1685 debet,
989 1610 1177 1688 Conjecturas
1191 1630 1249 1669 non
1264 1633 1327 1672 esse

119 1688 314 1748 admittendas
324 1688 382 1746 nisi
392 1687 478 1746 certis
484 1687 649 1747 rationibus
659 1697 689 1746 et
699 1689 876 1766 argumentis
886 1689 1023 1764 nitantur,
1036 1699 1065 1750 et
1076 1688 1326 1752 demonstrentur:

117 1789 208 1847 quum
221 1769 310 1828 lectio
322 1775 440 1844 recepta
453 1787 569 1828 sensum
584 1765 678 1828 fundit
691 1769 740 1826 vel
759 1767 864 1827 salsum
878 1775 908 1827 et
921 1768 1087 1845 absurdum,
1103 1769 1151 1827 vel
1165 1769 1284 1832 dubium
1299 1781 1328 1834 et

115 1849 327 1927 perturbatum.
370 1847 446 1905 Nam
468 1865 553 1906 nemo
575 1847 630 1906 erit
650 1847 701 1924 qui
724 1848 850 1907 rationes
874 1848 1111 1907 Con'ecturarum
1132 1867 1247 1908 suarum
1269 1872 1326 1910 non

113 1937 200 2008 putet
210 1947 243 1988 se
255 1927 374 1986 reddere
388 1946 482 2004 posse,
498 1927 590 2004 etqui
603 1925 758 1986 lectionem
771 1947 858 2003 quam
872 1946 906 1986 co
947 1947 1016 2003 gere
1030 1927 1137 2004 satagit
1150 1927 1284 1990 falsitatis
1298 1939 1327 1991 et

112 2007 307 2068 absurditatis
320 2027 379 2067 non
393 2005 549 2066 insimulet.
591 2005 663 2081 Quis
677 2025 747 2065 vero
761 2007 782 2066 J
784 2006 862 2065 udex
882 2006 989 2082 poterit
1002 2026 1065 2066 ease
1079 2007 1198 2065 istarum
1213 2009 1326 2086 conjec-

111 2099 257 2164 turarum,
272 2106 311 2146 an
330 2093 409 2146 recta
426 2094 456 2144 et
468 2105 537 2145 vere
558 2085 616 2146 siut
636 2085 743 2145 factm?
784 2086 827 2145 At
848 2085 910 2147 sine
924 2085 1030 2145 Judiee
1051 2095 1196 2162 perpetuae
1211 2087 1277 2146 litas
1298 2097 1327 2148 et

112 2169 320 2228 contentiones
340 2167 416 2225 inter
436 2165 612 2242 Interpretes
627 2174 719 2240 erunt,
735 2164 805 2224 dum
819 2166 941 2242 quisque
955 2185 1007 2242 pro
1026 2166 1087 2225 suis
1107 2166 1257 2244 pugnabit,
1273 2188 1327 2227 nec

112 2247 188 2307 alias
202 2247 266 2306 suis
279 2243 408 2324 praeferri
427 2245 561 2322 patietur.
603 2246 666 2304 Nec
680 2245 706 2304 si
719 2247 892 2323 conjecturae
912 2243 1009 2304 locum
1029 2253 1151 2322 possunt
1171 2245 1277 2306 babere
1296 2249 1326 2306 in

113 2328 253 2388 examine
266 2326 412 2385 variorum
430 2324 577 2400 Codicum,
599 2333 633 2385 ut
652 2325 832 2402 expendatur
851 2345 984 2404 quanam
1005 2325 1091 2384 lectio
1114 2325 1216 2385 melior
1238 2327 1275 2386 sit
1296 2337 1325 2388 et

113 2406 345 2481 convenientior,
360 2403 497 2464 continuo
507 2403 693 2464 admittendae
703 2415 787 2465 erunt
797 2405 870 2482 alite,
882 2425 947 2483 qum
957 2405 1072 2482 proprio
1083 2404 1203 2482 judicio,
1216 2406 1324 2468 nullius

113 2495 214 2548 autem
229 2484 347 2545 Codicis
359 2483 473 2562 probati
487 2485 660 2544 authoritate
671 2485 807 2561 nitantur,
819 2504 941 2562 quarum
951 2485 1048 2544 nullus
1059 2503 1128 2545 usus
1140 2503 1203 2546 esse
1217 2493 1321 2564 potest,

114 2566 167 2626 ssd
188 2565 352 2624 maximum
375 2563 534 2642 perieulum
558 2572 588 2622 et
610 2573 688 2622 certa
712 2565 922 2642 Scripturarum
943 2563 1084 2642 pernicies
1107 2585 1144 2624 ex
1167 2584 1275 2642 magna
1294 2576 1323 2626 et

114 2646 218 2706 sudaei
240 2643 352 2722 ingenii
372 2643 490 2703 humani
510 2643 741 2721 praesumptione.
783 2645 885 2721 Neque
905 2645 953 2702 hic
971 2644 1135 2722 exemplum
1157 2644 1323 2705 Authorum

113 2725 300 2804 profanorum
315 2724 392 2782 circa
405 2742 479 2800 quos
493 2723 600 2782 Critica
612 2730 709 2800 potest
721 2723 809 2783 libere
823 2733 853 2783 et
867 2723 928 2782 sine
942 2724 1069 2802 periculo
1084 2725 1211 2783 exerceri
1225 2726 1323 2786 valere

113 2806 210 2866 debet
249 2803 338 2881 Quasi
349 2802 451 2862 eadem
461 2802 500 2862 sit
509 2803 583 2862 ratio
594 2803 708 2862 Criticae
719 2821 806 2862 sacrae
817 2811 847 2862 et
859 2803 1203 2881 profanae,etn1aximum
1215 2825 1272 2863 non
1284 2805 1322 2865 sit

113 2885 270 2945 discrimen
283 2886 360 2943 inter
374 2883 481 2959 scripta
493 2882 618 2942 humana
629 2902 662 2941 ac
676 2883 765 2942 errori
778 2882 912 2958 obnoxia,
928 2891 958 2941 et
971 2883 1102 2941 divinum
1116 2903 1149 2941 ae
1160 2883 1322 2943 intravero

113 2966 199 3043 cujus
213 2970 398 3024 sacrosancta
411 2957 498 3021 debet
510 2982 574 3021 esse
594 2963 739 3040 majestas,
754 2962 833 3041 quod
849 2969 930 3022 tanta
943 2961 1128 3022 veneratione
1148 2961 1203 3020 fuit
1216 2983 1320 3040 excep·

113 3053 185 3121 tum,
208 3051 290 3103 tanta
312 3063 382 3101 eure
403 3049 613 3118 conservatum,
638 3050 719 3101 tanto
743 3061 887 3101 consensu
910 3041 1107 3118 approbatum,
1133 3049 1165 3099 ut
1189 3042 1320 3100 veritatis

113 3125 297 3198 authenticas,
311 3131 343 3182 et
356 3121 445 3181 sontis
458 3120 584 3198 elogium
595 3121 747 3196 meruerit;
770 3120 925 3196 Quidvero
935 3119 986 3178 fiet
996 3118 1032 3178 de
1043 3117 1148 3177 Codice
1158 3119 1214 3178 hoc
1229 3139 1318 3197 sacro,

112 3204 248 3264 sicuivis
261 3221 343 3280 reque
357 3202 388 3260 in
402 3201 484 3260 illurn
498 3199 585 3260 liceat
593 3201 756 3260 censorium
769 3200 878 3278 stylum
893 3197 1034 3277 stringere
1047 3205 1077 3257 et
1091 3197 1226 3258 Criticam
1237 3221 1318 3258 exer·

113 3302 187 3358 cere,
202 3303 237 3342 ac
250 3283 281 3340 in
294 3281 415 3359 quosvis
429 3279 518 3340 libros
532 3279 689 3358 profanos?

154 3361 234 3421 XII.
256 3365 284 3422 6.
308 3361 341 3420 Si
360 3360 443 3423 nulla
462 3359 547 3420 datur
569 3360 756 3439 praerogitiva
778 3357 893 3420 Codicis
913 3357 1046 3418 hodierni
1070 3357 1210 3419 Hebraici
1232 3380 1319 3440 snpra

115 3449 228 3502 vetares
242 3442 428 3518 Interpretare,
441 3447 547 3499 utnon
567 3441 660 3516 major
680 3440 719 3499 sit
739 3438 872 3498 habenda
884 3439 958 3499 ratio
979 3437 1057 3497 illius
1071 3459 1158 3516 quam
1179 3440 1316 3518 istorum

115 3521 173 3580 imo
195 3521 318 3582 istorum
342 3519 429 3581 lectio
452 3517 630 3596 praeferenda
653 3519 771 3578 sitnon
790 3539 855 3578 raro
877 3518 994 3578 lectioni
1018 3518 1174 3594 hodiernae,
1199 3521 1317 3597 quando

115 3601 337 3663 commodiorem
364 3617 481 3659 sensum
508 3598 628 3658 fundere
651 3597 783 3676 videtur;
815 3598 968 3676 Perperam
997 3597 1194 3659 Protestantes
1218 3609 1318 3660 contra

117 3681 282 3740 Pontificios
302 3680 444 3738 haetenus
465 3688 640 3757 pugnarunt,
660 3685 693 3738 ut
711 3679 823 3738 Textus
844 3676 984 3738 Hebraiei
1005 3678 1136 3738 hodierni
1157 3679 1247 3738 solius
1267 3699 1317 3738 au·

115 3761 261 3837 thentiam,
276 3778 365 3837 supra
379 3757 535 3818 Versiones
555 3777 742 3836 quascunque
763 3759 826 3817 sive
839 3767 960 3835 veteres,
976 3757 1039 3817 sivo
1053 3757 1226 3818 recentiores
1240 3777 1317 3816 asse·

115 3850 216 3918 terent,
239 3860 293 3900 nee
318 3837 425 3917 poterit
447 3857 494 3896 am
514 3838 572 3898 lius
595 3838 693 3915 urgeri
716 3836 855 3898 adversus
878 3839 966 3916 ipsos,
985 3837 1144 3896 Varsiones
1166 3855 1265 3896 ornnes
1289 3845 1319 3896 et

115 3920 270 3999 prasertim
284 3918 444 3995 Vulgatam
466 3937 483 3976 a
523 3938 590 3978 eum
609 3915 768 3995 exigendas
789 3937 860 3994 esso,
876 3927 906 3977 et
926 3937 964 3976 ex
985 3936 1019 3975 eo
1040 3915 1234 3992 corrigendas,
1253 3935 1319 3975 cum

116 4001 198 4060 toties
210 3999 371 4060 Versioues
383 4017 444 4056 non
456 3996 542 4056 modo
556 3996 600 4056 illi
614 3998 833 4075 aequiparentur,
849 3997 901 4057 sed
914 4005 944 4055 et
956 3993 1152 4073 preferantur.

415 4076 511 4136 XIII.
534 4076 626 4138 Aliud
635 4077 773 4136 estoart‘a
786 4077 873 4150 lectio,
889 4075 982 4134 Aliud
990 4075 1107 4133 varians
1115 4073 1317 4148 interpretatio.

133 4145 217 4192 Μ’·
227 4144 334 4192 ΜΟ·
373 4156 551 4232 Interpretas
563 4165 720 4235 potnerunt
733 4157 829 4216 varias
842 4153 1093 4232 interpretationes
1104 4151 1191 4225 dare3
1207 4161 1320 4212 estnon

196 4217 261 4248 Μ
373 4235 504 4313 sequitur
516 4255 565 4296 eas
585 4256 624 4295 ex
637 4236 725 4295 variis
745 4235 892 4295 rariorum
907 4232 1046 4293 Codicum
1065 4229 1237 4291 lectionibus
1258 4251 1321 4292 esse

118 4315 258 4396 profectas,
275 4315 329 4376 sed
343 4315 410 4374 aliis
423 4335 461 4374 ex
476 4316 570 4375 causis
583 4316 756 4376 memoratis.

155 4395 238 4456 XIV.
259 4396 330 4456 Non
344 4413 463 4454 necesse
477 4402 522 4454 est
535 4404 568 4455 ut
583 4395 691 4455 Scribae
705 4393 814 4454 firerint
828 4393 1004 4472 ὶκμιίςηπι,
1019 4390 1044 4450 si
1058 4408 1116 4449 non
1129 4389 1235 4450 dantur
1248 4393 1321 4452 varii

119 4474 228 4537 Codices
243 4475 388 4550 Hebraei;
411 4474 463 4534 sed
477 4473 581 4535 sufficit
595 4475 811 4534 Providentiam
824 4474 866 4532 ita
880 4472 1048 4549 invigilasse
1063 4470 1221 4548 integritati
1237 4473 1321 4532 Codi-

119 4557 154 4617 cis
165 4555 334 4631 authentici,
349 4563 385 4614 ut
403 4553 473 4614 licet
485 4555 582 4614 vanos
594 4575 705 4614 errores
719 4555 767 4613 vel
783 4553 926 4632 imperitia
939 4553 988 4612 vel
1007 4550 1158 4612 oscitantia
1178 4553 1324 4630 potuerint

117 4636 277 4702 iul'extum
293 4653 414 4695 sacrum
428 4633 570 4712 inducere,
586 4655 644 4694 non
664 4634 831 4694 induxerint
851 4641 956 4708 tamen,
972 4633 1022 4694 vel
1034 4651 1093 4690 non
1106 4629 1273 4691 induxerint
1294 4632 1325 4689 in
