3158 5180
244 360 305 418 426
721 371 812 414 nocue
826 371 962 422 oumrust
1244 347 1370 432 [onnon.
1384 369 1448 410 xnr.
1567 357 1568 422 l

247 535 360 575 merum
373 521 543 590 nostrerum,
559 511 724 590 qualis-fuit
737 512 840 572 enimse
856 505 974 587 Ademi,
999 529 1058 570 non
1081 509 1176 587 modo,
1201 508 1270 588 quis
1293 509 1451 587 imsginem

247 595 387 655 debemus
401 594 475 653 ferre
489 594 575 669 illius,
594 596 608 652 l
626 593 691 653 Cor.
705 613 756 652 xv.
772 597 821 668 47,
836 595 885 668 48,
901 591 952 652 sed
974 599 1005 651 et
1027 591 1097 668 quis
1121 589 1186 668 ejus
1209 589 1326 666 crestio,
1350 598 1450 668 utpote

246 667 1453 832 sttrutundus,unrrtlirurerrudrsu

248 833 357 892 Adnmi
370 832 534 894 immediate
548 852 566 892 e
581 833 643 892 Deo
658 840 754 892 creste
767 831 822 892 fuit
835 851 926 908 quum
939 831 1093 906 rusufflem't
1109 832 1139 889 in
1156 849 1242 888 nores
1262 831 1374 889 Adurni
1393 831 1452 906 spi·

246 917 376 972 raculum
389 913 460 987 vites,
473 913 583 987 Gener.
599 913 629 971 ii.
645 917 673 989 7,
689 919 841 1005 utpoteret
853 911 979 972 enimam
992 929 1051 1004 non
1065 910 1199 1004 eductam
1220 927 1285 969 esse
1299 927 1338 1004 ex
1361 920 1453 968 mnte-

246 987 1453 1150 tdttlttlpitltlssdtddsstdsititet?bittit}

246 1169 294 1209 mo
308 1151 345 1210 nd
365 1170 428 1226 nos,
450 1151 519 1229 quie
537 1151 614 1210 idem
635 1149 790 1210 dicendum
810 1158 887 1210 esset
906 1151 995 1210 etiem
1014 1149 1052 1208 de
1073 1149 1207 1226 Corporis
1227 1148 1350 1226 origine,
1372 1149 1452 1228 quod

245 1241 343 1290 temen
356 1231 452 1290 locum
466 1249 525 1290 non
538 1231 652 1306 hebent,
669 1231 810 1309 siquidem
823 1239 954 1290 nostrum
977 1236 1131 1308 generetur
1143 1231 1315 1305 exsemine,
1343 1229 1453 1288 Adnmi

245 1329 316 1369 vero
330 1319 458 1370 ereetum
472 1319 567 1370 estex
581 1311 701 1388 pulvere
715 1319 807 1371 terroe.
837 1309 913 1369 Nem
926 1310 995 1369 licet
1008 1310 1047 1369 sit
1059 1308 1213 1386 disperitss
1231 1309 1345 1368 ratione
1359 1329 1454 1368 emesa

245 1391 391 1465 efficiente,
406 1397 523 1468 propter
536 1390 733 1450 diversitatem
747 1390 951 1469 subjectorum,
961 1390 1031 1467 quis
1043 1397 1077 1448 ut
1089 1407 1193 1466 eorpus
1207 1398 1252 1448 est
1265 1390 1451 1465 elementem,

246 1478 276 1529 et
288 1469 444 1546 materiale,
460 1477 556 1546 potest
569 1471 606 1529 eb
620 1471 736 1530 homine
750 1470 871 1548 produci
883 1489 936 1547 per
949 1467 1180 1546 generationem
1205 1469 1264 1529 Sed
1285 1469 1385 1528 enims
1397 1470 1450 1527 im-

246 1547 402 1610 meterislis
415 1557 445 1609 et
459 1549 591 1628 simplex,
604 1567 662 1610 non
670 1558 766 1628 potest
775 1549 892 1609 aliunde
900 1549 977 1625 oriri,
990 1567 1076 1626 quum
1084 1569 1103 1607 u
1114 1547 1177 1608 Deo
1191 1567 1243 1627 per
1256 1549 1451 1610 creationem:

246 1638 343 1689 tamen
356 1637 491 1708 respectu
504 1649 596 1689 coreo
610 1631 773 1704 mtericlre,
788 1637 885 1707 potest
899 1628 1016 1688 collatio
1029 1636 1108 1688 reete
1121 1628 1203 1705 fieri3
1224 1647 1291 1687 unm
1306 1637 1341 1688 ut
1354 1629 1452 1689 enims

246 1708 322 1768 Adeo
330 1723 374 1768 ‘ex
388 1709 479 1769 nihilo
493 1719 590 1770 creste
602 1719 655 1787 est,
670 1710 712 1769 ite
725 1718 755 1770 et
768 1710 872 1769 enimse
885 1717 1073 1786 posterorum,
1089 1717 1119 1767 et
1132 1715 1166 1768 ut
1179 1727 1283 1786 corpus
1304 1709 1399 1786 ipsius
1412 1729 1451 1768 ex

245 1790 365 1866 pulvere
378 1797 462 1848 terree
475 1790 629 1850 formatum
653 1799 706 1867 est,
728 1789 770 1849 itu
783 1797 812 1849 et
826 1808 946 1867 corpore
959 1797 1058 1847 nostre
1071 1809 1108 1847 ex
1123 1788 1239 1865 semine,
1255 1789 1336 1866 quod
1348 1789 1450 1849 itidem

247 1877 391 1929 terrenum
406 1878 458 1946 est,
475 1879 504 1929 et
518 1871 674 1930 meteriele.
703 1871 783 1947 Ergo
793 1870 927 1947 quemvis
940 1868 1045 1927 modus
1058 1867 1180 1928 actionis
1193 1868 1351 1946 singuleris
1364 1869 1452 1928 inerit

245 1957 379 2026 respectu
392 1949 509 2024 Adsmi,
524 1951 567 2009 rei
580 1959 678 2009 tamen
690 1959 793 2010 nature
807 1948 907 2008 eedem
924 1957 969 2008 est
987 1948 1149 2025 utrobique.
1192 1948 1275 2008 Idem
1297 1948 1450 2007 confirme-

245 2037 294 2088 tur
307 2049 345 2088 ex
360 2029 432 2087 Evae
446 2030 536 2108 ipsius
550 2029 747 2108 productione,
769 2029 853 2107 cujus
874 2035 954 2087 ortus
974 2027 1071 2104 quood
1091 2047 1195 2106 corpus
1215 2027 1391 2087 describitur
1412 2048 1450 2087 ex

245 2116 327 2168 costo
341 2107 458 2184 Ademi,
474 2110 526 2168 sed
540 2110 576 2168 de
591 2111 687 2169 enimc
699 2109 808 2168 mentio
821 2107 904 2167 nulls
916 2107 964 2184 fit;
980 2107 1066 2166 Unde
1080 2127 1140 2166 non
1154 2106 1275 2166 obscure
1290 2107 1448 2184 colligitur,

245 2188 405 2246 nonullam
419 2187 507 2248 fuisse
522 2190 663 2267 originem
685 2189 788 2248 enimse
811 2189 892 2262 Evae,
917 2186 955 2245 sb
978 2187 1089 2264 origine
1112 2188 1214 2246 snimae
1238 2186 1357 2262 Adsmi,
1381 2188 1451 2264 quie

244 2267 318 2325 alies
329 2267 429 2326 Moses
442 2268 516 2326 illud
529 2288 588 2328 non
601 2269 772 2344 reticuisset,
788 2267 835 2326 cui
848 2266 1026 2345 propositum
1038 2267 1196 2345 estprimes
1209 2285 1305 2326 rerum
1320 2267 1450 2326 omnium

244 2346 372 2422 origines
386 2346 566 2422 describere;
590 2349 629 2406 Et
643 2347 740 2406 Adem
754 2348 816 2425 ipse
829 2348 905 2404 hene
918 2345 1060 2423 origiuem
1073 2365 1133 2405 non
1146 2347 1318 2423 ignorasset,
1342 2347 1401 2405 imo
1421 2356 1450 2406 et

245 2425 438 2502 proedicesset,
453 2445 512 2485 nou
526 2426 649 2486 dixisset
661 2435 774 2486 tentum
787 2428 846 2484 leoec
859 2445 890 2484 oe
903 2434 945 2483 eet
961 2445 999 2484 ex
1012 2427 1116 2485 ossibus
1135 2427 1211 2500 meis,
1227 2426 1279 2485 sed
1299 2426 1399 2486 anicia
1413 2447 1451 2485 er

244 2503 342 2562 crinea
356 2523 426 2579 mea,
443 2504 550 2564 Genes.
565 2505 594 2564 ii.
610 2509 658 2580 23,
673 2505 752 2584 quod
766 2505 869 2564 fortius
883 2513 945 2564 eret
959 2505 997 2563 ed
1011 2505 1230 2583 exprimendum
1244 2507 1375 2584 conjugii
1386 2507 1450 2564 vin·

244 2582 351 2658 culum,
366 2583 446 2660 quod
459 2602 517 2642 non
531 2592 643 2644 tentum
655 2584 741 2644 debet
755 2603 818 2644 esse
832 2585 864 2643 in
878 2584 1056 2662 corporibus,
1072 2585 1122 2645 sed
1136 2593 1166 2645 et
1178 2586 1210 2643 in
1223 2586 1337 2645 enimis.
1390 2585 1449 2644 De·

244 2663 333 2740 nique
348 2663 373 2721 si
387 2663 490 2722 enimse
505 2662 621 2739 Ademi,
637 2673 667 2724 et
680 2673 844 2724 nostrerum
858 2663 975 2723 diverso
988 2675 1066 2724 esset
1080 2665 1170 2743 origo,
1185 2685 1244 2724 non
1257 2674 1379 2743 possent
1392 2666 1451 2724 dici

243 2742 374 2820 ejusdem
390 2743 503 2821 speciei,
519 2744 588 2820 quie
601 2745 652 2802 ille
665 2751 742 2804 esset
755 2763 793 2803 ex
807 2745 907 2820 nihilo,
928 2744 992 2804 istse
1005 2763 1075 2804 vero
1097 2764 1136 2804 ex
1158 2745 1333 2824 praejecente
1353 2746 1452 2824 ulique

242 2823 365 2881 materie
379 2823 464 2900 plene
478 2822 621 2884 dissimili.

285 2903 341 2961 IV.
366 2903 508 2979 Secundo,
525 2905 713 2982 eScrzpluroe
724 2905 892 2979 tmdmorriis,
907 2904 938 2962 in
952 2903 1058 2982 quibus
1068 2905 1149 2964 Deus
1162 2905 1338 2982 praedicetur
1346 2903 1451 2965 author

243 2991 276 3042 et
290 2983 408 3042 Creator
426 2985 530 3043 enimes
549 2985 688 3062 peculiari
707 2983 818 3044 ratione
832 2984 970 3043 distinete
989 3003 1008 3042 e
1027 3003 1154 3062 corpore,
1170 2985 1284 3044 Eccles.
1298 2984 1351 3044 xii
1367 2989 1395 3061 7,
1411 2987 1453 3044 Et

245 3063 347 3122 redrbit
359 3065 454 3140 puluis
475 3065 505 3124 in
519 3073 635 3141 mam,
655 3067 887 3142 quemadmodum
901 3067 1011 3140 firmet,
1034 3065 1150 3141 spiritu
1171 3075 1265 3124 cutem
1286 3065 1392 3124 redebit
1411 3068 1453 3125 ad

246 3145 349 3218 Deum,
365 3145 415 3221 qus*
427 3147 546 3204 dedcrm
557 3145 644 3220 ellum
659 3145 710 3205 ubi
723 3145 906 3204 menifestum
920 3144 1074 3203 discrimen
1087 3153 1204 3204 notetur
1216 3145 1294 3204 inter
1311 3153 1408 3204 ortum
1421 3155 1450 3204 et

245 3222 394 3282 interitum
408 3225 537 3301 eorporis
559 3233 589 3284 et
610 3225 715 3302 enimi3
745 3225 824 3284 Illud
844 3224 949 3282 dieitur
969 3223 1062 3283 redire
1082 3225 1112 3282 in
1133 3225 1291 3301 pulverem,
1306 3224 1387 3285 unde
1402 3226 1449 3284 de-

246 3311 392 3379 sumptum
406 3304 517 3379 fuerot3
541 3304 600 3363 Hie
613 3323 683 3364 vero
697 3304 791 3364 redire
804 3304 841 3362 ed
857 3305 960 3378 Deum,
975 3304 1026 3380 qui
1039 3303 1120 3363 dedit
1133 3323 1208 3364 eum.
1245 3305 1289 3365 Ut
1301 3323 1375 3382 ergo
1388 3324 1449 3364 eor-

245 3399 300 3456 pus
315 3399 349 3440 eo
363 3381 445 3457 redit,
461 3381 538 3441 unde
552 3382 640 3442 hebet
654 3385 804 3461 originem,
826 3383 868 3442 ite
891 3391 920 3442 et
933 3383 1064 3443 enimus:
1085 3383 1164 3462 quod
1177 3384 1284 3443 elerins
1298 3385 1449 3444 confirme-

243 3467 393 3596 pppnppruplp
404 3461 485 3596 puod
499 3459 605 3520 dicitur
619 3463 700 3522 Deus
714 3467 786 3522 dore
806 3463 953 3539 spiritum:
981 3463 1058 3540 quod
1078 3483 1137 3522 non
1150 3471 1246 3542 potest
1266 3465 1395 3542 intelligi
1414 3464 1451 3523 de

425 3539 520 3598 atione
534 3559 586 3617 per
599 3560 770 3601 concursum
790 3561 856 3601 oum
877 3543 972 3602 causis
993 3542 1134 3616 secundis,
1150 3544 1192 3602 sic
1210 3543 1287 3603 enim
1301 3553 1332 3603 et
1346 3563 1451 3622 corpus

246 3617 341 3695 ipsum
355 3637 412 3675 non
426 3617 522 3677 minus
536 3619 594 3697 det,
610 3639 697 3698 quem
718 3622 854 3696 animum,
874 3623 944 3698 quie
957 3624 1106 3700 utriusque
1120 3633 1165 3683 est
1178 3641 1265 3682 ceusu
1279 3625 1383 3701 prims,
1397 3643 1451 3683 nec
1567 3659 1568 3662 =

245 3698 320 3757 bene
333 3697 391 3757 ω’
404 3703 517 3757 ἐπίθεσιν
537 3699 680 3759 diceretur
693 3701 808 3760 dedisse
823 3701 953 3779 spiritum
966 3723 973 3780 3
1003 3702 1055 3762 sed
1068 3704 1105 3762 de
1124 3703 1240 3782 propris
1260 3713 1291 3763 et
1310 3705 1451 3781 peculiari

196 3791 201 3803 '
245 3777 373 3856 quedem
387 3789 467 3839 ortus
480 3777 599 3855 ratione,
615 3799 679 3858 quae
694 3780 807 3858 corpori
819 3801 879 3840 non
892 3783 1038 3860 competit.
1081 3783 1142 3842 Neo
1156 3781 1319 3858 dicendum,
1335 3784 1393 3844 hoe
1413 3783 1450 3843 sd

246 3859 368 3938 primum
382 3859 490 3919 Ademi
512 3861 685 3920 creationem
709 3861 816 3936 referri,
840 3861 909 3939 quie
931 3881 1043 3940 scopus,
1061 3863 1158 3939 verbe,
1177 3871 1209 3922 et
1226 3863 1451 3922 circumstantis

246 3945 346 3999 textus
370 3939 508 4000 evincunt
530 3939 578 4018 egi
602 3940 638 4000 de
660 3940 805 4000 ordinario
827 3941 977 4001 hominum
999 3951 1064 4003 ortu
1087 3952 1118 4002 et
1140 3943 1266 4016 interitu,
1290 3943 1451 4002 seeundum

245 4037 333 4097 quem
348 4039 467 4098 corpore
480 4019 602 4080 redeunt
614 4021 645 4078 in
658 4021 816 4098 pulverem,
831 4021 862 4079 id
882 4031 927 4081 est
940 4022 970 4080 in
984 4031 1098 4100 terrem,
1113 4023 1191 4082 unde
1205 4023 1359 4100 desumpto
1373 4032 1449 4098 sunt,

247 4100 365 4176 spiritus
379 4120 448 4159 vero
467 4100 590 4160 redeunt
610 4099 649 4160 ed
664 4101 758 4161 Deum
775 4100 913 4178 judicem,
928 4099 979 4179 qui
992 4101 1074 4161 dedit
1092 4101 1167 4180 illos,
1189 4103 1237 4162 rel
1257 4103 1297 4161 sd
1317 4103 1449 4182 gloriam,
1567 4149 1568 4166 ι

246 4178 503 4320 velvidziiriaffn.
520 4263 546 4336 1,
562 4260 677 4320 mmm
690 4261 814 4336 resne,
840 4261 891 4340 φα·
910 4262 1034 4321 meum
1053 4264 1141 4337 ceos,
1163 4271 1191 4322 e
1199 4263 1313 4340 smne
1331 4271 1449 4338 mma,

237 4341 406 4416 formatque
425 4341 553 4416 spiritum
567 4341 685 4400 dominio
699 4341 728 4399 in
741 4343 833 4401 medio
846 4345 914 4418 ejtm
956 4341 1043 4401 Unde
1059 4342 1212 4420 multiplex
1226 4342 1344 4402 ducitur
1364 4361 1449 4420 ergn-

245 4426 375 4477 mentum
388 4439 440 4496 pro
455 4420 598 4479 creatione
612 4420 771 4479 animarum
785 4429 885 4480 contre
897 4419 1062 4498 elemento.
1086 4425 1112 4481 1.
1144 4423 1193 4482 uie
1208 4422 1315 4481 dieitur
1328 4421 1451 4481 formare

138 4527 142 4535 .
247 4497 378 4572 spiritum
393 4499 422 4555 in
436 4499 532 4557 medio
546 4500 690 4575 hominis;
713 4501 793 4578 Ergo
816 4501 982 4562 immediate
998 4501 1086 4562 debet
1107 4501 1114 4516 '
1139 4521 1187 4561 um
1202 4501 1362 4580 producere
1387 4503 1448 4562 sine

246 4573 411 4634 interventu
425 4578 559 4638 hominis.
581 4584 610 4638 2.
625 4581 695 4656 quio
707 4578 841 4640 formatio
855 4581 981 4660 spiritus,
997 4583 1184 4662 conjungitur
1198 4602 1263 4642 cum
1279 4583 1450 4642 extensione

244 4651 320 4724 coeli,
343 4660 372 4710 et
385 4653 552 4716 fundatione
573 4665 665 4735 terroe,
688 4667 825 4736 tunquam
839 4661 971 4738 ejusdem
986 4661 1096 4721 ordinis
1109 4669 1138 4720 et
1159 4661 1283 4738 gradum
1315 4661 1358 4722 Ut
1378 4681 1448 4740 ergo
