3250 5176
256 329 317 388 554
751 343 842 386 rocus
856 344 960 388 nonus.
1263 324 1390 406 [eumer.
1405 347 1475 392 vru.

254 485 348 562 istius,
364 504 430 563 quae
444 485 474 544 in
497 483 645 563 Sapientia
659 491 688 544 et
708 484 867 546 Sanctitate
889 485 985 563 posita
1005 490 1074 560 erat,
1097 503 1162 562 quae
1181 485 1305 562 justitia
1325 488 1469 566 orginalis

254 568 370 624 nomine
386 567 460 626 solet
474 565 633 642 designari;
656 585 714 642 quo
729 585 817 626 sensu
830 566 861 623 in
875 565 1010 642 praesenti
1024 565 1190 640 Quaestione
1204 565 1242 625 dc
1255 587 1292 626 ea
1305 569 1409 644 agitur.

297 647 353 706 IV.
375 647 522 706 &ciniani
535 645 652 723 quidem
674 645 831 722 imaginem
852 645 938 704 istam
957 664 1009 722 per
1028 645 1142 722 lapsum
1164 645 1273 704 Ademi
1295 649 1357 706 ullo
1378 647 1467 708 modo

255 726 392 785 amissam
406 747 469 785 esse
483 736 598 803 negant,
614 734 714 802 utpote
729 743 817 803 quam
838 725 981 802 integram
996 744 1146 802 superesse
1161 725 1256 785 adhuc
1276 728 1465 804 contendant,

255 807 329 866 Soet.
350 807 475 884 praeloct.
498 826 522 864 c.
545 808 572 878 3,
595 805 709 864 Smetri.
732 813 808 864 cont
837 805 953 864 Frantz.
977 805 1060 882 Disp.
1076 809 1103 864 7.
1145 808 1374 865 Remorrstraates
1394 827 1467 866 vero

255 885 382 945 fetentur
401 885 547 944 Adamum
561 885 646 962 lapsu
661 904 713 944 suo
727 885 876 960 meruisse,
892 893 925 944 ut
945 885 1026 944 Deus
1046 885 1161 961 abipso
1171 885 1299 946 auferret
1318 887 1466 964 justitiam

256 966 443 1043 originalem
468 963 527 1024 Sed
547 973 657 1042 negant
670 985 736 1024 eum
750 973 818 1024 actu
838 965 902 1042 ipso
921 964 1002 1024 illem
1022 964 1171 1042 amisisse,
1194 965 1279 1040 Quod
1297 967 1361 1025 ideo
1381 985 1464 1026 asse-

256 1054 331 1122 runt,
353 1064 390 1104 ne
404 1053 547 1122 cogantur
567 1064 725 1121 agnoscere
746 1045 894 1104 hominem
908 1063 1022 1104 omnem
1040 1045 1186 1121 justitiam
1203 1045 1371 1123 originalem
1387 1047 1462 1104 ami-

256 1125 336 1201 sisse,
352 1125 482 1202 adeoque
497 1125 525 1183 ei
538 1144 596 1183 non
611 1125 734 1203 amplius
749 1145 900 1202 superesse
915 1124 1038 1183 liberum
1052 1124 1212 1184 arbitrium.

297 1205 336 1263 V.
359 1205 420 1263 Nos
434 1225 504 1263 vero
519 1203 716 1264 Amissiouem
731 1205 874 1282 Imaginis
894 1204 1010 1279 divinae,
1026 1223 1078 1263 seu
1091 1205 1222 1264 Justitiae
1236 1205 1393 1282 originalis,
1409 1204 1464 1264 du·

254 1285 374 1362 pliceter
386 1285 501 1363 lapsum
515 1284 624 1342 Adami
638 1293 766 1344 secutam
780 1284 870 1343 fuisse
885 1283 1048 1359 statuimus,
1072 1293 1134 1344 tum
1149 1286 1291 1344 meritorie
1304 1293 1334 1344 et
1347 1286 1466 1344 morali·

255 1375 306 1440 ter,
321 1373 440 1443 propter
454 1363 663 1424 ordinationem
681 1364 819 1439 divinam,
835 1373 897 1423 tum
913 1365 1061 1436 efficimter
1075 1372 1105 1423 et
1118 1365 1244 1440 realiter,
1259 1373 1378 1442 propter
1397 1384 1467 1442 pee-

258 1446 316 1504 cati
330 1445 415 1504 istius
429 1444 611 1521 gravitatem.

296 1525 353 1585 VI.
376 1524 516 1584 Rationes
531 1532 606 1584 aunt.
631 1526 658 1582 l.
674 1523 749 1598 Quia
768 1523 823 1583 luit
836 1523 950 1583 aversio
964 1532 994 1584 et
1008 1524 1152 1601 apostasia
1165 1524 1263 1584 totalis
1282 1544 1301 1582 a
1322 1525 1386 1583 Deo
1399 1531 1465 1584 tan-

255 1625 343 1683 quam
357 1625 374 1663 a
389 1623 500 1663 summo
513 1604 590 1663 bono
605 1612 634 1662 et
647 1604 748 1662 ultimo
762 1604 839 1678 tine,
862 1613 972 1664 mutato
986 1614 1082 1664 eutem
1096 1604 1153 1663 fine
1167 1605 1278 1679 ultimo,
1290 1605 1341 1681 qui
1355 1604 1386 1662 iu
1399 1625 1463 1662 mo·

255 1685 365 1744 retibus
386 1685 519 1761 principii
540 1684 788 1761 universalissimi,
814 1683 892 1742 unde
912 1685 1024 1762 reliqua
1047 1684 1182 1761 pendent,
1204 1684 1343 1743 rationem
1364 1684 1463 1759 habet,

255 1764 375 1822 moralia
389 1764 485 1822 omnia
499 1764 604 1822 mutari
617 1783 737 1824 neeesse
751 1773 803 1840 est,
819 1772 854 1823 ut
864 1764 927 1841 jam
940 1765 1027 1824 homo
1042 1785 1059 1823 a
1074 1765 1137 1823 Deo
1151 1764 1237 1842 plane
1251 1783 1370 1824 aversus
1387 1772 1417 1822 et
1431 1763 1464 1821 in

257 1844 384 1921 seipsum
396 1863 561 1918 conversus,
575 1843 611 1902 de
626 1853 704 1903 statu
715 1863 768 1903 suo
781 1844 867 1903 beato
878 1845 1009 1904 absolute
1024 1844 1201 1920 deturbatus,
1214 1863 1267 1903 uec
1278 1844 1309 1901 in
1318 1843 1465 1921 integrum

258 1924 372 1982 restitui
386 1923 444 1982 nisi
457 1943 508 2000 per
523 1923 579 1983 Dei
593 1923 770 2002 singularem
784 1923 1010 1984 misericordiam
1024 1924 1129 1984 valeat

297 2003 371 2062 VII.
395 2004 538 2080 Secundo,
562 2003 637 2078 Quia
658 2013 807 2082 peecatum
823 2003 902 2062 istud
921 2023 980 2062 uon
1001 2004 1173 2080 particulare
1193 2004 1256 2080 fuit,
1272 2003 1324 2063 sed
1345 2004 1464 2064 univer·

257 2085 326 2159 sale,
342 2084 421 2162 quod
435 2084 525 2143 totius
541 2083 629 2160 Legis
644 2084 831 2143 violationem
852 2092 918 2161 post
935 2103 965 2143 se
984 2083 1093 2160 traxit,
1115 2083 1191 2143 unde
1210 2103 1269 2142 non
1288 2085 1384 2161 potuit
1404 2103 1466 2143 uon

257 2184 371 2224 omnem
396 2164 576 2223 rectitudinis
600 2164 731 2224 habitum
754 2173 898 2240 excutere,
922 2171 951 2222 et
974 2163 1179 2224 conscientiam
1201 2165 1265 2241 ejus
1283 2173 1407 2238 vastare,
1430 2172 1466 2223 ut

255 2245 330 2303 nihil
344 2253 508 2321 superesset
520 2243 637 2318 residui,
652 2244 711 2302 nisi
724 2243 848 2303 infelicis
862 2243 1006 2320 naufragii
1020 2243 1126 2302 tabulae
1150 2251 1180 2302 et
1193 2243 1297 2304 rudera
1317 2243 1462 2321 quaedam,

256 2345 321 2402 quae
337 2324 418 2382 Deus
441 2343 589 2400 superesse
611 2323 706 2383 adhuc
719 2323 830 2398 voluit;
852 2333 914 2383 tum
928 2332 961 2383 ut
979 2343 1017 2383 ex
1037 2323 1073 2382 iis
1094 2324 1215 2401 integrae
1236 2323 1305 2381 olim
1326 2323 1464 2400 imaginis

255 2404 423 2482 praestantia
436 2412 649 2480 agnosceretur,
665 2411 727 2464 tum
741 2411 774 2463 ut
788 2411 865 2461 esset
879 2404 1027 2463 vinculum
1042 2411 1170 2462 externe
1183 2403 1343 2480 disciplina
1364 2403 1394 2460 iu
1416 2422 1462 2462 so·

255 2483 359 2541 cietate
373 2483 499 2559 politica,
515 2501 551 2541 ue
564 2482 690 2540 mundus
704 2483 735 2540 in
753 2483 935 2542 latrocinium
958 2483 1066 2559 abiret3
1088 2491 1151 2542 tum
1169 2491 1203 2542 ut
1226 2503 1264 2542 ex
1286 2483 1344 2542 illis
1368 2482 1463 2541 veluti

254 2562 345 2620 ruinis
359 2581 467 2619 novum
481 2581 554 2638 opus
568 2570 727 2637 exaruerat,
743 2570 772 2621 et
790 2581 899 2620 novum
920 2563 1067 2621 hominem
1085 2562 1221 2622 formaret
1245 2562 1283 2621 ad
1302 2561 1461 2639 imaginem

261 2641 382 2700 eandem
397 2640 434 2698 ad
448 2659 535 2716 quam
548 2641 628 2718 prius
642 2659 756 2700 eramus
770 2640 888 2717 conditi,
905 2642 967 2701 Col.
982 2642 1023 2701 iii.
1040 2645 1086 2702 10.

295 2719 387 2779 VIII.
410 2719 516 2796 Tertio,
533 2721 608 2794 Quia
621 2721 738 2780 nuditas
752 2721 901 2780 hominnm
917 2721 1064 2798 lapsorum
1085 2723 1198 2781 notavit
1210 2722 1391 2782 amissionem
1406 2741 1461 2782 seu

254 2801 446 2880 privationem
459 2799 609 2875 bonorum,
625 2801 731 2878 quibus
745 2800 912 2878 gaudebant
925 2810 1019 2861 antea.
1055 2803 1095 2861 Et
1108 2801 1248 2861 nuditatis
1261 2802 1344 2862 istius
1358 2821 1463 2862 sensus

255 2890 284 2940 et
297 2880 398 2958 pudor,
415 2879 526 2956 aliquid
539 2880 569 2938 in
583 2881 699 2940 homine
713 2880 880 2958 pudendum
894 2882 1042 2959 arguebat,
1058 2881 1143 2959 quale
1162 2882 1192 2940 iu
1215 2882 1271 2940 Dei
1291 2901 1374 2960 opere
1396 2882 1461 2942 sine

256 2961 400 3034 Creatoris
414 2960 595 3020 Contumelia
616 2961 738 3038 cogitari
751 2981 809 3020 uon
823 2970 926 3039 potest,
943 2961 1021 3038 quod
1034 2981 1093 3022 uon
1107 2969 1166 3020 tam
1180 2961 1235 3021 fuit
1257 2961 1373 3020 nuditas
1387 2961 1460 3021 Cor-

257 3041 345 3120 poris,
362 3061 426 3118 quae
440 3060 492 3118 per
506 3059 537 3100 ae
550 3040 717 3100 indifferens
732 3041 794 3117 fuit,
810 3042 867 3100 imo
882 3061 947 3118 quae
960 3041 1054 3118 potuit
1068 3060 1131 3100 esse
1146 3041 1279 3118 gloriosa,
1295 3061 1382 3118 quam
1405 3061 1461 3100 nu-

256 3121 332 3182 ditas
346 3122 450 3180 animae
465 3141 502 3180 ex
516 3121 677 3198 privatione
692 3121 802 3181 dotium
816 3121 986 3180 eximiarum
1002 3121 1107 3197 quibus
1125 3121 1217 3180 veluti
1239 3121 1342 3180 induta
1366 3129 1396 3180 et
1409 3141 1462 3180 ex·

256 3211 360 3260 ornata
373 3201 485 3276 fuerat;
507 3210 624 3278 propter
638 3221 724 3278 quam
738 3202 840 3260 merito
854 3200 964 3278 pudore
979 3199 1106 3260 suffundi
1120 3200 1228 3260 debuit.

296 3281 356 3340 IX.
379 3280 497 3355 Quarto,
514 3281 589 3354 Quia
604 3280 684 3340 Deus
698 3281 773 3340 hanc
791 3280 983 3358 privationem
1005 3281 1049 3338 illi
1070 3280 1270 3340 interminatus
1294 3289 1358 3356 est;
1380 3300 1461 3342 mors

255 3361 331 3418 enim
346 3379 432 3436 quam
447 3359 491 3417 illi
505 3361 637 3436 peccanti
651 3361 844 3435 denunciavit,
863 3379 922 3418 non
935 3360 1031 3420 minus
1052 3360 1229 3438 spiritualem
1244 3359 1274 3416 in
1294 3360 1460 3436 privatione

251 3439 374 3514 justitiae
390 3437 548 3514 originalis,
564 3447 594 3496 et
608 3447 686 3498 statu
704 3440 823 3516 peccati,
847 3459 934 3517 quam
956 3440 1144 3516 temporalem
1166 3449 1195 3499 et
1219 3447 1356 3498 aetermam
1380 3459 1459 3498 com-

254 3516 442 3596 plectebatur,
457 3524 491 3574 ut
505 3535 557 3575 suo
571 3517 636 3575 loco
651 3518 805 3578 ridebitur.

295 3595 337 3654 X.
360 3595 476 3670 Quinto,
493 3594 567 3667 Quia
581 3596 675 3672 qualis
689 3598 775 3656 homo
796 3597 925 3658 nascitur
948 3599 1043 3674 hodie,
1067 3599 1134 3658 talis
1158 3598 1213 3658 tuit
1237 3597 1367 3657 Adamus
1388 3605 1458 3674 post

252 3677 375 3754 lapsum,
392 3674 533 3752 siquidem
542 3676 680 3752 quicquid
693 3676 781 3735 habet
795 3697 813 3734 a
826 3685 937 3753 natura,
953 3678 990 3736 ab
1005 3679 1067 3755 ipso
1082 3677 1198 3737 Adamo
1213 3678 1351 3755 originem
1365 3676 1455 3736 ducit.

254 3756 298 3816 At
311 3756 438 3815 nascitur
452 3775 517 3814 cum
530 3755 689 3814 universali
702 3756 893 3832 conuptione,
913 3776 972 3816 non
986 3766 1098 3818 tantum
1118 3759 1263 3836 privativa
1283 3757 1351 3816 boui
1370 3764 1457 3816 autea

253 3837 373 3914 accepti,
390 3835 541 3894 sedetiam
560 3835 686 3913 positiva
704 3836 773 3894 mali
796 3836 936 3912 accersiti,
960 3838 1022 3897 sive
1042 3837 1139 3914 quoad
1159 3839 1320 3897 officiatem
1341 3837 1456 3913 mentis,

254 3917 316 3976 sive
331 3915 427 3993 quoad
440 3917 545 3987 deuicto
559 3916 736 3992 voluntatis;
759 3915 835 3976 unde
849 3936 908 3974 nou
922 3917 1008 3975 modo
1023 3935 1127 3992 coeous,
1144 3917 1196 3975 sed
1210 3917 1327 3976 coeeitas
1346 3917 1409 3994 ipsa
1428 3925 1459 3976 et

253 3996 379 4054 tenebrae
394 4004 522 4072 vocatur,
538 4015 596 4054 uon
610 3995 696 4054 modo
709 4005 860 4073 corruptus
875 4005 904 4055 et
918 4015 1003 4073 aeger,
1019 3995 1071 4055 sed
1084 4005 1210 4056 moratae
1231 3996 1344 4072 dicitiu,
1366 3997 1405 4055 id.
1427 3997 1459 4054 iu

255 4075 339 4134 totali
354 4075 392 4134 ad
404 4075 514 4134 bouum
528 4075 705 4152 impotentia.

295 4155 355 4213 XI.
377 4154 463 4229 Quod
476 4154 582 4214 dicitur
595 4175 681 4214 caum
694 4164 788 4214 aetam
801 4176 856 4214 noa
869 4175 953 4231 posse
967 4157 1063 4214 tollere
1084 4156 1223 4232 integram
1244 4155 1376 4231 habitum,
1397 4175 1457 4214 non

190 4305 191 4310 ἵ
253 4243 348 4313 potest
362 4234 565 4293 universaliter
578 4233 700 4308 admitti,
717 4235 871 4312 nequidem
885 4235 1044 4294 secundum
1059 4235 1254 4313 Philosophos
1268 4235 1355 4312 ipsos,
1369 4236 1458 4314 juxta

253 4333 326 4393 quos
341 4313 446 4372 dantur
458 4322 541 4372 aetus
554 4313 672 4391 quidam
687 4314 759 4373 adeo
779 4334 918 4388 enormes,
939 4323 972 4374 ut
990 4321 1083 4374 totum
1104 4315 1209 4374 tollant
1227 4315 1359 4373 habitum
1377 4323 1456 4374 anta-

253 4412 394 4470 gresaum,
409 4413 438 4450 v.
454 4413 483 4470 g.
503 4401 585 4452 actus
604 4393 731 4452 incestus
756 4401 848 4453 totum
873 4394 1004 4452 habitum
1028 4393 1179 4468 castitatis,
1206 4402 1289 4454 acore
1313 4393 1458 4472 patricidii

252 4491 379 4530 amorem
393 4480 545 4549 paternum
559 4473 644 4548 tollit,
660 4481 689 4531 et
703 4473 766 4532 sim.
788 4477 815 4532 2.
832 4473 898 4532 Hoc
913 4473 961 4532 vel
981 4472 1094 4532 minimi
1115 4475 1226 4552 peccati
1247 4474 1381 4534 meritum
1402 4483 1453 4548 est,

251 4557 285 4606 ut
298 4549 442 4608 hominem
458 4572 475 4609 a
489 4553 545 4610 Dei
560 4553 759 4611 commuuione
784 4561 939 4628 removeat,
964 4553 1106 4631 istiusque
1127 4573 1228 4631 pacem
1250 4561 1281 4613 et
1300 4553 1453 4614 amicitiem

251 4633 374 4699 rumpat.
417 4629 514 4688 Homo
529 4638 625 4689 autem
639 4637 722 4689 extra
737 4631 792 4690 Dei
815 4631 1046 4692 communionem
1067 4635 1188 4711 positus,
1212 4633 1350 4710 nullaque
1366 4631 1451 4709 Spiri·
