3250 5176
265 317 323 382 556
755 315 975 379 'mmsrovua
1285 315 1472 399 [comm.

302 483 341 542 V.
362 479 418 541 Oui
432 480 595 558 oppositum
609 479 663 540 fuit
678 481 834 540 Decretum
850 481 961 559 Synodi
976 470 1138 538 Natiouaiis
1151 475 1382 538 Gareutonieusis
1396 499 1468 539 aun.

263 565 350 638 1644,
366 581 425 640 quo
440 562 568 620 sancitur
581 567 610 620 at
623 561 809 621 confirmatur
821 569 937 639 recepta
957 561 987 619 iu
1002 557 1142 618 Eooleeiis
1162 559 1269 618 uostris
1281 557 1412 618 doctrina
1426 561 1468 621 ds

259 643 345 722 primi
359 642 470 720 peccati
484 639 559 700 Adae
577 641 774 720 imputatione,
789 651 820 702 et
833 639 1015 700 hereditaria
1028 638 1219 715 corruptione,
1233 657 1299 716 quas
1312 638 1350 698 ad
1363 659 1467 701 omues

258 723 416 782 derivatur.
458 722 549 800 Cujus
570 721 633 781 heo
654 730 722 781 suut
741 721 840 798 verba,
868 722 970 781 “Cum
994 719 1117 778 relatum
1141 728 1218 778 esset
1239 717 1278 777 ad
1303 719 1465 798 Synodum‚

255 803 364 881 scripta
373 801 514 879 quaedam,
527 801 584 860 alia
594 802 673 879 typis
687 801 833 879 evulgata,
845 801 903 860 alia
916 819 1003 860 manu
1016 806 1144 873 exarata,
1156 797 1290 876 prudiise,
1297 819 1363 876 qua
1373 809 1467 860 totam

256 883 397 942 rationem
417 882 528 960 pocomi
548 881 698 958 originalis
711 882 775 942 sola
788 880 970 959 corruptione
984 878 1166 938 haereditaria
1178 879 1209 936 in
1223 879 1355 938 omuibus
1369 881 1464 939 homi·

256 963 342 1021 nibus
356 963 514 1020 inhaerente
528 961 678 1038 definiunt,
694 969 723 1022 at
743 961 829 1040 primi
848 961 960 1039 peccati
974 959 1084 1020 Adami
1103 959 1319 1036 imputationem
1332 970 1464 1038 negantz

257 1041 415 1100 Damnavit
431 1041 567 1118 Synodus
580 1039 741 1101 doctrinam
755 1041 907 1120 ejusmodi,
923 1050 1066 1118 quatenus
1085 1039 1197 1116 peccati
1214 1038 1363 1116 originalis
1376 1049 1465 1100 natu·

254 1141 317 1180 ram
330 1122 368 1182 ad
381 1122 594 1199 corruptionem
613 1122 825 1181 haereditariam
845 1131 1026 1200 posterorum
1041 1119 1116 1178 Adae
1130 1119 1171 1179 ita
1183 1119 1341 1198 restringit,
1354 1129 1388 1180 ut
1407 1121 1463 1179 im·

254 1203 432 1280 putationem
447 1201 585 1262 excludat
597 1202 683 1280 primi
702 1202 782 1262 illius
801 1202 922 1280 peccati,
938 1221 996 1280 quo
1010 1201 1109 1278 lapsus
1123 1207 1168 1258 est
1181 1198 1297 1260 Adam:
1319 1198 1464 1278 Adeoque

253 1283 383 1340 censuris
394 1281 527 1340 omnibus
543 1281 755 1342 Ecclesiasticis
769 1281 966 1360 subjiciendos
975 1281 1096 1355 censuit,
1110 1279 1251 1356 Pastores,
1269 1279 1463 1356 Professores,
1590 1302 1593 1314 ·

254 1370 284 1420 et
305 1381 493 1440 quoscunque
517 1363 598 1437 alios,
620 1363 670 1439 qui
694 1362 833 1440 inhujus
857 1361 1025 1440 quaestionis
1046 1359 1253 1437 disceptatione
1278 1378 1296 1418 a
1316 1360 1465 1419 communi

256 1443 400 1501 sententia
419 1442 590 1501 recesserint
611 1441 807 1502 Ecclesiarum
828 1441 1063 1516 Protesteutium,
1078 1459 1144 1517 que
1158 1459 1258 1498 omues
1277 1439 1419 1500 hactenus
1434 1449 1466 1500 et

257 1521 476 1599 corruptionem
491 1521 571 1580 illam
585 1529 614 1580 et
629 1521 852 1601 Imputationem
872 1520 947 1580 hauc
967 1521 999 1579 in
1022 1539 1122 1579 omues
1136 1518 1246 1578 Adami
1265 1527 1394 1597 posteros
1408 1519 1463 1579 de·

256 1600 442 1661 scandentem
456 1603 667 1678 agnoverunt,”
683 1599 737 1660 tec.

295 1681 351 1740 VI.
377 1681 420 1740 Ut
439 1701 509 1739 vero
531 1681 592 1738 vim
615 1681 733 1740 Decreti
753 1680 838 1740 istius
862 1680 1001 1758 Synodioi
1022 1679 1180 1738 declinaret
1192 1677 1232 1738 V.
1253 1679 1300 1756 1),
1326 1677 1463 1738 distinxit

255 1767 357 1838 postea
370 1761 596 1836 imputationem,
611 1760 643 1818 in
657 1761 847 1820 immediatam
860 1771 888 1819 et
899 1761 1111 1835 antecedentem,
1126 1767 1157 1817 et
1169 1758 1322 1817 mediatam
1332 1767 1359 1816 et
1367 1779 1462 1818 conae·

254 1849 399 1917 quantem:
420 1840 507 1898 Illem
527 1849 622 1916 vocat,
645 1859 703 1918 qua
723 1840 798 1900 actio
820 1839 927 1900 Ademi
948 1841 1013 1920 ejus
1036 1839 1160 1918 posteris
1181 1838 1323 1914 omnibus,
1346 1839 1464 1898 Christo

254 1929 387 1998 excepto,
401 1920 542 1998 proxime,
564 1920 738 1996 immediate,
753 1921 808 1979 boc
828 1922 892 1999 ipso
906 1921 986 1998 quod
1007 1928 1075 1979 sunt
1093 1919 1148 1977 filii
1160 1917 1277 1992 Adami,
1293 1919 1463 1997 imputatur,

254 2008 314 2059 tem
328 2000 367 2059 ad
379 2000 572 2078 privationem
587 2000 709 2078 justitia
724 2001 882 2078 originalis,
898 2019 985 2078 quam
999 1999 1036 2058 ad
1049 2007 1171 2058 mortem
1185 2007 1331 2074 aeternam,
1346 2007 1463 2058 antece-

253 2080 357 2140 denter
369 2080 407 2139 ad
420 2081 632 2158 corruptionem
647 2081 852 2141 inhaerentem:
874 2081 965 2140 Istam
976 2099 1054 2154 vero,
1070 2097 1136 2157 quse
1145 2078 1333 2138 hereditariae
1344 2089 1463 2157 corrup

253 2160 342 2220 tionis
356 2161 386 2218 iu
399 2181 453 2220 uos
467 2161 504 2220 ab
516 2161 632 2220 Adamo
641 2161 782 2220 derivatae
795 2161 931 2221 intuitum
943 2160 1136 2238 eoumquitur,
1147 2177 1238 2236 eaque
1251 2157 1398 2218 mediante
1411 2159 1467 2237 fit,

253 2239 343 2318 hujus
356 2241 433 2300 enim
459 2242 650 2320 oonuptionis
671 2241 890 2319 participatione
911 2240 1013 2300 statuit
1034 2259 1088 2298 nos
1110 2239 1320 2298 communicare
1341 2249 1463 2317 peceato

254 2319 372 2396 Adami,
388 2322 472 2398 eique
485 2321 671 2382 habitualiter
685 2321 855 2396 consentire,
871 2341 905 2380 ac
918 2341 971 2399 pro
991 2327 1070 2380 terea
1082 2319 1188 2397 dignos
1202 2337 1264 2378 esse
1278 2319 1330 2397 qui
1344 2317 1463 2378 Adamo

252 2401 398 2476 peccatori
420 2419 649 2460 annumeremur.
692 2400 778 2459 Hanc
798 2400 863 2459 vult
885 2339 1035 2478 synodum
1056 2417 1191 2474 asserem,
1215 2406 1298 2458 etse
1322 2417 1388 2458 eum
1410 2399 1464 2458 illa

253 2497 420 2554 agnoscere,
436 2479 560 2540 sednon
574 2479 664 2539 illam.
706 2479 817 2538 Verum
832 2480 857 2538 si
877 2481 1004 2558 penitius
1017 2499 1064 2539 res
1078 2478 1250 2554 attendatur,
1265 2497 1325 2537 nou
1339 2477 1462 2538 obscure

253 2557 364 2636 patebit
384 2557 598 2618 distinctionem
620 2559 705 2618 istam
727 2559 764 2618 ad
785 2558 883 2618 lucum
905 2559 1069 2619 faciendum
1088 2577 1152 2618 esse
1169 2559 1371 2636 excogitatam,
1395 2579 1463 2636 quae

253 2657 366 2777 titt
381 2637 1016 2794 insitititilittdteittd
1033 2637 1462 2778 &timiditatis

253 2797 296 2856 rei
307 2797 516 2873 constituimur,
528 2806 558 2857 et
568 2798 688 2858 obnoxii
698 2739 887 2876 pceuaelimus
897 2809 1014 2878 propter
1024 2737 1236 2876 cormptiddbm
1249 2737 1463 2858 helladium

253 2897 340 2955 quam
355 2878 392 2936 ab
406 2877 523 2936 Adamo
536 2878 686 2956 habitans,
700 2879 782 2938 nulla
792 2879 847 2938 erit
859 2879 1012 2958 imputatio
1025 2879 1140 2956 proprie
1153 2878 1265 2956 peceati
1275 2878 1390 2954 Adami,
1406 2879 1462 2938 sed

254 2965 366 3017 tantum
379 2957 455 3018 labis
476 2957 662 3036 inherentis3
685 2959 770 3034 Quod
789 2959 924 3037 Synodus
938 2959 1130 3038 proscriptum
1143 2957 1245 3033 voluit,
1261 2957 1329 3036 quia
1347 2959 1462 3035 peccati

253 3037 404 3115 origiualis
424 3037 498 3098 duas
517 3045 615 3118 partes
631 3039 790 3117 coustituit,
806 3039 1018 3118 corruptionem
1032 3039 1228 3114 iuberentom,
1243 3045 1274 3098 et
1293 3037 1460 3116 imputatio·

254 3137 338 3194 nem;
361 3118 441 3196 quod
460 3119 519 3178 dici
540 3139 599 3180 non
621 3127 727 3198 posset,
751 3120 777 3179 si
797 3119 949 3198 imputatio
969 3137 1028 3178 non
1042 3118 1220 3180 aliterfieret
1233 3137 1321 3195 quem
1343 3135 1462 3196 eorrup-

253 3198 342 3257 tionis
364 3199 538 3259 interventu.
580 3199 673 3259 Aliud
695 3201 772 3258 enim
796 3209 841 3259 est
863 3200 981 3259 subesse
1005 3199 1055 3256 irae
1079 3197 1135 3257 Dei
1158 3205 1188 3257 et
1211 3197 1462 3258 condemnationis

252 3277 346 3337 reatui
359 3287 477 3356 propter
486 3281 699 3358 corruptionem
712 3279 898 3338 inhaerentem
913 3287 943 3338 ot
955 3279 1093 3354 nativam,
1105 3296 1170 3355 quas
1180 3297 1232 3356 per
1241 3277 1462 3355 generationem

253 3365 448 3434 propagatum
470 3357 563 3418 Aliud
575 3367 693 3437 propter
704 3360 800 3438 ipsum
814 3368 963 3437 peccatum
978 3358 1086 3417 Adami
1100 3358 1184 3417 uobis
1196 3357 1381 3436 imputatum.

555 3437 628 3497 VII.
647 3437 698 3497 Ad
714 3440 827 3499 Statum
839 3439 1021 3514 Quaestionis,
1034 3437 1263 3499 Observandum.
1286 3440 1312 3497 1.
1328 3437 1395 3496 Nou
1409 3437 1460 3516 agi

284 3499 463 3602 fflfflnffim'
512 3516 560 3575 hic
573 3515 611 3575 de
624 3517 729 3594 quovis
743 3527 862 3595 peccato
876 3518 993 3602 Adami,
1009 3518 1062 3577 aad
1075 3518 1111 3576 de
1125 3519 1226 3596 primo,
1241 3535 1295 3577 uec
1310 3517 1346 3576 de
1360 3519 1459 3594 primo

514 3596 655 3670 habituali,
667 3596 747 3674 quod
760 3598 790 3654 in
803 3597 868 3676 ipso
878 3597 971 3674 hesit,
984 3597 1035 3657 sed
1044 3598 1141 3675 primo
1151 3598 1265 3676 actuali,
1277 3617 1334 3675 quo
1346 3597 1458 3674 Lagem

251 3671 465 3750 primordialem
479 3675 609 3751 violarit,
625 3683 655 3735 et
668 3675 762 3734 loedus
777 3695 874 3736 seeum
889 3697 907 3734 a
921 3678 985 3736 Deo
998 3677 1101 3737 initum
1115 3676 1211 3755 fregit.

292 3754 384 3813 VIII.
404 3759 431 3813 2.
448 3755 514 3814 Non
525 3756 662 3832 queritur
672 3756 716 3815 De
727 3756 861 3815 omuibus
872 3757 1002 3834 posteris,
1015 3755 1065 3836 qui
1076 3755 1279 3852 quoquomodo
1289 3763 1355 3816 suut
1368 3755 1405 3816 ab
1419 3773 1457 3815 eo

252 3834 375 3910 oriundi,
392 3834 444 3893 sed
464 3843 575 3894 tantum
596 3835 632 3894 do
653 3836 775 3914 illisqui
789 3835 838 3896 via
857 3836 1001 3895 ordinaria
1022 3837 1215 3914 generatonis
1236 3837 1273 3896 ab
1286 3855 1321 3896 eo
1335 3835 1456 3895 descen·

251 3913 334 3988 dunt,
349 3922 382 3972 ut
402 3915 443 3974 ita
456 3915 600 3974 eximatur
614 3915 754 3993 Christus,
777 3917 827 3994 qui
847 3937 905 3976 non
919 3917 969 3976 via
982 3917 1134 3990 ordinaria,
1157 3917 1209 3975 sed
1228 3916 1459 3976 extraordinaria

251 4001 281 4050 et
295 3995 505 4071 supernaturali
518 4003 674 4073 conceptus
688 4005 732 4055 est
746 4015 797 4074 per
810 3997 870 4054 vim
886 3995 1010 4074 Spiritus
1032 3997 1139 4072 Sancti,
1154 4013 1213 4054 non
1226 3996 1257 4053 vi
1278 3995 1458 4055 bencdictio-

251 4071 297 4130 uis
318 4081 384 4132 autc
408 4074 522 4150 lapsum
542 4074 626 4150 data,
649 4075 700 4134 sed
714 4077 745 4134 vi
766 4075 965 4154 promissionis
989 4075 1123 4154 specialis
1144 4075 1257 4152 lapsum
1280 4085 1395 4149 moute,
1420 4075 1458 4135 de

253 4151 368 4210 Semiue
383 4153 511 4212 mulieris
525 4155 683 4214 contrituro
697 4165 783 4233 caput
798 4155 954 4233 Serpentis,
969 4173 1028 4213 non
1039 4155 1197 4214 secundum
1210 4155 1457 4233 personalitatem,

250 4231 302 4290 sed
317 4232 475 4292 secundum
487 4232 696 4293 humanitatem
709 4241 830 4309 tantum,
846 4243 876 4294 et
888 4235 974 4313 plane
988 4234 1223 4294 extraordinaria.

291 4309 351 4372 IX.
374 4315 401 4370 3.
424 4313 491 4371 Non
504 4314 651 4390 quaeritur,
668 4311 717 4372 An
735 4323 887 4392 peccatum
900 4315 976 4374 Adae
996 4315 1131 4392 imputari
1151 4313 1236 4373 nobis
1250 4313 1372 4390 dicatur,
1387 4313 1458 4391 quia

247 4389 287 4448 ob
301 4399 451 4467 peccatum
466 4393 605 4469 originale
619 4393 704 4452 nobis
717 4394 860 4453 inherens
875 4395 957 4471 digni
972 4413 1080 4470 mmus,
1095 4393 1146 4472 qui
1159 4413 1195 4453 eo
1206 4394 1273 4452 loco
1287 4395 1454 4468 habeamur,

248 4487 282 4526 ac
297 4469 322 4527 si
336 4471 477 4529 actualem
498 4473 591 4548 ipsam
611 4471 835 4533 inobedientiam
849 4474 1101 4550 commisissemus,
1117 4473 1263 4551 quomodo
1282 4473 1455 4550 praeparatam

247 4545 284 4602 ab
300 4547 414 4624 Apost,
431 4551 515 4608 Rom.
530 4550 560 4609 ii.
576 4554 624 4626 26,
640 4551 746 4612 dicitur
759 4553 896 4630 imputari
914 4553 944 4613 in
957 4553 1198 4629 circumeraionem,
1213 4551 1254 4612 id.
1269 4551 1371 4613 eodem
1389 4552 1454 4609 loco

245 4621 343 4680 haberi
365 4645 398 4682 ac
420 4628 445 4683 si
465 4627 666 4690 circumcisum
680 4640 775 4692 esset:
797 4632 866 4708 quia
887 4632 929 4692 sic
952 4642 1086 4709 ageretur
1106 4640 1218 4692 tantum
1240 4631 1452 4691 decollatione
