3174 5174
146 381 242 430 eursu
257 359 290 442 1.]
567 379 605 418 nr
619 377 819 420 rnovrnnerrr
836 380 896 421 our.
1274 369 1332 427 443

146 521 173 580 C.
187 521 220 582 D.
234 541 293 600 cap.
309 523 337 598 8,
353 521 459 580 eximie
473 519 608 598 explicat.
631 521 649 552 “
662 519 694 580 Si
707 539 785 579 nunc
797 539 883 579 omne
896 527 1046 599 peccatum
1060 521 1213 582 manifesta
1225 523 1332 600 plecte·

145 609 215 661 retur
231 621 323 679 poena,
339 600 413 659 nihil
433 600 535 660 ultimo
554 598 666 678 judicio
686 600 829 662 reservari
848 609 1006 678 putaretur.
1048 601 1161 662 Rursus
1175 603 1200 660 si
1220 603 1333 663 nullum

144 689 281 758 peecatum
294 701 372 740 nunc
385 681 500 759 puniret
513 687 611 758 aperte
622 679 768 758 divinitas,
783 679 865 739 nulia
879 699 942 740 osse
956 680 1145 741 Providentia
1158 682 1258 741 divina
1272 704 1332 743 ere-

144 760 275 836 deretur,”
304 758 369 837 dec,
395 769 425 820 et
447 760 535 838 hujus
559 759 782 838 dispensationis
809 759 950 821 rationem
974 761 1037 839 jam
1059 770 1125 822 ante
1149 760 1332 824 reddiderat:

144 842 160 873 ‘¹
168 839 273 901 Placuit
292 841 429 919 quippe,”
452 839 554 916 inquit,
577 839 712 902 “divina
733 838 928 901 Providentia
949 861 1109 920 praeparare
1133 841 1164 899 in
1185 850 1333 920 posterum

141 919 209 978 bona
216 921 312 999 justis,
328 919 434 998 quibus
448 939 507 979 non
520 918 650 980 fruentur
663 919 773 997 injusti,
789 926 818 979 et
831 920 908 978 mala
920 920 1025 997 impiis,
1041 921 1147 998 quibus
1161 940 1219 980 non
1230 942 1331 982 exeru-

140 999 283 1062 ciebuntur
298 1000 377 1059 boni.
420 999 483 1059 leta
495 1018 566 1059 vero
586 999 756 1078 temporalia
775 998 852 1060 bona
872 999 998 1060 etmalc
1017 1000 1146 1078 utrisque
1161 1001 1254 1060 voluit
1268 1021 1331 1062 esse

139 1080 309 1141 communia:
330 1089 364 1140 ut
383 1097 438 1140 nec
457 1080 535 1138 bona
554 1079 687 1157 cupidius
707 1087 887 1156 appetantur,
911 1098 976 1156 que
997 1080 1067 1140 mali
1088 1099 1203 1158 quoque
1224 1081 1332 1142 habere

138 1168 291 1234 cernuntur,
306 1178 362 1218 neo
374 1160 451 1218 mala
463 1158 586 1236 turpiter
598 1158 751 1233 evitentur,
766 1159 872 1234 quibus
886 1167 916 1220 et
932 1159 1000 1220 boni
1020 1160 1189 1238 plerumque
1203 1161 1330 1220 afficiun-

137 1239 206 1298 tur.’'
226 1244 253 1298 2.
277 1239 361 1300 siin
383 1238 545 1298 sacrarium
566 1239 623 1299 Dei
643 1237 829 1318 ingredimar,
850 1238 935 1300 facile
955 1241 1173 1318 comperiamus,
1195 1260 1249 1300 nac
1267 1261 1331 1302 esse

135 1319 241 1396 proprie
253 1319 339 1396 mala
355 1318 461 1396 quibus
471 1326 642 1379 exercentur
653 1317 763 1392 fideles,
777 1317 846 1378 licet
856 1319 940 1378 nobie
953 1320 995 1380 ite
1004 1319 1166 1394 videantur,
1181 1321 1250 1397 quia
1260 1320 1331 1400 ipsis

135 1395 164 1456 in
183 1399 286 1457 bonum
306 1398 422 1474 sedunt,
445 1400 530 1458 Rom.
544 1398 606 1457 viii.
620 1399 669 1474 28,
690 1417 744 1457 neo
764 1397 841 1457 bona
860 1398 966 1476 quibus
986 1399 1135 1459 abundent
1154 1399 1244 1478 impii,
1267 1421 1331 1468 esse

134 1475 200 1555 ipsis
217 1479 295 1571 talin,
317 1478 387 1556 quia
409 1479 441 1540 in
461 1497 560 1540 eorum
582 1477 738 1556 perniciem
760 1485 1064 1572 convertuntur‚·nem
1086 1486 1119 1538 ut
1138 1479 1223 1538 bonis
1244 1481 1330 1538 etiam

133 1559 658 1716 remita
673 1557 1329 1634 wan

133 1733 180 1775 eos
192 1737 220 1774 nr
232 1717 444 1794 desolationem
459 1717 604 1795 quomodo
617 1715 735 1776 fuerunt
747 1715 778 1776 in
791 1715 966 1792 vestitatem,
981 1719 1065 1794 quasi
1077 1727 1223 1780 momento
1231 1719 1264 1779 ?''
1274 1716 1328 1778 &a

134 1795 195 1855 Hoc
208 1797 393 1874 Claudianae,
407 1797 459 1858 lib.
473 1798 493 1856 i.
507 1805 609 1857 conns
622 1794 701 1855 Rufi.
715 1794 833 1872 egregie
847 1797 1047 1874 prosequitur:

331 1983 332 1988 ¹
385 1957 467 2034 Serpa
480 1956 549 2015 miti
560 1954 675 2016 edem
689 1951 928 2014 tacitaetacitae
940 1963 1066 2030 mentem,

386 2037 531 2097 durarent
542 2035 649 2112 Superi
661 2041 763 2108 terrea
778 2053 817 2092 aa
830 2035 922 2092 noum
936 2033 1034 2092 inerret

384 2118 498 2192 Hector,
513 2125 540 2175 ct
552 2116 657 2174 incerto
663 2113 787 2189 fluerent
800 2112 933 2172 noraha
947 2133 1022 2172 caea.

383 2198 464 2256 Nom
477 2215 540 2256 aen
553 2192 681 2272 dispositi
693 2192 970 2274 paoedmmfoedera
982 2195 1088 2269 mandi,

383 2277 622 2353 Praeciptooque
634 2273 812 2352 mariafiaee,
827 2273 950 2350 amque
962 2282 1070 2334 necatae

382 2357 426 2415 Et
438 2357 506 2414 hade
518 2355 658 2431 nocteque
671 2353 742 2413 meae
767 2361 831 2411 runc
845 2354 940 2412 omniu
953 2354 1039 2414 rebar

384 2435 635 2514 cmmfimae
647 2434 714 2509 Da,
729 2397 785 2492 de.
935 2493 938 2498 ,

382 2517 442 2576 Sed
453 2535 515 2574 mam
528 2535 574 2574 rea
586 2514 728 2574 dominum
741 2521 822 2574 tucia
834 2512 953 2590 coliphia
965 2514 1040 2574 volvi

381 2597 571 2672 despicerem,
586 2597 715 2671 tutosque
729 2593 778 2652 diu
783 2593 891 2669 florere
904 2603 1038 2669 necmias,

387 2675 628 2814 Veaeoriqrepnpioa
643 2693 743 2734 roratas
757 2674 896 2748 labefacta
908 2675 1026 2733 cadebat

380 2775 501 2894 Abetmadi
512 2837 585 2894 hano
598 2835 712 2893 medem
725 2832 825 2911 Rufini
832 2852 920 2909 poma
933 2835 1079 2892 tumetum

381 2915 558 2991 Admisitque
571 2915 669 2985 Deos5
688 2915 755 2988 jam
767 2933 824 2972 noa
837 2913 880 2970 ad
891 2911 1013 2972 cadmina
1026 2931 1123 2972 renem

380 2995 503 3072 Injmtcc
516 2994 633 3054 cratim
646 3011 758 3069 queror,
775 2993 909 3050 tolluntur
922 2989 952 3050 in
964 2993 1054 3048 αῑιιιιιι

384 3075 423 3134 Ut
435 3077 517 3152 lupia
528 3073 662 3151 praviore
674 3079 769 3146 mat,
786 3067 840 3130 &a

120 3231 178 3291 Neo
192 3231 412 3309 messenen,
426 3233 477 3294 lib.
494 3235 512 3268 “
521 3233 581 3292 Cur
593 3230 678 3290 bonis
688 3227 760 3290 viris
773 3228 850 3288 male
862 3226 1024 3302 accident,”
1040 3245 1065 3284 c.
1076 3223 1095 3283 i.
1112 3225 1130 3258 “
1139 3243 1203 3282 cnm
1215 3223 1324 3282 videris

119 3311 207 3373 bonos
216 3313 297 3373 viros
307 3322 497 3392 acceptosque
507 3313 572 3372 Diis
581 3311 722 3384 laborare,
735 3307 848 3382 sudare,
862 3327 914 3385 per
924 3305 1045 3366 arduum
1056 3302 1218 3380 ascendere,
1231 3304 1324 3364 malos

118 3401 213 3453 autem
226 3391 371 3468 lascivire,
387 3401 416 3452 et
429 3391 629 3470 voluptatibus
642 3389 739 3464 fluere,
755 3389 852 3466 cogita
868 3387 993 3448 filiorum
1006 3405 1060 3448 nos
1072 3384 1214 3446 modestia
1228 3384 1321 3462 delec-

118 3473 179 3548 tari,
204 3473 391 3532 aemularum
414 3473 549 3548 licentia;
574 3471 641 3529 illos
665 3469 819 3546 disciplina
839 3467 959 3528 tristiori
983 3465 1132 3542 contineri,
1157 3465 1260 3526 horum
1283 3464 1322 3524 eli

117 3552 278 3611 audaciam.
305 3551 387 3612 Idem
398 3552 451 3612 tibi
465 3553 501 3612 de
514 3553 578 3610 Deo
592 3550 718 3628 liqueat3
740 3549 855 3610 Bonum
866 3548 961 3610 virum
974 3548 1005 3606 in
1016 3547 1128 3608 deliciis
1141 3566 1199 3606 non
1213 3545 1301 3606 habet
1311 3567 1320 3624 ;

116 3632 274 3710 experitur,
296 3631 420 3708 indurat,
437 3631 493 3690 sibi
512 3631 595 3690 illum
615 3631 785 3708 praeparat.”
829 3629 868 3691 Et
881 3649 944 3707 cap.
960 3631 989 3703 4,
1006 3631 1024 3662 “
1035 3625 1191 3686 Calamitas
1205 3625 1322 3686 virtutis

116 3713 232 3772 occasio
245 3719 307 3786 est;
330 3711 403 3770 lilos
416 3711 519 3770 merito
534 3710 599 3788 quis
612 3709 719 3769 dixerit
732 3709 862 3784 miseros,
877 3709 928 3786 qni
948 3707 1037 3768 nimia
1055 3706 1192 3766 felicitate
1211 3711 1319 3780 torpes·

115 3801 194 3866 cunt,
210 3809 284 3872 qnos
297 3791 389 3850 veluti
409 3789 440 3848 in
453 3791 526 3850 mari
546 3789 625 3848 lento
637 3788 833 3866 tranquillitas
846 3789 924 3848 iners
937 3786 1056 3848 detinet.
1099 3781 1242 3858 Quicquid
1262 3781 1322 3840 illia

115 3871 258 3944 inciderit,
273 3889 381 3928 novum
391 3870 506 3946 veniet3
521 3869 616 3946 magis
629 3877 736 3944 urgent
750 3886 829 3927 saeva
842 3867 1017 3942 inexpertos.
1043 3863 1141 3923 Grave
1155 3868 1321 3940 esttenete

116 3949 224 4009 cervici
232 3949 347 4027 jugum.
383 3949 434 4008 Ad
448 3949 640 4027 suspicionem
654 3945 784 4006 vulneris
797 3954 863 4020 tyro
877 3943 1027 4021 pallescit:
1047 3938 1196 4001 audaciter
1208 3947 1319 3997 vetera·

115 4047 171 4088 nus
185 4047 316 4088 cruorem
329 4047 414 4087 sunm
429 4037 548 4106 spectet,
564 4027 615 4104 qni
628 4025 683 4084 seit
697 4043 728 4084 se
742 4041 819 4100 saepe
833 4021 939 4082 vicisse
953 4029 1020 4098 post
1033 4019 1212 4096 sanguinem.
1255 4017 1320 4078 Hos

114 4111 213 4187 itaque
230 4109 312 4168 Dans
332 4127 406 4188 quoe
427 4109 539 4186 probet,
561 4125 634 4184 quos
655 4111 741 4176 amat,
763 4101 887 4178 induret,
911 4099 1101 4176 recognoscit
1123 4105 1246 4170 exercet,
1271 4117 1321 4156 eos

114 4199 210 4250 autem
232 4187 340 4268 quibus
362 4187 514 4266 indulgere
535 4185 659 4259 videtur,
684 4181 791 4260 quibus
814 4199 940 4258 parcere,
963 4178 1063 4240 multis
1082 4175 1213 4236 venturis
1236 4175 1321 4236 malis

114 4269 241 4328 servat.”
273 4267 345 4326 Alia
359 4277 427 4327 sunt
440 4267 547 4326 ibidem
560 4266 644 4344 plura
657 4262 782 4340 idgenus
792 4260 868 4322 lectu
880 4260 978 4337 digna,
993 4257 1099 4334 quibus
1110 4255 1321 4332 sapientissima

114 4347 304 4408 Providentia
318 4346 374 4405 Dei
388 4365 425 4406 ex
439 4347 491 4406 teli
511 4346 653 4405 bonorum
667 4341 850 4403 etmalorum
864 4338 1066 4400 distributione
1081 4335 1255 4414 adstruitur5
1279 4333 1321 4394 Ut

112 4429 218 4487 mirum
232 4427 280 4502 sit,
295 4425 476 4486 Christianos
489 4426 526 4487 de
541 4422 729 4484 Providentia
749 4420 890 4496 dubitare,
908 4439 947 4480 ex
960 4438 1004 4494 eo,
1019 4415 1096 4478 unde
1111 4415 1243 4476 Gentiles
1264 4415 1321 4496 ipsi

112 4507 308 4568 indubitatum
324 4505 519 4566 Providentiae
533 4511 734 4582 argumentum
749 4500 877 4564 eliciunt.
