3158 5190
263 353 303 412 tr
711 367 802 412 cocus
817 367 978 412 recussus.
1299 341 1429 424 [ounsr.
1448 362 1478 402 r.

262 529 329 588 quse
348 509 456 590 passim
476 510 507 570 iu
520 509 598 573 Orbe
618 509 813 572 obtinucnrnt
855 509 916 570 Nec
936 507 984 567 bic
1004 503 1150 584 audiendi,
1164 503 1214 583 qui
1234 503 1297 562 brec
1315 502 1480 581 ingeniosa

262 599 374 651 tantum
388 589 491 651 volunt
503 609 567 651 csso
580 589 728 650 hominum
741 596 903 650 cominente
915 587 953 648 ad
965 585 1088 665 populos
1101 585 1132 644 in
1145 583 1239 644 officio
1257 581 1480 642 continendos:

262 668 332 731 licet
351 669 429 728 enim
449 677 559 730 certum
580 669 619 729 sit
637 669 761 748 plurime
780 677 892 728 astutos
910 666 1043 726 homines
1062 664 1094 724 in
1114 663 1268 742 Religiouc
1288 670 1481 722 commentos

262 767 337 826 esso,
357 749 464 827 quibus
484 749 675 809 reverentiam
694 747 853 827 plebecula
872 746 1042 824 injecerunt,
1064 763 1123 822 quo
1146 743 1287 803 haberent
1306 741 1478 817 obsequen-

263 827 352 888 tiores
365 829 430 906 ejus
442 829 563 906 animos,
576 847 724 906 nunquern
737 835 834 888 tsmsu
847 825 879 885 id
891 825 1093 901 obtinuissent,
1106 822 1164 882 nisi
1180 822 1243 898 jam
1260 821 1342 900 prius
1354 819 1480 898 ingeni-

263 913 312 967 tus
325 906 427 969 fuisset
445 908 572 968 humano
592 907 688 968 animo
708 905 878 1000 igrrorentin
898 921 959 965 sun
978 911 1008 964 et
1027 901 1134 982 inopiae
1152 899 1258 979 aliquis
1278 918 1391 975 seusus,
1409 918 1480 976 quo

264 985 376 1047 fuctum
393 995 427 1048 ut
446 987 560 1049 scitus
578 1005 611 1048 se
631 986 670 1048 ab
689 984 853 1047 istrumodi
872 983 984 1088 agyrtis
1004 991 1035 1046 et
1054 981 1273 1044 circulatoribus
1290 977 1479 1040 circumduci
1555 1003 1556 1066 j

264 1081 368 1144 pm
380 1075 428 1128 ’π’
566 1144 622 1206 1v.
644 1144 711 1205 Hoc
731 1142 881 1205 nmmo
900 1141 1010 1222 duplex
1022 1137 1285 1219 mmmmm
1298 1136 1480 1196 nanturra

281 1209 492 1328 ”ww
525 1223 638 1301 mins,
661 1223 734 1284 uer
753 1223 887 1316 mass,
911 1222 985 1282 uter
1007 1219 1232 1314 matam
1258 1235 1335 1278 unus
1358 1215 1478 1275 suenus
1555 1239 1556 1320 ἐ

154 1415 158 1418 -
265 1379 393 1460 platione
406 1381 477 1458 veri,
491 1323 636 1444 subibis?
646 1303 742 1442 fibteetru
750 1296 1329 1460 fbbidicdintsrilrmlbbbibidodpddiilttselbbcststds
1338 1303 1479 1435 :iotdtdsntli

266 1461 340 1521 Cum
353 1469 450 1521 autem
463 1461 569 1522 frustm
581 1481 646 1522 esse
658 1481 716 1520 non
734 1459 847 1539 possint
859 1460 908 1522 isti
921 1460 1074 1539 appetitus,
1088 1456 1250 1518 necessarie
1262 1455 1318 1515 fuit
1330 1454 1480 1514 revelatio

266 1559 332 1618 qun
341 1541 466 1620 priunum
478 1548 618 1602 serumst
627 1559 771 1600 summum
783 1537 900 1616 bouum,
912 1539 1099 1617 ctutriusque
1112 1537 1190 1596 vium
1203 1534 1377 1611 ostenderet,
1393 1533 1478 1610 quod

527 1619 817 1698 naturenonpotuit
859 1613 1480 1696 DeniqueDeiplors'ustlsome'mcusclus
1555 1649 1556 1684 ,

277 1683 498 1791 ”ffifflffiff'
528 1719 592 1760 eam
605 1698 779 1778 postulabat,
793 1697 863 1776 quia
877 1697 984 1758 Sclrols
996 1706 1115 1775 namra,
1130 1717 1184 1757 uec
1202 1695 1241 1754 ad
1253 1693 1316 1754 veri
1330 1693 1389 1786 Dei
1402 1711 1475 1771 cog-

479 1775 486 1790 '
527 1779 676 1856 nitionsm,
685 1780 806 1856 eJusque
818 1776 980 1856 legitimum
994 1777 1104 1838 cultum
1117 1775 1222 1837 ducere
1231 1793 1286 1834 nos
1298 1781 1402 1852 potunt,
1418 1793 1478 1834 nec

267 1858 369 1921 salutis
381 1859 521 1920 rationem
535 1858 654 1937 aperire,
668 1875 727 1937 qus
739 1865 857 1936 possent
871 1856 1004 1917 homines
1023 1874 1062 1916 en
1081 1857 1193 1936 peccati
1212 1854 1328 1914 miseria
1347 1852 1386 1912 ed
1406 1873 1476 1932 per·

265 1941 350 2000 'fectu
363 1939 509 2000 beatitutis
522 1947 638 2014 statum,
648 1937 704 2016 ,qui
717 1937 747 1995 in
760 1937 866 1996 unione
880 1957 946 1996 cum
960 1937 1024 1997 Deo
1037 1937 1149 2016 positus
1164 1944 1218 2014 est,
1239 1933 1369 1994 eluctus-i.
1413 1933 1475 1994 lle-

267 2019 392 2080 cesseris
404 2035 475 2098 ergo
488 2019 544 2080 fuit
559 2017 665 2080 Schola
678 2017 809 2096 superior
820 2016 930 2095 gratiae
945 2017 976 2076 in
989 2035 1047 2096 qna
1061 2017 1142 2077 Deus
1160 2033 1214 2096 per
1225 2016 1358 2076 Verbum
1371 2033 1477 2078 reram

268 2098 451 2178 Religionem
464 2117 518 2160 nos
532 2097 655 2174 doceret,
670 2115 724 2158 nos
737 2097 768 2155 in
782 2097 828 2157 sui
840 2096 1005 2174 cognitione
1025 2105 1055 2158 et
1074 2097 1155 2157 cultu
1174 2097 1361 2172 instituendo,
1383 2106 1416 2158 et
1436 2096 1476 2156 ad

267 2187 383 2239 sternes
402 2179 504 2240 salutis
524 2177 688 2238 fruitionem
708 2177 740 2234 in
753 2175 798 2235 sui
812 2177 1014 2237 communione
1025 2175 1183 2255 evehendo,
1197 2195 1256 2256 quo
1269 2195 1323 2238 nec
1337 2177 1475 2238 Philoso-

267 2259 337 2337 phia
348 2277 403 2317 nec
418 2257 504 2317 Ratio
517 2275 645 2334 unquam
658 2263 809 2332 assurgere
822 2255 925 2333 potuit

307 2336 348 2396 V.
369 2337 452 2395 Licet
465 2337 495 2393 in
509 2335 644 2414 operibus
658 2333 817 2394 Orestionis
830 2341 860 2392 ct
875 2333 1069 2396 Providentia
1088 2333 1250 2397 luculenter
1265 2337 1329 2418 jsm
1343 2337 1427 2402 Deus
1442 2355 1475 2396 so

267 2413 441 2492 patefecerit
457 2411 530 2472 adeo
550 2421 583 2473 ut
600 2418 628 2472 ul
648 2417 756 2484 praesb
767 2416 812 2471 nt
826 2417 891 2472 &tot
907 2414 937 2472 bt
955 2415 1011 2474 illis
1025 2418 1202 2492 cumfusum
1221 2416 1265 2492 sit,
1282 2425 1310 2476 et
1324 2417 1477 2478 moridsbir

267 2495 325 2569 q'us
343 2513 364 2552 α
386 2491 535 2552 Orsctbna
554 2493 653 2551 mundi
671 2492 885 2568 conspiciam
907 2491 992 2554 Rom.
1007 2493 1027 2554 i.
1044 2497 1090 2571 19,
1112 2497 1161 2574 20,
1182 2510 1241 2555 nou
1260 2495 1355 2574 potuit
1375 2505 1476 2556 tumen

266 2579 333 2652 post
346 2577 495 2649 peccatum
509 2569 638 2631 sufficere
651 2571 690 2630 ad
703 2569 825 2631 salutem
846 2571 998 2633 Revelatio
1011 2574 1063 2635 illu
1075 2575 1170 2652 realis,
1184 2590 1243 2634 non
1256 2575 1343 2636 modo
1360 2577 1476 2636 ratione

266 2653 385 2727 mb'ccti,
401 2651 470 2729 qnia
482 2650 592 2710 nullam
611 2649 714 2711 habuit
732 2649 793 2709 rim
809 2650 933 2729 Spiritus
953 2654 1095 2731 comitem,
1110 2673 1169 2732 que
1188 2653 1303 2716 cecitas
1318 2659 1349 2716 et
1361 2655 1477 2716 malitis

267 2730 392 2791 hominis
406 2729 614 2808 conigerstur3
636 2730 688 2790 sed
708 2730 795 2790 etiam
808 2731 919 2790 ratione
938 2733 1042 2810 objecti,
1063 2733 1182 2811 quiade
1196 2734 1342 2812 mysteriis
1358 2733 1474 2811 salutis,

268 2819 298 2871 ct
311 2808 507 2870 misericordie
521 2809 578 2869 Dei
590 2808 621 2868 in
635 2809 759 2886 Christo,
774 2809 908 2887 sineque
927 2811 1009 2871 nulla
1029 2813 1116 2890 salus,
1133 2812 1202 2873 Act.
1216 2813 1256 2873 iv.
1274 2817 1320 2889 1s‚
1335 2813 1409 2873 nihil
1431 2813 1474 2874 ibi

267 2889 408 2950 habetur:
442 2888 574 2951 Occurrit
582 2887 698 2967 quidem
706 2893 735 2948 sl
748 2891 854 2962 mmet
866 2883 911 2949 sol
925 2897 990 2950 eat
1003 2892 1156 2952 aeduensi
1169 2897 1259 2952 urla
1265 2923 1274 2962 ς
1291 2893 1373 2953 Deus
1387 2893 1475 2953 Oes-

267 2979 322 3047 tor,
337 2964 461 3030 sednon
475 2967 669 3064 Redemptum
690 2969 819 3048 potentie
831 2977 862 3030 et
876 2970 1030 3047 Divinitas,
1045 2969 1077 3031 id
1094 2981 1139 3033 est
1153 2972 1308 3035 existentia
1327 2972 1474 3048 Numinis,
1555 3013 1556 3034 t

267 3049 410 3144 etovirtus
434 3049 498 3128 ejus
519 3049 632 3144 mfimta
644 3067 682 3109 ex
704 3068 789 3142 opere
808 3049 967 3144 Qtionis
987 3051 1172 3146 colliguntur,
1187 3051 1239 3111 scd
1258 3071 1317 3111 uon
1337 3050 1432 3130 gratia
1446 3061 1477 3112 et

267 3128 463 3191 musericordis
476 3129 619 3190 salutans.
660 3127 786 3188 Necesse
799 3147 869 3207 ergo
882 3128 937 3190 fmt
949 3128 1077 3208 supplem
1089 3129 1233 3190 defectum
1245 3129 1350 3208 prioris
1363 3131 1475 3192 revela-

267 3208 364 3286 tionis,
374 3229 440 3287 quas
452 3227 505 3286 per
517 3207 666 3286 peccatum
676 3207 753 3268 facte
762 3207 855 3268 meret
864 3207 976 3268 inutilis
985 3211 1015 3270 et
1027 3207 1211 3286 insufficiens,
1226 3229 1279 3289 per
1291 3209 1378 3270 uliam
1392 3211 1473 3272 lucu·
1555 3195 1556 3262 l

267 3287 428 3364 lentiorem,
443 3305 501 3346 non
515 3287 601 3347 modo
614 3286 711 3364 quoad
724 3287 854 3364 gundum,
870 3287 922 3348 sed
935 3295 965 3348 et
978 3289 1074 3366 quoad
1087 3287 1232 3367 speciem3
1252 3297 1287 3349 ut
1306 3307 1365 3348 nou
1385 3289 1475 3353 mutis
1555 3289 1556 3292 ’

268 3373 381 3424 mutum
401 3366 548 3442 magistris
566 3373 695 3425 uteretur
716 3365 805 3440 Deus,
825 3366 877 3425 'ssd
899 3373 932 3425 os
952 3381 1067 3444 quoquc
1087 3376 1301 3428 sacrosanctum
1322 3377 1473 3445 reseraret,

268 3441 347 3519 quod
361 3461 418 3502 non
431 3443 519 3502 modo
538 3443 740 3502 'excellentium
759 3444 900 3502 virtutum
921 3463 1037 3504 suerum
1050 3446 1232 3526 patefaceret,
1254 3445 1307 3508 sed
1320 3455 1351 3508 et
1364 3455 1472 3527 myssa

268 3521 343 3580 rium
357 3521 515 3581 voluntatis
529 3541 589 3580 sus
602 3520 640 3579 ad
654 3521 776 3580 salutem
790 3521 874 3581 uobis
888 3523 1019 3598 aperiret.
1253 3594 1257 3598 .

309 3599 365 3660 VI.
388 3599 527 3676 Quamvis
542 3599 694 3660 Revelstio
709 3599 849 3660 naturulis
862 3601 943 3661 reris
956 3602 1051 3663 tradat
1064 3602 1102 3664 de
1116 3603 1224 3666 Decet
1237 3603 1301 3682 ejus
1314 3605 1473 3685 proprieta-

268 3679 355 3758 tibus,
367 3677 405 3740 de
418 3679 483 3758 ejus
496 3679 656 3740 Voluntate
669 3685 699 3740 et
712 3678 863 3760 operibns3
880 3698 939 3739 non
952 3689 1049 3742 tamm
1063 3701 1098 3742 ea
1110 3701 1164 3743 nos
1178 3683 1271 3761 docet,
1282 3705 1348 3762 qua
1361 3686 1475 3764 possint

269 3759 399 3821 sufficere
422 3758 460 3818 sd
487 3759 641 3818 salutarem
666 3759 722 3818 Dei
749 3759 943 3836 cognitionem
970 3761 1033 3821 sine
1058 3763 1236 3823 revelatione
1262 3764 1474 3842 supernaturali

269 3837 370 3899 Verbi.
412 3837 547 3901 Ostendit
566 3837 683 3918 quidem
703 3839 782 3917 qaod
798 3839 835 3898 sit
846 3839 934 3916 Dure,
949 3847 979 3900 et
992 3842 1092 3918 paulis,
1107 3847 1169 3900 tum
1188 3842 1299 3903 unitate
1321 3843 1473 3918 Essentis,

270 3925 332 3978 tum
341 3917 556 3980 Attnbutorum
564 3917 709 3978 vanorum
723 3918 896 3996 proprietate
908 3941 916 3994 3
931 3919 983 3979 sed
993 3921 1100 3998 putuit
1109 3921 1139 3978 in
1150 3921 1310 3998 individuo,
1322 3930 1354 3982 et
1362 3923 1473 3983 untione

271 3997 462 4059 Personarum
476 3997 599 4077 ignorat.
646 3997 821 4059 Voluntatem
834 3999 909 4076 Lspc
922 4016 1089 4076 expressam
1102 3999 1239 4078 patefacit
1257 3999 1426 4080 imperfecte
1444 4007 1474 4060 ct

270 4077 401 4154 obscure,
423 4078 507 4139 Rom.
521 4077 552 4137 ii.
570 4077 616 4151 14,
634 4079 680 4153 15,
696 4075 748 4136 scd
762 4077 928 4153 Mystsrium
941 4079 1096 4155 Econpet’i
1113 4078 1191 4156 apud
1213 4079 1293 4139 illam
1314 4079 1402 4158 plene
1423 4079 1472 4138 ab·

272 4157 443 4218 sconditum.
489 4159 586 4235 Opera
596 4155 754 4218 orarunt
772 4165 802 4216 et
816 4155 1011 4217 Providentiae
1025 4157 1152 4234 exhibet,
1169 4157 1219 4218 Ps.
1233 4159 1304 4236 xin;
1326 4157 1397 4218 Act
1411 4159 1472 4217 xiv.

271 4242 302 4294 et
323 4235 403 4313 ntii3
426 4235 510 4296 Rom.
533 4237 552 4296 i.
580 4236 627 4310 19,
653 4237 703 4296 204
743 4234 804 4297 'Sed
825 4233 864 4294 ad
889 4237 986 4314 Opera
1008 4235 1217 4314 Redemptionis
1238 4247 1270 4297 ct
1291 4237 1394 4316 gratiss
1415 4255 1472 4295 nou

273 4314 407 4450 {affigit
423 4333 488 4392 quse
507 4316 570 4376 solo
584 4313 684 4376 Verbo
697 4315 781 4378 nobis
802 4321 924 4394 possut
945 4315 1132 4393 innotescere,
1149 4316 1236 4378 Rom.
1250 4336 1281 4378 x.
1298 4319 1345 4394 17,
1367 4325 1398 4377 ct
1412 4314 1471 4375 rvi.

314 4435 322 4467 l
366 4435 387 4474 ,μ’
