3044 5180
279 329 338 386 302
757 345 848 386 accos
863 345 1007 395 cusanus.
1276 323 1388 406 [coner.
1401 347 1453 388 viu.

278 486 442 545 collocetur.
485 485 551 544 Non
566 506 635 563 ergo
649 487 815 564 reprobavit
836 494 866 546 et
886 506 980 566 poenos
1001 493 1115 544 aeternae
1134 483 1261 559 devovit,
1282 504 1350 562 quos
1370 486 1455 547 sineret

277 566 345 641 labi,
361 565 412 624 sed
426 585 563 644 eosquos
577 567 684 625 siverat
701 567 762 625 labi
780 587 833 626 sua
853 566 982 644 ipsorum
995 566 1088 643 culpa,
1104 565 1277 642 reprobavit,
1292 572 1320 624 et
1331 565 1453 624 abdicavit

276 645 307 704 in
321 654 467 704 oeternum.

316 726 354 784 V.
376 724 459 783 Licet
469 744 539 784 vero
552 725 705 802 pemissio
718 725 817 803 lapsus
832 725 1015 803 Angelorum
1029 730 1208 802 supponatur
1221 743 1317 782 eornm
1330 725 1452 802 Reproba-

275 805 355 880 tioni,
378 825 436 863 non
456 813 608 883 propterea
629 806 691 864 sine
712 805 768 864 fine
783 827 800 864 a
815 807 879 864 Deo
894 806 1009 865 decreta
1023 804 1205 878 censebitur;
1227 803 1292 861 finis
1305 804 1375 862 enim
1392 804 1453 863 illius

275 885 383 945 decreti
405 886 500 963 potuit
521 905 585 944 esso
608 885 802 946 manifestatio
825 886 925 964 glorias
951 885 1008 944 Dei
1029 885 1060 942 in
1081 883 1248 943 Infirmitate
1271 884 1410 958 Crantore,
1428 893 1453 942 nt

274 965 429 1024 discrimen
443 972 580 1025 creatura
601 967 749 1024 mutabilis
767 974 797 1025 et
818 966 923 1042 labilis,
947 986 965 1024 a
987 966 1122 1024 Creatore
1144 964 1316 1023 immutabili
1329 972 1451 1022 etetcrno

273 1045 380 1104 clarius
401 1053 529 1123 pateret;
561 1045 646 1105 Unde
669 1047 768 1124 lapsus
791 1047 823 1104 in
844 1055 973 1124 tempore
996 1065 1055 1103 non
1080 1044 1135 1103 fuit
1155 1043 1282 1102 medium
1303 1043 1451 1121 exequenda

272 1125 491 1202 reprobationis,
507 1125 559 1184 sed
579 1126 634 1184 erit
652 1127 780 1185 conditio
799 1127 831 1184 in
850 1127 966 1204 objecto
979 1125 1126 1202 requisita,
1142 1124 1181 1182 ad
1201 1143 1288 1202 quam
1308 1124 1451 1200 sequebatur

272 1205 444 1282 reprobatio,
460 1213 523 1264 tom
537 1206 633 1282 quoad
647 1201 841 1266 desertionem
854 1207 884 1264 in
898 1206 990 1284 lapsu,
1006 1215 1069 1264 tum
1082 1204 1183 1282 quoad
1195 1203 1403 1262 dammtionern.

313 1285 369 1344 VI.
391 1284 491 1362 Atque
505 1285 573 1345 hinc
587 1286 735 1364 colligitur
753 1287 878 1364 primum
897 1286 1052 1345 discrimen
1068 1283 1332 1344 Praedestinationis
1345 1282 1448 1360 Angelo-

271 1383 335 1423 rum
350 1373 380 1424 et
392 1365 561 1425 homiuum:
583 1367 668 1441 Quod
682 1366 712 1424 in
726 1367 783 1426 ista
796 1367 988 1426 obversentur
1002 1367 1066 1425 Deo
1080 1366 1215 1425 homines
1228 1383 1317 1442 paros,
1332 1363 1448 1421 ineaden

271 1446 464 1523 corruptionis
478 1465 582 1521 massa,
599 1455 628 1505 et
641 1455 674 1505 ut
686 1455 853 1523 peccatores
867 1455 896 1506 et
914 1447 1005 1524 lapsi;
1030 1446 1089 1505 Sed
1110 1446 1141 1503 in
1161 1445 1214 1502 ille
1229 1443 1333 1521 Angeli
1345 1443 1447 1520 dispares

272 1524 335 1582 Deo
350 1525 458 1604 objecti
479 1526 544 1584 sint.
588 1527 663 1584 Nam
677 1527 727 1603 qui
748 1526 833 1586 electi
854 1534 922 1586 sunt
940 1546 978 1585 ex
998 1525 1078 1603 ipsis,
1101 1524 1226 1603 spectati
1244 1533 1309 1583 sunt
1321 1531 1351 1582 ut
1363 1531 1447 1581 stantes

269 1605 328 1662 Dei
350 1606 451 1683 gratia,
474 1606 525 1682 qui
538 1625 609 1665 vcro
622 1606 776 1684 reprobati,
791 1615 826 1666 ut
844 1605 919 1684 lapsi
938 1607 1054 1684 propria
1067 1607 1164 1682 culpa
1208 1603 1343 1663 labilitas
1355 1601 1445 1680 quiden

269 1684 325 1744 finit
346 1686 506 1744 communis
520 1688 657 1762 omnium,
680 1687 810 1745 sednon
830 1696 948 1764 propter
967 1705 1030 1745 eam
1051 1684 1202 1762 reprobari
1222 1681 1379 1758 debuerunt,
1392 1682 1445 1738 alias

269 1783 369 1824 omnes
379 1766 552 1844 reprobandi
566 1767 696 1841 luissent,
708 1767 776 1844 quia
789 1767 844 1826 fuit
856 1767 905 1826 hic
916 1774 1008 1826 status
1017 1775 1130 1824 natiue
1141 1767 1279 1842 integrae3
1297 1763 1344 1821 sed
1355 1770 1445 1840 propter

267 1845 391 1923 lapsum,
407 1847 457 1923 qui
471 1845 526 1906 fuit
539 1855 632 1907 status
646 1857 756 1906 naturae
770 1855 919 1924 corruptae,
935 1855 1022 1923 atque
1035 1846 1109 1904 adeo
1121 1847 1203 1924 juste
1216 1843 1397 1922 reprobabilis.
1497 1855 1498 1910 l

569 1927 643 1986 VII.
666 1929 708 1988 Ut
722 1947 792 1986 vero
806 1927 842 1986 de
864 1935 985 2004 unaque
1005 1925 1275 1985 Praedestinationis
1294 1923 1441 2000 Angelorum

296 1991 485 2098 El‘ffiff‘*
529 2017 611 2086 parte
625 2008 735 2084 aliquid
755 2008 904 2066 dicamus:
926 2007 1023 2064 PrIme
1045 2005 1174 2064 occurrit
1196 2005 1303 2063 Ebrtio
1322 2003 1440 2072 bonorum,

265 2171 475 2250 confirmatione
485 2170 515 2226 in
524 2170 602 2242 bono,
615 2175 645 2226 ct
658 2169 840 2227 destinatione
853 2171 895 2226 ad
909 2168 994 2226 mmm
1008 2167 1212 2244 etsetr'citatem
1224 2163 1442 2242 sape-samaia,

264 2267 386 2323 quorum
400 2257 553 2323 utrumque
568 2267 606 2304 ex
619 2255 727 2306 eventu
740 2255 829 2324 patet.
872 2249 944 2306 Cum
958 2247 1034 2304 enim
1048 2246 1173 2324 quidam
1186 2267 1224 2304 ex
1246 2243 1312 2322 ipsis
1331 2242 1441 2318 origiuen

263 2347 345 2385 snam
360 2326 510 2401 servarint,
526 2326 599 2384 etin
613 2326 690 2384 bono
705 2326 763 2384 sint
787 2325 956 2400 confirmati,
971 2336 1005 2385 ut
1023 2327 1124 2385 facicm
1154 2327 1249 2386 Patris
1270 2323 1376 2382 rideant
1391 2339 1440 2379 con·
1497 2379 1498 2382 ,

262 2405 352 2480 tiouo,
369 2405 476 2463 Metth.
491 2405 574 2462 xviii.
592 2407 637 2480 10,
660 2404 787 2464 dubitari
808 2406 910 2482 nequit
933 2407 1005 2482 quin
1026 2407 1081 2465 hoc
1103 2405 1146 2465 ab
1171 2405 1316 2466 Electione
1335 2400 1439 2481 pendeat,

261 2484 404 2560 siquidem
419 2503 476 2541 non
490 2485 585 2561 potuit
598 2485 667 2542 oriri
680 2503 698 2543 a
711 2495 822 2560 namra,
838 2505 903 2562 quae
924 2485 980 2544 fuit
1002 2487 1129 2545 omnium
1157 2485 1313 2546 communis
1331 2481 1438 2541 exCrca·
1497 2511 1498 2552 ,

260 2563 347 2639 tione,
364 2563 527 2622 communia
540 2571 636 2623 antem
650 2584 709 2623 non
722 2565 833 2624 faciunt
845 2565 1009 2625 discrimen.
1052 2566 1178 2627 Interim
1203 2567 1301 2644 gratia,
1316 2559 1439 2621 velvirtm
1497 2561 1498 2624 l

260 2661 318 2722 qua
332 2651 473 2703 steterunt
487 2643 597 2720 Angeli
617 2644 686 2703 boni
700 2665 792 2722 usqne
806 2645 844 2704 ad
857 2647 1102 2706 confirmationem
1119 2667 1213 2722 suam,
1236 2654 1265 2706 et
1277 2644 1383 2703 aliorum
1393 2640 1437 2714 lap
1497 2657 1498 2676 ¹

260 2743 333 2798 aum,
350 2723 556 2800 distinguenda
569 2732 614 2784 cst
638 2745 655 2782 a
676 2727 775 2802 pratia
799 2729 988 2804 conflrmante,
1012 2745 1077 2806 qnae
1098 2726 1158 2786 fnit
1171 2728 1292 2806 primurn
1306 2719 1435 2781 lilactr'cnis

260 2801 449 2864 beneficium:
486 2805 561 2862 Nam
586 2805 724 2882 quamdin
746 2814 888 2865 steterunt
909 2815 1063 2884 antequam
1085 2809 1328 2878 confirmarentur,
1348 2800 1437 2860 rebant

259 2903 312 2966 per
325 2905 375 2944 cos
388 2886 466 2944 vires
480 2905 552 2962 quas
573 2893 742 2962 acceperant
762 2886 793 2944 in
814 2886 974 2963 Creetione‚
990 2895 1020 2946 ct
1043 2907 1108 2964 qnos
1130 2887 1194 2947 illis
1207 2891 1355 2946 concreata
1367 2885 1434 2948 erut

258 2983 310 3044 per
323 2985 396 3044 quas
410 2967 497 3026 etiarn
512 2965 622 3043 Angeli
635 2966 705 3024 mali
719 2974 860 3026 steterunt
883 2987 975 3044 usqne
990 2966 1027 3025 ad
1048 2967 1166 3044 lapsum
1178 2989 1185 3044 ;
1208 2966 1258 3026 sed
1271 2961 1374 3042 quando
1385 2975 1435 3016 con·

257 3045 364 3104 firmati
379 3055 454 3122 sunt,
470 3066 528 3105 non
540 3055 655 3106 tautum
669 3054 702 3105 ut
723 3065 782 3105 non
805 3046 978 3121 laberentur,
1003 3047 1055 3106 sed
1068 3054 1101 3105 ut
1123 3065 1222 3124 neque
1236 3051 1327 3106 essent
1339 3038 1435 3116 ampliu

257 3125 371 3202 labiles,
386 3127 442 3185 hoc
456 3127 493 3184 ab
508 3126 658 3186 Electione
672 3125 766 3202 fluxit,
787 3147 851 3204 quas
873 3127 927 3185 hos
941 3129 978 3185 ab
992 3125 1050 3185 illis
1072 3129 1208 3186 secrevit
1250 3126 1341 3184 Antea
1352 3119 1434 3178 habnt

258 3215 323 3264 rant
337 3207 475 3265 auxilium
488 3208 548 3265 aine
561 3227 617 3284 qno
630 3229 694 3282 non,
710 3207 788 3284 quod
802 3205 860 3265 illis
875 3206 1034 3266 sufficiebat
1047 3206 1085 3265 ad
1099 3207 1236 3266 standum
1251 3201 1433 3268 sivoluisscnti

258 3285 310 3342 sed
322 3304 375 3361 per
389 3285 568 3345 Electioncm
583 3288 746 3346 habuerunt
759 3288 898 3346 amittam
911 3305 966 3364 prro
980 3296 1046 3346 actu
1066 3295 1096 3345 et
1114 3284 1330 3346 immutabiliter
1340 3281 1432 3366 starent,

256 3363 341 3439 cujus
355 3366 394 3438 vi,
410 3385 447 3422 ex
462 3374 539 3424 statu
552 3366 704 3425 labilitatis
717 3367 842 3427 traducti
857 3367 971 3426 suntad
984 3375 1091 3426 statum
1100 3366 1307 3427 Imutebilam
1315 3359 1433 3420 felicintu

256 3450 286 3500 et
300 3442 400 3518 gloriae
419 3444 625 3504 inamissibilis.

297 3521 388 3581 VIII.
411 3523 551 3597 Quamvis
565 3545 635 3583 vero
649 3525 706 3584 ista
720 3526 833 3585 Electio
847 3545 904 3584 non
918 3526 1011 3604 possit
1024 3525 1081 3585 dici
1096 3527 1233 3604 gratuita,
1256 3543 1290 3583 eo
1302 3517 1377 3580 modo
1388 3529 1431 3592 quo

257 3599 369 3661 Electio
383 3601 540 3678 hominum,
556 3624 621 3682 quae
636 3605 698 3664 sola
723 3605 778 3664 Dei
802 3605 1015 3665 misecricordia
1035 3606 1146 3681 nititur,
1169 3625 1228 3665 nou
1246 3601 1431 3684 desinittcmeu

256 3701 320 3742 esse
334 3683 468 3760 gratuita,
484 3685 553 3760 quia
567 3685 648 3744 Deus
662 3685 699 3744 ad
718 3705 851 3745 eamnon
874 3686 1034 3745 tenebatur.
1076 3687 1152 3744 Nam
1174 3685 1289 3744 licetex
1304 3676 1430 3756 hypolhtffl

256 3761 365 3822 decreti
387 3763 422 3822 dc
437 3764 569 3823 creandis
584 3765 716 3843 Angelis,
738 3787 788 3826 eos
808 3767 901 3825 bonos
914 3775 943 3826 et
958 3775 1081 3842 sanctos,
1096 3785 1155 3825 non
1176 3772 1342 3844 peccatores,
1355 3769 1429 3844 ew}

255 3842 403 3918 debuerit3
425 3864 483 3903 non
504 3845 656 3904 tenebatur
675 3847 742 3906 illos
761 3865 856 3906 creare
873 3847 970 3923 justos
984 3845 1208 3919 immutabiliter,
1224 3853 1253 3904 at
1265 3841 1365 3900 nuum
1376 3833 1430 3925 seut

254 3922 389 4000 injuriam
403 3925 440 3984 iis
454 3945 527 4004 quos
546 3925 607 3984 labi
627 3928 757 4004 permisit
771 3945 823 3985 sua
843 3927 971 4004 ipsorum
985 3927 1078 4004 culpa,
1093 3933 1123 3985 et
1136 3926 1208 3984 eitra
1221 3923 1306 3984 ulam
1319 3918 1428 4006 lnjuqffl

253 4003 395 4080 potuisset
418 4005 491 4065 alios
514 4006 544 4064 in
567 4006 624 4064 isto
648 4006 798 4066 labilitatis
822 4015 900 4066 statu
923 4006 1094 4084 relinquere.
1138 4005 1222 4081 Quod
1242 4021 1309 4079 ergo
1329 4003 1428 4074 μω]

528 2109 593 2165 qnae
608 2087 721 2146 duobus
735 2087 848 2146 actibus
861 2087 1029 2161 absolvitru,
1045 2087 1272 2144 Proeaerocticnc
1285 2103 1304 2142 c
1316 2085 1395 2159 uper,
1406 2099 1442 2138 seu
1497 2081 1498 2130 ἶ

253 4083 478 4144 confirmationis
492 4085 551 4144 illis
563 4085 664 4164 largiri
674 4087 806 4162 volucrit,
822 4086 876 4145 suit
886 4105 925 4145 ex
937 4087 1119 4164 beneplacito
1133 4105 1194 4161 suo,
1208 4103 1265 4142 non
1275 4099 1311 4140 en
1322 4079 1428 4154 iptorum
1497 4117 1498 4120 =

252 4163 365 4224 merito.

266 4305 493 4381 cecc
514 4245 1426 4399 ,gppppnnn

280 4368 485 4414 'mmmmm'
513 4405 589 4465 inter
598 4405 771 4483 Theologos,
786 4427 840 4465 neo
855 4425 955 4465 omnes
969 4407 1045 4466 inter
1058 4404 1285 4465 seconsentinnt
1317 4396 1423 4474 eonon

249 4475 326 4538 tiunt
339 4481 456 4557 quidem
470 4503 652 4579 omnea‚·non
666 4505 750 4564 posse
765 4486 822 4545 dici
837 4487 977 4545 electoris
989 4487 1100 4546 orreo
1110 4473 1372 4614 remmoth
1383 4465 1421 4578 ¹¹¹³}

249 4564 669 4639 nonestpeccatum,rb1non
688 4565 774 4626 datur
790 4566 981 4644 redemptioni
999 4567 1098 4626 locust
1122 4565 1181 4625 Sed
1200 4581 1229 4622 ur
1242 4577 1274 4620 eo
1304 4549 1419 4616 lffldefllt

249 4631 299 4692 An
320 4637 417 4713 aliqua
438 4641 539 4701 saltem
560 4645 671 4704 ratione
685 4647 830 4705 Mediator
850 4646 979 4725 ipsorum
999 4647 1056 4707 dici
1077 4647 1177 4726 possit,
1191 4661 1246 4702 non
1258 4634 1362 4716 quidem
1374 4627 1419 4685 R·
