<?xml version="1.0" encoding="UTF-8"?>
<!DOCTYPE html PUBLIC "-//W3C//DTD XHTML 1.0 Transitional//EN"
    "http://www.w3.org/TR/xhtml1/DTD/xhtml1-transitional.dtd">
<html xmlns="http://www.w3.org/1999/xhtml" xml:lang="en" lang="en">
 <head>
  <title>
</title>
<meta http-equiv="Content-Type" content="text/html;charset=utf-8" />
  <meta name='ocr-system' content='tesseract 3.04.00' />
  <meta name='ocr-capabilities' content='ocr_page ocr_carea ocr_par ocr_line ocrx_word'/>
</head>
<body>
  <div class='ocr_page' id='page_1' title='image "./francisciturret01pictgoog_0275.png"; bbox 0 0 3152 5178; ppageno 0'>
   <div class='ocr_carea' id='block_1_1' title="bbox 284 373 1491 456">
    <p class='ocr_par' dir='ltr' id='par_1_1' title="bbox 284 373 1491 456">
     <span class='ocr_line' id='line_1_1' title="bbox 284 373 1491 456; baseline 0.002 -22"><span class='ocrx_word' id='word_1_1' title='bbox 284 377 344 436; x_wconf 88' lang='lat'>220</span> <span class='ocrx_word' id='word_1_2' title='bbox 758 393 850 438; x_wconf 76' lang='lat' dir='ltr'>rocus</span> <span class='ocrx_word' id='word_1_3' title='bbox 863 395 998 437; x_wconf 82' lang='lat' dir='ltr'>rnnrrus.</span> <span class='ocrx_word' id='word_1_4' title='bbox 1287 373 1412 456; x_wconf 73' lang='lat' dir='ltr'>[Qussr.</span> <span class='ocrx_word' id='word_1_5' title='bbox 1428 397 1491 438; x_wconf 78' lang='lat' dir='ltr'>xm.</span> 
     </span>
    </p>
   </div>
   <div class='ocr_carea' id='block_1_2' title="bbox 267 534 1547 3887">
    <p class='ocr_par' dir='ltr' id='par_1_2' title="bbox 282 534 1490 675">
     <span class='ocr_line' id='line_1_2' title="bbox 282 534 1490 675; baseline 0.004 -83"><span class='ocrx_word' id='word_1_6' title='bbox 282 553 345 675; x_wconf 68' lang='lat' dir='ltr'>lspru</span> <span class='ocrx_word' id='word_1_7' title='bbox 359 534 538 596; x_wconf 79' lang='lat' dir='ltr'>voluntatem</span> <span class='ocrx_word' id='word_1_8' title='bbox 561 535 747 596; x_wconf 85' lang='lat' dir='ltr'>succurrendi</span> <span class='ocrx_word' id='word_1_9' title='bbox 767 535 881 597; x_wconf 86' lang='lat' dir='ltr'>miseris</span> <span class='ocrx_word' id='word_1_10' title='bbox 902 537 1012 614; x_wconf 79' lang='lat' dir='ltr'>ubsque</span> <span class='ocrx_word' id='word_1_11' title='bbox 1035 535 1114 594; x_wconf 88' lang='lat' dir='ltr'>omni</span> <span class='ocrx_word' id='word_1_12' title='bbox 1136 534 1309 613; x_wconf 74' lang='lat' dir='ltr'>egritudine</span> <span class='ocrx_word' id='word_1_13' title='bbox 1329 543 1358 595; x_wconf 87' lang='lat' dir='ltr'>et</span> <span class='ocrx_word' id='word_1_14' title='bbox 1376 547 1490 614; x_wconf 87' lang='lat' dir='ltr'>pertur-</span> 
     </span>
     <span class='ocr_line' id='line_1_3' title="bbox 303 614 408 674; baseline 0.01 -1"><span class='ocrx_word' id='word_1_15' title='bbox 303 614 408 674; x_wconf 84' lang='lat' dir='ltr'>stione.</span> 
     </span>
    </p>

    <p class='ocr_par' dir='ltr' id='par_1_3' title="bbox 280 693 1490 1330">
     <span class='ocr_line' id='line_1_4' title="bbox 323 693 1490 773; baseline 0.003 -21"><span class='ocrx_word' id='word_1_16' title='bbox 323 694 382 754; x_wconf 91' lang='lat' dir='ltr'>XI.</span> <span class='ocrx_word' id='word_1_17' title='bbox 405 694 504 754; x_wconf 87' lang='lat' dir='ltr'><strong>Oritur</strong></span> <span class='ocrx_word' id='word_1_18' title='bbox 516 714 576 754; x_wconf 92' lang='lat' dir='ltr'>non</span> <span class='ocrx_word' id='word_1_19' title='bbox 589 694 627 754; x_wconf 84' lang='lat' dir='ltr'>sb</span> <span class='ocrx_word' id='word_1_20' title='bbox 640 695 738 772; x_wconf 73' lang='lat' dir='ltr'>alique</span> <span class='ocrx_word' id='word_1_21' title='bbox 750 715 839 756; x_wconf 81' lang='lat' dir='ltr'>censs</span> <span class='ocrx_word' id='word_1_22' title='bbox 851 702 972 756; x_wconf 81' lang='lat' dir='ltr'>externo</span> <span class='ocrx_word' id='word_1_23' title='bbox 985 715 1050 773; x_wconf 81' lang='lat' dir='ltr'>quae</span> <span class='ocrx_word' id='word_1_24' title='bbox 1070 695 1148 754; x_wconf 85' lang='lat' dir='ltr'>hunc</span> <span class='ocrx_word' id='word_1_25' title='bbox 1168 693 1304 754; x_wconf 84' lang='lat' dir='ltr'>effectum</span> <span class='ocrx_word' id='word_1_26' title='bbox 1324 695 1353 752; x_wconf 87' lang='lat' dir='ltr'>in</span> <span class='ocrx_word' id='word_1_27' title='bbox 1366 694 1490 754; x_wconf 88' lang='lat' dir='ltr'>homini-</span> 
     </span>
     <span class='ocr_line' id='line_1_5' title="bbox 281 773 1487 853; baseline 0.002 -21"><span class='ocrx_word' id='word_1_28' title='bbox 281 773 336 832; x_wconf 91' lang='lat' dir='ltr'>bus</span> <span class='ocrx_word' id='word_1_29' title='bbox 350 774 476 834; x_wconf 79' lang='lat' dir='ltr'>excitare</span> <span class='ocrx_word' id='word_1_30' title='bbox 491 775 583 852; x_wconf 86' lang='lat' dir='ltr'>solet;</span> <span class='ocrx_word' id='word_1_31' title='bbox 604 784 638 834; x_wconf 91' lang='lat' dir='ltr'>ut</span> <span class='ocrx_word' id='word_1_32' title='bbox 652 776 817 853; x_wconf 89' lang='lat' dir='ltr'>conjunctio</span> <span class='ocrx_word' id='word_1_33' title='bbox 831 776 989 853; x_wconf 81' lang='lat' dir='ltr'>sanguinis,</span> <span class='ocrx_word' id='word_1_34' title='bbox 1000 775 1141 852; x_wconf 72' lang='lat' dir='ltr'>amicitis,</span> <span class='ocrx_word' id='word_1_35' title='bbox 1154 775 1278 834; x_wconf 72' lang='lat' dir='ltr'>societas</span> <span class='ocrx_word' id='word_1_36' title='bbox 1289 794 1487 850; x_wconf 73' lang='lat' dir='ltr'>aerumnarum,</span> 
     </span>
     <span class='ocr_line' id='line_1_6' title="bbox 281 853 1487 931; baseline 0.002 -19"><span class='ocrx_word' id='word_1_37' title='bbox 281 854 464 914; x_wconf 71' lang='lat' dir='ltr'><strong>imbecillitas</strong></span> <span class='ocrx_word' id='word_1_38' title='bbox 477 854 579 931; x_wconf 77' lang='lat' dir='ltr'>vetetis,</span> <span class='ocrx_word' id='word_1_39' title='bbox 595 873 692 930; x_wconf 86' lang='lat' dir='ltr'>sexus,</span> <span class='ocrx_word' id='word_1_40' title='bbox 708 853 763 914; x_wconf 77' lang='lat' dir='ltr'>&amp;c</span> <span class='ocrx_word' id='word_1_41' title='bbox 806 855 865 916; x_wconf 85' lang='lat' dir='ltr'>Sed</span> <span class='ocrx_word' id='word_1_42' title='bbox 885 875 904 914; x_wconf 86' lang='lat' dir='ltr'>e</span> <span class='ocrx_word' id='word_1_43' title='bbox 923 855 986 914; x_wconf 82' lang='lat' dir='ltr'>sols</span> <span class='ocrx_word' id='word_1_44' title='bbox 1006 855 1142 930; x_wconf 73' lang='lat' dir='ltr'>bonitate,</span> <span class='ocrx_word' id='word_1_45' title='bbox 1158 873 1224 930; x_wconf 78' lang='lat' dir='ltr'>quae</span> <span class='ocrx_word' id='word_1_46' title='bbox 1237 861 1271 914; x_wconf 94' lang='lat' dir='ltr'>ut</span> <span class='ocrx_word' id='word_1_47' title='bbox 1285 874 1348 913; x_wconf 87' lang='lat' dir='ltr'>sese</span> <span class='ocrx_word' id='word_1_48' title='bbox 1361 875 1487 914; x_wconf 88' lang='lat' dir='ltr'>commu-</span> 
     </span>
     <span class='ocr_line' id='line_1_7' title="bbox 281 934 1487 1012; baseline 0.002 -20"><span class='ocrx_word' id='word_1_49' title='bbox 281 934 377 993; x_wconf 75' lang='lat' dir='ltr'>nicare</span> <span class='ocrx_word' id='word_1_50' title='bbox 391 942 469 993; x_wconf 81' lang='lat' dir='ltr'>emet</span> <span class='ocrx_word' id='word_1_51' title='bbox 483 935 636 1010; x_wconf 64' lang='lat' dir='ltr'>ereatura,</span> <span class='ocrx_word' id='word_1_52' title='bbox 648 935 689 994; x_wconf 89' lang='lat' dir='ltr'>its</span> <span class='ocrx_word' id='word_1_53' title='bbox 702 935 821 994; x_wconf 75' lang='lat' dir='ltr'>miseras</span> <span class='ocrx_word' id='word_1_54' title='bbox 836 955 1000 996; x_wconf 75' lang='lat' dir='ltr'>succurrere</span> <span class='ocrx_word' id='word_1_55' title='bbox 1014 954 1073 993; x_wconf 89' lang='lat' dir='ltr'>non</span> <span class='ocrx_word' id='word_1_56' title='bbox 1086 934 1201 994; x_wconf 72' lang='lat' dir='ltr'>desiuit„</span> <span class='ocrx_word' id='word_1_57' title='bbox 1224 934 1359 1011; x_wconf 84' lang='lat' dir='ltr'>Requirit</span> <span class='ocrx_word' id='word_1_58' title='bbox 1372 935 1487 1012; x_wconf 89' lang='lat' dir='ltr'>quidem</span> 
     </span>
     <span class='ocr_line' id='line_1_8' title="bbox 281 1013 1488 1091; baseline 0.002 -19"><span class='ocrx_word' id='word_1_59' title='bbox 281 1013 311 1072; x_wconf 90' lang='lat' dir='ltr'>in</span> <span class='ocrx_word' id='word_1_60' title='bbox 326 1014 439 1091; x_wconf 88' lang='lat' dir='ltr'>objecto</span> <span class='ocrx_word' id='word_1_61' title='bbox 452 1013 606 1090; x_wconf 83' lang='lat' dir='ltr'>miseriem,</span> <span class='ocrx_word' id='word_1_62' title='bbox 621 1014 673 1074; x_wconf 84' lang='lat' dir='ltr'>sed</span> <span class='ocrx_word' id='word_1_63' title='bbox 686 1034 752 1091; x_wconf 74' lang='lat' dir='ltr'>qum</span> <span class='ocrx_word' id='word_1_64' title='bbox 765 1015 853 1074; x_wconf 83' lang='lat' dir='ltr'>hebet</span> <span class='ocrx_word' id='word_1_65' title='bbox 875 1015 1016 1074; x_wconf 80' lang='lat' dir='ltr'>rationem</span> <span class='ocrx_word' id='word_1_66' title='bbox 1033 1013 1207 1074; x_wconf 88' lang='lat' dir='ltr'>conditionis</span> <span class='ocrx_word' id='word_1_67' title='bbox 1220 1022 1250 1073; x_wconf 87' lang='lat' dir='ltr'>et</span> <span class='ocrx_word' id='word_1_68' title='bbox 1263 1014 1415 1091; x_wconf 75' lang='lat' dir='ltr'>qualitetis</span> <span class='ocrx_word' id='word_1_69' title='bbox 1428 1024 1488 1074; x_wconf 75' lang='lat' dir='ltr'>tan·</span> 
     </span>
     <span class='ocr_line' id='line_1_9' title="bbox 280 1093 1488 1172; baseline 0.002 -21"><span class='ocrx_word' id='word_1_70' title='bbox 280 1100 351 1169; x_wconf 88' lang='lat' dir='ltr'>tum,</span> <span class='ocrx_word' id='word_1_71' title='bbox 366 1113 425 1153; x_wconf 91' lang='lat' dir='ltr'>non</span> <span class='ocrx_word' id='word_1_72' title='bbox 448 1113 518 1153; x_wconf 86' lang='lat' dir='ltr'>vcro</span> <span class='ocrx_word' id='word_1_73' title='bbox 532 1093 655 1170; x_wconf 79' lang='lat' dir='ltr'>&#39;causoe3</span> <span class='ocrx_word' id='word_1_74' title='bbox 678 1095 718 1153; x_wconf 84' lang='lat' dir='ltr'>Et</span> <span class='ocrx_word' id='word_1_75' title='bbox 740 1094 783 1154; x_wconf 85' lang='lat' dir='ltr'>its</span> <span class='ocrx_word' id='word_1_76' title='bbox 803 1095 893 1154; x_wconf 87' lang='lat' dir='ltr'>libere</span> <span class='ocrx_word' id='word_1_77' title='bbox 917 1102 1051 1154; x_wconf 79' lang='lat' dir='ltr'>versatur</span> <span class='ocrx_word' id='word_1_78' title='bbox 1072 1095 1148 1154; x_wconf 81' lang='lat' dir='ltr'>circe</span> <span class='ocrx_word' id='word_1_79' title='bbox 1167 1093 1249 1170; x_wconf 80' lang='lat' dir='ltr'>illud,</span> <span class='ocrx_word' id='word_1_80' title='bbox 1273 1101 1306 1153; x_wconf 92' lang='lat' dir='ltr'>ut</span> <span class='ocrx_word' id='word_1_81' title='bbox 1319 1095 1414 1172; x_wconf 81' lang='lat' dir='ltr'><strong>possit</strong></span> <span class='ocrx_word' id='word_1_82' title='bbox 1428 1115 1488 1153; x_wconf 85' lang='lat' dir='ltr'>sese</span> 
     </span>
     <span class='ocr_line' id='line_1_10' title="bbox 281 1173 1488 1254; baseline 0.002 -22"><span class='ocrx_word' id='word_1_83' title='bbox 281 1193 408 1250; x_wconf 83' lang='lat' dir='ltr'>exerere,</span> <span class='ocrx_word' id='word_1_84' title='bbox 431 1175 480 1233; x_wconf 88' lang='lat' dir='ltr'>vel</span> <span class='ocrx_word' id='word_1_85' title='bbox 503 1193 563 1232; x_wconf 90' lang='lat' dir='ltr'>non</span> <span class='ocrx_word' id='word_1_86' title='bbox 583 1193 700 1234; x_wconf 83' lang='lat' dir='ltr'>exercre</span> <span class='ocrx_word' id='word_1_87' title='bbox 725 1175 786 1233; x_wconf 87' lang='lat' dir='ltr'>siue</span> <span class='ocrx_word' id='word_1_88' title='bbox 811 1176 982 1254; x_wconf 84' lang='lat' dir='ltr'>cujusquam</span> <span class='ocrx_word' id='word_1_89' title='bbox 1004 1173 1127 1252; x_wconf 79' lang='lat' dir='ltr'>injuris3</span> <span class='ocrx_word' id='word_1_90' title='bbox 1149 1173 1227 1234; x_wconf 85' lang='lat' dir='ltr'>unde</span> <span class='ocrx_word' id='word_1_91' title='bbox 1240 1174 1371 1233; x_wconf 58' lang='lat' dir='ltr'>muffet-i</span> <span class='ocrx_word' id='word_1_92' title='bbox 1383 1174 1488 1234; x_wconf 87' lang='lat' dir='ltr'>dicitur</span> 
     </span>
     <span class='ocr_line' id='line_1_11' title="bbox 280 1253 660 1330; baseline 0.005 -19"><span class='ocrx_word' id='word_1_93' title='bbox 280 1257 360 1330; x_wconf 80' lang='lat' dir='ltr'>cujus</span> <span class='ocrx_word' id='word_1_94' title='bbox 372 1257 438 1330; x_wconf 79' lang='lat' dir='ltr'>vult,</span> <span class='ocrx_word' id='word_1_95' title='bbox 455 1254 540 1312; x_wconf 90' lang='lat' dir='ltr'>Rom.</span> <span class='ocrx_word' id='word_1_96' title='bbox 555 1253 597 1313; x_wconf 86' lang='lat' dir='ltr'>ix.</span> <span class='ocrx_word' id='word_1_97' title='bbox 614 1256 660 1313; x_wconf 88' lang='lat'>18.</span> 
     </span>
    </p>

    <p class='ocr_par' dir='ltr' id='par_1_4' title="bbox 583 1331 1487 1412">
     <span class='ocr_line' id='line_1_12' title="bbox 583 1331 1487 1412; baseline 0.003 -21"><span class='ocrx_word' id='word_1_98' title='bbox 583 1333 660 1392; x_wconf 86' lang='lat' dir='ltr'>XII.</span> <span class='ocrx_word' id='word_1_99' title='bbox 683 1333 802 1411; x_wconf 81' lang='lat' dir='ltr'><strong>Duplex</strong></span> <span class='ocrx_word' id='word_1_100' title='bbox 815 1341 913 1394; x_wconf 83' lang='lat' dir='ltr'>cutem</span> <span class='ocrx_word' id='word_1_101' title='bbox 925 1333 1016 1410; x_wconf 84' lang='lat' dir='ltr'>vulgo</span> <span class='ocrx_word' id='word_1_102' title='bbox 1031 1331 1183 1409; x_wconf 61' lang='lat' dir='ltr'>sternitum</span> <span class='ocrx_word' id='word_1_103' title='bbox 1205 1351 1265 1392; x_wconf 83' lang='lat' dir='ltr'>une</span> <span class='ocrx_word' id='word_1_104' title='bbox 1275 1335 1420 1410; x_wconf 75' lang='lat' dir='ltr'>preculis</span> <span class='ocrx_word' id='word_1_105' title='bbox 1433 1353 1487 1412; x_wconf 83' lang='lat' dir='ltr'>que</span> 
     </span>
    </p>

    <p class='ocr_par' dir='ltr' id='par_1_5' title="bbox 289 1397 1485 1502">
     <span class='ocr_line' id='line_1_13' title="bbox 289 1397 1485 1502; baseline 0.003 -32"><span class='ocrx_word' id='word_1_106' title='bbox 289 1397 513 1502; x_wconf 53' lang='lat' dir='ltr'>‘immffffifflffl&#39;</span> <span class='ocrx_word' id='word_1_107' title='bbox 542 1413 624 1472; x_wconf 90' lang='lat' dir='ltr'>Deus</span> <span class='ocrx_word' id='word_1_108' title='bbox 637 1414 771 1472; x_wconf 88' lang='lat' dir='ltr'>omnibus</span> <span class='ocrx_word' id='word_1_109' title='bbox 785 1413 924 1474; x_wconf 78' lang='lat' dir='ltr'>creaturis</span> <span class='ocrx_word' id='word_1_110' title='bbox 938 1413 968 1470; x_wconf 88' lang='lat' dir='ltr'>in</span> <span class='ocrx_word' id='word_1_111' title='bbox 981 1413 1080 1489; x_wconf 80' lang='lat' dir='ltr'>eliqua</span> <span class='ocrx_word' id='word_1_112' title='bbox 1100 1413 1216 1471; x_wconf 87' lang='lat' dir='ltr'>miseris</span> <span class='ocrx_word' id='word_1_113' title='bbox 1236 1413 1404 1472; x_wconf 83' lang='lat' dir='ltr'>constitutis</span> <span class='ocrx_word' id='word_1_114' title='bbox 1425 1433 1485 1473; x_wconf 84' lang='lat' dir='ltr'>suc·</span> 
     </span>
    </p>

    <p class='ocr_par' dir='ltr' id='par_1_6' title="bbox 436 1489 1483 1570">
     <span class='ocr_line' id='line_1_14' title="bbox 436 1489 1483 1570; baseline 0.002 -20"><span class='ocrx_word' id='word_1_115' title='bbox 436 1489 442 1503; x_wconf 86' lang='lat'>&#39;</span> <span class='ocrx_word' id='word_1_116' title='bbox 541 1493 638 1568; x_wconf 80' lang='lat' dir='ltr'>currit,</span> <span class='ocrx_word' id='word_1_117' title='bbox 655 1493 733 1553; x_wconf 75' lang='lat' dir='ltr'>Psel.</span> <span class='ocrx_word' id='word_1_118' title='bbox 748 1493 804 1552; x_wconf 91' lang='lat' dir='ltr'>civ.</span> <span class='ocrx_word' id='word_1_119' title='bbox 820 1497 868 1570; x_wconf 83' lang='grc'>27,</span> <span class='ocrx_word' id='word_1_120' title='bbox 892 1493 950 1551; x_wconf 82' lang='lat' dir='ltr'>ulis</span> <span class='ocrx_word' id='word_1_121' title='bbox 969 1493 1098 1569; x_wconf 80' lang='lat' dir='ltr'>specialis</span> <span class='ocrx_word' id='word_1_122' title='bbox 1120 1513 1179 1570; x_wconf 80' lang='lat' dir='ltr'>qus</span> <span class='ocrx_word' id='word_1_123' title='bbox 1192 1511 1311 1551; x_wconf 90' lang='lat' dir='ltr'>suorum</span> <span class='ocrx_word' id='word_1_124' title='bbox 1326 1493 1483 1567; x_wconf 84' lang='lat' dir='ltr'>miseretur,</span> 
     </span>
    </p>

    <p class='ocr_par' dir='ltr' id='par_1_7' title="bbox 277 1569 1483 1651">
     <span class='ocr_line' id='line_1_15' title="bbox 277 1569 1483 1651; baseline 0.002 -23"><span class='ocrx_word' id='word_1_125' title='bbox 277 1570 347 1630; x_wconf 87' lang='lat' dir='ltr'>dum</span> <span class='ocrx_word' id='word_1_126' title='bbox 360 1590 399 1629; x_wconf 85' lang='lat' dir='ltr'>ex</span> <span class='ocrx_word' id='word_1_127' title='bbox 412 1569 577 1630; x_wconf 88' lang='lat' dir='ltr'>hominibus</span> <span class='ocrx_word' id='word_1_128' title='bbox 590 1571 679 1650; x_wconf 80' lang='lat' dir='ltr'>lapsis</span> <span class='ocrx_word' id='word_1_129' title='bbox 693 1572 834 1649; x_wconf 79' lang='lat' dir='ltr'>quosdam</span> <span class='ocrx_word' id='word_1_130' title='bbox 847 1571 938 1650; x_wconf 87' lang='lat' dir='ltr'>elegit</span> <span class='ocrx_word' id='word_1_131' title='bbox 952 1573 1110 1632; x_wconf 82' lang='lat' dir='ltr'>servandos</span> <span class='ocrx_word' id='word_1_132' title='bbox 1123 1593 1175 1650; x_wconf 92' lang='lat' dir='ltr'>per</span> <span class='ocrx_word' id='word_1_133' title='bbox 1189 1572 1345 1648; x_wconf 81' lang='lat' dir='ltr'>Christum,</span> <span class='ocrx_word' id='word_1_134' title='bbox 1357 1572 1410 1651; x_wconf 92' lang='lat' dir='ltr'>qni</span> <span class='ocrx_word' id='word_1_135' title='bbox 1422 1574 1483 1632; x_wconf 89' lang='lat' dir='ltr'>ideo</span> 
     </span>
    </p>

    <p class='ocr_par' dir='ltr' id='par_1_8' title="bbox 276 1650 1485 1730">
     <span class='ocr_line' id='line_1_16' title="bbox 276 1650 1485 1730; baseline 0.002 -22"><span class='ocrx_word' id='word_1_136' title='bbox 276 1669 347 1708; x_wconf 77' lang='lat' dir='ltr'>cosa</span> <span class='ocrx_word' id='word_1_137' title='bbox 360 1650 559 1709; x_wconf 58' lang='lat' dir='ltr'>misricordt&#39;oe</span> <span class='ocrx_word' id='word_1_138' title='bbox 571 1660 731 1712; x_wconf 70' lang='lat' dir='ltr'>vocantur:</span> <span class='ocrx_word' id='word_1_139' title='bbox 747 1652 805 1710; x_wconf 82' lang='lat' dir='ltr'>Ille</span> <span class='ocrx_word' id='word_1_140' title='bbox 813 1653 979 1730; x_wconf 83' lang='lat' dir='ltr'>temporalis</span> <span class='ocrx_word' id='word_1_141' title='bbox 993 1660 1046 1726; x_wconf 87' lang='lat' dir='ltr'>est,</span> <span class='ocrx_word' id='word_1_142' title='bbox 1059 1673 1123 1730; x_wconf 86' lang='lat' dir='ltr'>quse</span> <span class='ocrx_word' id='word_1_143' title='bbox 1137 1660 1270 1712; x_wconf 76' lang='lat' dir='ltr'>versetur</span> <span class='ocrx_word' id='word_1_144' title='bbox 1283 1661 1399 1712; x_wconf 74' lang='lat' dir='ltr'>tcntrm</span> <span class='ocrx_word' id='word_1_145' title='bbox 1413 1653 1485 1712; x_wconf 81' lang='lat' dir='ltr'>circs</span> 
     </span>
    </p>

    <p class='ocr_par' dir='ltr' id='par_1_9' title="bbox 274 1731 1483 1887">
     <span class='ocr_line' id='line_1_17' title="bbox 274 1731 1483 1811; baseline 0.004 -24"><span class='ocrx_word' id='word_1_146' title='bbox 274 1755 310 1788; x_wconf 76' lang='grc' dir='ltr'>τι</span> <span class='ocrx_word' id='word_1_147' title='bbox 322 1734 438 1802; x_wconf 67' lang='grc' dir='ltr'>βιωτικὰ,</span> <span class='ocrx_word' id='word_1_148' title='bbox 453 1739 483 1788; x_wconf 91' lang='lat' dir='ltr'>et</span> <span class='ocrx_word' id='word_1_149' title='bbox 495 1731 573 1790; x_wconf 87' lang='lat' dir='ltr'>bons</span> <span class='ocrx_word' id='word_1_150' title='bbox 586 1731 674 1808; x_wconf 87' lang='lat' dir='ltr'>hujus</span> <span class='ocrx_word' id='word_1_151' title='bbox 688 1732 773 1808; x_wconf 78' lang='lat' dir='ltr'>vitae3</span> <span class='ocrx_word' id='word_1_152' title='bbox 794 1733 857 1791; x_wconf 80' lang='lat' dir='ltr'>hsce</span> <span class='ocrx_word' id='word_1_153' title='bbox 880 1752 950 1791; x_wconf 89' lang='lat' dir='ltr'>vero</span> <span class='ocrx_word' id='word_1_154' title='bbox 966 1733 1099 1792; x_wconf 77' lang='lat' dir='ltr'>saluteris</span> <span class='ocrx_word' id='word_1_155' title='bbox 1113 1741 1143 1792; x_wconf 88' lang='lat' dir='ltr'>et</span> <span class='ocrx_word' id='word_1_156' title='bbox 1164 1739 1280 1809; x_wconf 73' lang='lat' dir='ltr'>eterno,</span> <span class='ocrx_word' id='word_1_157' title='bbox 1302 1752 1369 1811; x_wconf 83' lang='lat' dir='ltr'>quse</span> <span class='ocrx_word' id='word_1_158' title='bbox 1383 1753 1437 1792; x_wconf 87' lang='lat' dir='ltr'>nos</span> <span class='ocrx_word' id='word_1_159' title='bbox 1455 1732 1483 1792; x_wconf 92' lang='lat' dir='ltr'>in</span> 
     </span>
     <span class='ocr_line' id='line_1_18' title="bbox 275 1811 969 1887; baseline 0.004 -18"><span class='ocrx_word' id='word_1_160' title='bbox 275 1811 488 1887; x_wconf 86' lang='lat' dir='ltr'>possessionem</span> <span class='ocrx_word' id='word_1_161' title='bbox 502 1811 604 1870; x_wconf 79' lang='lat' dir='ltr'>solutis</span> <span class='ocrx_word' id='word_1_162' title='bbox 618 1821 648 1870; x_wconf 87' lang='lat' dir='ltr'>et</span> <span class='ocrx_word' id='word_1_163' title='bbox 662 1811 730 1871; x_wconf 82' lang='lat' dir='ltr'>vitre</span> <span class='ocrx_word' id='word_1_164' title='bbox 744 1820 858 1871; x_wconf 83' lang='lat' dir='ltr'>aeternae</span> <span class='ocrx_word' id='word_1_165' title='bbox 872 1813 969 1872; x_wconf 88' lang='lat' dir='ltr'>mittit.</span> 
     </span>
    </p>

    <p class='ocr_par' dir='ltr' id='par_1_10' title="bbox 271 1890 1484 3246">
     <span class='ocr_line' id='line_1_19' title="bbox 316 1890 1484 1969; baseline 0.001 -21"><span class='ocrx_word' id='word_1_166' title='bbox 316 1890 412 1950; x_wconf 84' lang='grc' dir='ltr'><strong>ΧΙΙΙ.</strong></span> <span class='ocrx_word' id='word_1_167' title='bbox 428 1891 602 1968; x_wconf 76' lang='lat' dir='ltr'><strong>Magnitudo</strong></span> <span class='ocrx_word' id='word_1_168' title='bbox 617 1891 820 1950; x_wconf 74' lang='lat' dir='ltr'>misericordis</span> <span class='ocrx_word' id='word_1_169' title='bbox 834 1892 980 1969; x_wconf 84' lang='lat' dir='ltr'>colligitur</span> <span class='ocrx_word' id='word_1_170' title='bbox 998 1911 1037 1951; x_wconf 83' lang='lat' dir='ltr'>ex</span> <span class='ocrx_word' id='word_1_171' title='bbox 1051 1891 1149 1966; x_wconf 79' lang='lat' dir='ltr'>variis,</span> <span class='ocrx_word' id='word_1_172' title='bbox 1174 1894 1201 1950; x_wconf 88' lang='lat'>1.</span> <span class='ocrx_word' id='word_1_173' title='bbox 1217 1891 1343 1951; x_wconf 74' lang='lat' dir='ltr'>Ratione</span> <span class='ocrx_word' id='word_1_174' title='bbox 1348 1891 1484 1969; x_wconf 71' lang='lat' dir='ltr'>principii</span> 
     </span>
     <span class='ocr_line' id='line_1_20' title="bbox 274 1970 1481 2049; baseline 0.002 -20"><span class='ocrx_word' id='word_1_175' title='bbox 274 1970 441 2046; x_wconf 62' lang='lat' dir='ltr'>momenti,</span> <span class='ocrx_word' id='word_1_176' title='bbox 456 1971 550 2030; x_wconf 78' lang='lat' dir='ltr'>nlmir.</span> <span class='ocrx_word' id='word_1_177' title='bbox 575 1971 640 2047; x_wconf 79' lang='lat' dir='ltr'>Dei,</span> <span class='ocrx_word' id='word_1_178' title='bbox 666 1973 716 2048; x_wconf 91' lang='lat' dir='ltr'>qui</span> <span class='ocrx_word' id='word_1_179' title='bbox 739 1971 968 2046; x_wconf 82' lang='lat' dir='ltr'>beatissimusin</span> <span class='ocrx_word' id='word_1_180' title='bbox 990 1991 1029 2048; x_wconf 62' lang='lat' dir='ltr'>se„</span> <span class='ocrx_word' id='word_1_181' title='bbox 1054 1980 1085 2032; x_wconf 88' lang='lat' dir='ltr'>et</span> <span class='ocrx_word' id='word_1_182' title='bbox 1098 1972 1179 2031; x_wconf 85' lang='lat' dir='ltr'>nulls</span> <span class='ocrx_word' id='word_1_183' title='bbox 1199 1991 1230 2030; x_wconf 89' lang='lat' dir='ltr'>re</span> <span class='ocrx_word' id='word_1_184' title='bbox 1244 1971 1373 2049; x_wconf 85' lang='lat' dir='ltr'>indigus,</span> <span class='ocrx_word' id='word_1_185' title='bbox 1396 1972 1481 2032; x_wconf 86' lang='lat' dir='ltr'>nostri</span> 
     </span>
     <span class='ocr_line' id='line_1_21' title="bbox 274 2049 1480 2130; baseline 0.002 -21"><span class='ocrx_word' id='word_1_186' title='bbox 274 2051 412 2128; x_wconf 79' lang='lat' dir='ltr'>misereri,</span> <span class='ocrx_word' id='word_1_187' title='bbox 438 2051 500 2110; x_wconf 83' lang='lat' dir='ltr'>sols</span> <span class='ocrx_word' id='word_1_188' title='bbox 518 2049 616 2130; x_wconf 61' lang='lat' dir='ltr'>stimi:</span> <span class='ocrx_word' id='word_1_189' title='bbox 629 2071 682 2111; x_wconf 85' lang='lat' dir='ltr'>sus</span> <span class='ocrx_word' id='word_1_190' title='bbox 695 2060 799 2128; x_wconf 84' lang='lat' dir='ltr'>motus,</span> <span class='ocrx_word' id='word_1_191' title='bbox 814 2073 873 2111; x_wconf 88' lang='lat' dir='ltr'>non</span> <span class='ocrx_word' id='word_1_192' title='bbox 893 2051 1076 2130; x_wconf 80' lang='lat' dir='ltr'>dedignatur.</span> <span class='ocrx_word' id='word_1_193' title='bbox 1118 2056 1146 2112; x_wconf 89' lang='lat'>2.</span> <span class='ocrx_word' id='word_1_194' title='bbox 1169 2051 1294 2111; x_wconf 73' lang='lat' dir='ltr'>Ratione</span> <span class='ocrx_word' id='word_1_195' title='bbox 1307 2053 1480 2127; x_wconf 69' lang='lat' dir='ltr'>objectorum</span> 
     </span>
     <span class='ocr_line' id='line_1_22' title="bbox 274 2129 1480 2209; baseline 0.002 -21"><span class='ocrx_word' id='word_1_196' title='bbox 274 2130 314 2188; x_wconf 91' lang='lat' dir='ltr'>id.</span> <span class='ocrx_word' id='word_1_197' title='bbox 329 2132 478 2191; x_wconf 86' lang='lat' dir='ltr'>hominum</span> <span class='ocrx_word' id='word_1_198' title='bbox 502 2151 624 2208; x_wconf 89' lang='lat' dir='ltr'>quorum</span> <span class='ocrx_word' id='word_1_199' title='bbox 645 2132 804 2207; x_wconf 86' lang='lat' dir='ltr'>miseretur,</span> <span class='ocrx_word' id='word_1_200' title='bbox 828 2132 879 2209; x_wconf 90' lang='lat' dir='ltr'>qni</span> <span class='ocrx_word' id='word_1_201' title='bbox 902 2151 960 2190; x_wconf 91' lang='lat' dir='ltr'>non</span> <span class='ocrx_word' id='word_1_202' title='bbox 981 2131 1068 2190; x_wconf 89' lang='lat' dir='ltr'>modo</span> <span class='ocrx_word' id='word_1_203' title='bbox 1089 2131 1162 2190; x_wconf 88' lang='lat' dir='ltr'>nihil</span> <span class='ocrx_word' id='word_1_204' title='bbox 1183 2131 1241 2190; x_wconf 77' lang='lat' dir='ltr'>tsle</span> <span class='ocrx_word' id='word_1_205' title='bbox 1254 2141 1413 2207; x_wconf 86' lang='lat' dir='ltr'>merentur,</span> <span class='ocrx_word' id='word_1_206' title='bbox 1435 2129 1480 2190; x_wconf 87' lang='lat' dir='ltr'>sed</span> 
     </span>
     <span class='ocr_line' id='line_1_23' title="bbox 273 2209 1479 2290; baseline 0.002 -22"><span class='ocrx_word' id='word_1_207' title='bbox 273 2211 359 2287; x_wconf 81' lang='lat' dir='ltr'>plene</span> <span class='ocrx_word' id='word_1_208' title='bbox 372 2212 428 2270; x_wconf 90' lang='lat' dir='ltr'>hoc</span> <span class='ocrx_word' id='word_1_209' title='bbox 441 2211 540 2270; x_wconf 80' lang='lat' dir='ltr'>favore</span> <span class='ocrx_word' id='word_1_210' title='bbox 560 2219 627 2270; x_wconf 88' lang='lat' dir='ltr'>sunt</span> <span class='ocrx_word' id='word_1_211' title='bbox 646 2211 768 2288; x_wconf 77' lang='lat' dir='ltr'>indigni,</span> <span class='ocrx_word' id='word_1_212' title='bbox 790 2220 890 2290; x_wconf 86' lang='lat' dir='ltr'>utpote</span> <span class='ocrx_word' id='word_1_213' title='bbox 911 2219 1083 2288; x_wconf 84' lang='lat' dir='ltr'>peccatores,</span> <span class='ocrx_word' id='word_1_214' title='bbox 1099 2219 1128 2270; x_wconf 88' lang='lat' dir='ltr'>et</span> <span class='ocrx_word' id='word_1_215' title='bbox 1141 2209 1250 2269; x_wconf 88' lang='lat' dir='ltr'>inimici</span> <span class='ocrx_word' id='word_1_216' title='bbox 1266 2211 1331 2270; x_wconf 84' lang='lat' dir='ltr'>Del.</span> <span class='ocrx_word' id='word_1_217' title='bbox 1376 2215 1405 2271; x_wconf 88' lang='grc'>3.</span> <span class='ocrx_word' id='word_1_218' title='bbox 1427 2211 1479 2270; x_wconf 82' lang='lat' dir='ltr'>Rs·</span> 
     </span>
     <span class='ocr_line' id='line_1_24' title="bbox 273 2289 1478 2368; baseline 0.001 -21"><span class='ocrx_word' id='word_1_219' title='bbox 273 2289 351 2348; x_wconf 87' lang='lat' dir='ltr'>tione</span> <span class='ocrx_word' id='word_1_220' title='bbox 367 2292 444 2350; x_wconf 79' lang='lat' dir='ltr'>modi</span> <span class='ocrx_word' id='word_1_221' title='bbox 455 2299 482 2348; x_wconf 87' lang='lat' dir='ltr'>et</span> <span class='ocrx_word' id='word_1_222' title='bbox 495 2292 662 2366; x_wconf 60' lang='lat' dir='ltr'>ffectorum,</span> <span class='ocrx_word' id='word_1_223' title='bbox 678 2291 747 2367; x_wconf 82' lang='lat' dir='ltr'>quis</span> <span class='ocrx_word' id='word_1_224' title='bbox 759 2300 878 2368; x_wconf 73' lang='lat' dir='ltr'>peccate</span> <span class='ocrx_word' id='word_1_225' title='bbox 891 2291 1041 2350; x_wconf 78' lang='lat' dir='ltr'>innumere</span> <span class='ocrx_word' id='word_1_226' title='bbox 1054 2291 1138 2350; x_wconf 90' lang='lat' dir='ltr'>nobis</span> <span class='ocrx_word' id='word_1_227' title='bbox 1152 2290 1281 2364; x_wconf 76' lang='lat' dir='ltr'>remittit,</span> <span class='ocrx_word' id='word_1_228' title='bbox 1303 2297 1334 2350; x_wconf 90' lang='lat' dir='ltr'>et</span> <span class='ocrx_word' id='word_1_229' title='bbox 1348 2301 1478 2351; x_wconf 82' lang='lat' dir='ltr'>aetemsur</span> 
     </span>
     <span class='ocr_line' id='line_1_25' title="bbox 272 2368 1478 2446; baseline 0.002 -20"><span class='ocrx_word' id='word_1_230' title='bbox 272 2368 418 2428; x_wconf 80' lang='lat' dir='ltr'>miseriam</span> <span class='ocrx_word' id='word_1_231' title='bbox 432 2390 450 2428; x_wconf 86' lang='lat' dir='ltr'><strong>s</strong></span> <span class='ocrx_word' id='word_1_232' title='bbox 463 2369 546 2428; x_wconf 90' lang='lat' dir='ltr'>nobis</span> <span class='ocrx_word' id='word_1_233' title='bbox 560 2378 698 2444; x_wconf 85' lang='lat' dir='ltr'>removet,</span> <span class='ocrx_word' id='word_1_234' title='bbox 714 2380 743 2429; x_wconf 93' lang='lat' dir='ltr'>et</span> <span class='ocrx_word' id='word_1_235' title='bbox 756 2370 864 2429; x_wconf 89' lang='lat' dir='ltr'>bonum</span> <span class='ocrx_word' id='word_1_236' title='bbox 884 2370 1029 2430; x_wconf 84' lang='lat' dir='ltr'>infinitum</span> <span class='ocrx_word' id='word_1_237' title='bbox 1048 2379 1079 2430; x_wconf 90' lang='lat' dir='ltr'>et</span> <span class='ocrx_word' id='word_1_238' title='bbox 1099 2379 1246 2446; x_wconf 73' lang='lat' dir='ltr'>ueternum,</span> <span class='ocrx_word' id='word_1_239' title='bbox 1262 2370 1355 2429; x_wconf 80' lang='lat' dir='ltr'>vitem</span> <span class='ocrx_word' id='word_1_240' title='bbox 1377 2371 1439 2431; x_wconf 84' lang='lat' dir='ltr'>scil.</span> <span class='ocrx_word' id='word_1_241' title='bbox 1452 2381 1478 2429; x_wconf 86' lang='lat' dir='ltr'>ct</span> 
     </span>
     <span class='ocr_line' id='line_1_26' title="bbox 272 2448 1477 2528; baseline 0.003 -22"><span class='ocrx_word' id='word_1_242' title='bbox 272 2448 395 2507; x_wconf 76' lang='lat' dir='ltr'>sulutem</span> <span class='ocrx_word' id='word_1_243' title='bbox 410 2448 528 2508; x_wconf 85' lang='lat' dir='ltr'>confert.</span> <span class='ocrx_word' id='word_1_244' title='bbox 563 2453 591 2508; x_wconf 82' lang='lat'>4.</span> <span class='ocrx_word' id='word_1_245' title='bbox 607 2449 731 2509; x_wconf 75' lang='lat' dir='ltr'>Ratione</span> <span class='ocrx_word' id='word_1_246' title='bbox 745 2451 909 2525; x_wconf 60' lang='lat' dir='ltr'>duratione,</span> <span class='ocrx_word' id='word_1_247' title='bbox 925 2451 994 2527; x_wconf 86' lang='lat' dir='ltr'>quis</span> <span class='ocrx_word' id='word_1_248' title='bbox 1007 2460 1052 2509; x_wconf 86' lang='lat' dir='ltr'>est</span> <span class='ocrx_word' id='word_1_249' title='bbox 1065 2459 1173 2510; x_wconf 80' lang='lat' dir='ltr'>aeterns</span> <span class='ocrx_word' id='word_1_250' title='bbox 1190 2451 1263 2510; x_wconf 59' lang='lat' dir='ltr'>ens</span> <span class='ocrx_word' id='word_1_251' title='bbox 1283 2468 1344 2528; x_wconf 68' lang='lat' dir='ltr'>rute,</span> <span class='ocrx_word' id='word_1_252' title='bbox 1360 2451 1421 2512; x_wconf 80' lang='lat' dir='ltr'>Isa.</span> <span class='ocrx_word' id='word_1_253' title='bbox 1431 2451 1477 2510; x_wconf 89' lang='lat' dir='ltr'>liv.</span> 
     </span>
     <span class='ocr_line' id='line_1_27' title="bbox 272 2528 1477 2609; baseline 0.002 -23"><span class='ocrx_word' id='word_1_254' title='bbox 272 2530 309 2603; x_wconf 85' lang='lat'>8;</span> <span class='ocrx_word' id='word_1_255' title='bbox 346 2528 412 2588; x_wconf 86' lang='lat' dir='ltr'>Ose.</span> <span class='ocrx_word' id='word_1_256' title='bbox 440 2529 470 2588; x_wconf 89' lang='lat' dir='ltr'>ii.</span> <span class='ocrx_word' id='word_1_257' title='bbox 501 2531 557 2604; x_wconf 76' lang='lat'>193</span> <span class='ocrx_word' id='word_1_258' title='bbox 593 2529 679 2587; x_wconf 82' lang='lat' dir='ltr'>Thre.</span> <span class='ocrx_word' id='word_1_259' title='bbox 707 2529 748 2587; x_wconf 92' lang='lat' dir='ltr'>iii.</span> <span class='ocrx_word' id='word_1_260' title='bbox 776 2533 835 2606; x_wconf 77' lang='lat'>223</span> <span class='ocrx_word' id='word_1_261' title='bbox 871 2529 942 2588; x_wconf 88' lang='lat' dir='ltr'>Luc.</span> <span class='ocrx_word' id='word_1_262' title='bbox 971 2530 990 2586; x_wconf 94' lang='lat' dir='ltr'>i.</span> <span class='ocrx_word' id='word_1_263' title='bbox 1020 2533 1068 2590; x_wconf 81' lang='lat'>54.</span> <span class='ocrx_word' id='word_1_264' title='bbox 1131 2532 1210 2591; x_wconf 89' lang='lat' dir='ltr'>Hinc</span> <span class='ocrx_word' id='word_1_265' title='bbox 1238 2531 1414 2609; x_wconf 81' lang='lat' dir='ltr'>opponenda</span> <span class='ocrx_word' id='word_1_266' title='bbox 1438 2539 1477 2588; x_wconf 86' lang='lat' dir='ltr'>est</span> 
     </span>
     <span class='ocr_line' id='line_1_28' title="bbox 275 2608 1475 2688; baseline 0.003 -23"><span class='ocrx_word' id='word_1_267' title='bbox 275 2611 300 2666; x_wconf 91' lang='lat' dir='ltr'>l.</span> <span class='ocrx_word' id='word_1_268' title='bbox 315 2609 440 2666; x_wconf 74' lang='lat' dir='ltr'>Justieioe</span> <span class='ocrx_word' id='word_1_269' title='bbox 460 2608 562 2667; x_wconf 70' lang='lat' dir='ltr'>drot&#39;uae</span> <span class='ocrx_word' id='word_1_270' title='bbox 584 2609 727 2667; x_wconf 67' lang='lat' dir='ltr'>seruituti</span> <span class='ocrx_word' id='word_1_271' title='bbox 734 2632 747 2682; x_wconf 90' lang='lat'><em>;</em></span> <span class='ocrx_word' id='word_1_272' title='bbox 768 2627 825 2686; x_wconf 90' lang='lat' dir='ltr'>quo</span> <span class='ocrx_word' id='word_1_273' title='bbox 849 2627 935 2668; x_wconf 84' lang='lat' dir='ltr'>sensu</span> <span class='ocrx_word' id='word_1_274' title='bbox 957 2609 1063 2670; x_wconf 88' lang='lat' dir='ltr'>dicitur</span> <span class='ocrx_word' id='word_1_275' title='bbox 1085 2612 1211 2670; x_wconf 66' lang='lat' dir='ltr'>emulari</span> <span class='ocrx_word' id='word_1_276' title='bbox 1228 2631 1320 2688; x_wconf 80' lang='lat' dir='ltr'>supra</span> <span class='ocrx_word' id='word_1_277' title='bbox 1330 2612 1475 2688; x_wconf 67' lang='lat' dir='ltr'>judiciter,</span> 
     </span>
     <span class='ocr_line' id='line_1_29' title="bbox 271 2687 1479 2767; baseline -0.001 -20"><span class='ocrx_word' id='word_1_278' title='bbox 271 2687 337 2747; x_wconf 78' lang='lat' dir='ltr'>Jsc</span> <span class='ocrx_word' id='word_1_279' title='bbox 352 2687 382 2745; x_wconf 92' lang='lat' dir='ltr'>ii.</span> <span class='ocrx_word' id='word_1_280' title='bbox 400 2691 446 2747; x_wconf 84' lang='lat'>13.</span> <span class='ocrx_word' id='word_1_281' title='bbox 488 2691 516 2746; x_wconf 90' lang='lat'>2.</span> <span class='ocrx_word' id='word_1_282' title='bbox 537 2689 723 2746; x_wconf 80' lang='lat' dir='ltr'>Peccatorum</span> <span class='ocrx_word' id='word_1_283' title='bbox 736 2707 852 2748; x_wconf 70' lang='lat' dir='ltr'>nurture</span> <span class='ocrx_word' id='word_1_284' title='bbox 867 2698 894 2747; x_wconf 89' lang='lat' dir='ltr'>et</span> <span class='ocrx_word' id='word_1_285' title='bbox 906 2690 1057 2767; x_wconf 77' lang='lat' dir='ltr'>atrocitati,</span> <span class='ocrx_word' id='word_1_286' title='bbox 1081 2691 1171 2751; x_wconf 84' lang='lat' dir='ltr'>Mich.</span> <span class='ocrx_word' id='word_1_287' title='bbox 1187 2691 1238 2750; x_wconf 89' lang='lat' dir='ltr'>vii.</span> <span class='ocrx_word' id='word_1_288' title='bbox 1256 2693 1303 2750; x_wconf 89' lang='lat'>18.</span> <span class='ocrx_word' id='word_1_289' title='bbox 1346 2692 1423 2751; x_wconf 75' lang='lat' dir='ltr'>Nam</span> <span class='ocrx_word' id='word_1_290' title='bbox 1436 2689 1479 2748; x_wconf 81' lang='lat' dir='ltr'>uli</span> 
     </span>
     <span class='ocr_line' id='line_1_30' title="bbox 271 2769 1476 2848; baseline 0.003 -23"><span class='ocrx_word' id='word_1_291' title='bbox 271 2769 398 2825; x_wconf 76' lang='lat' dir='ltr'>ahundm</span> <span class='ocrx_word' id='word_1_292' title='bbox 405 2777 560 2844; x_wconf 64' lang='lat' dir='ltr'>peecatum,</span> <span class='ocrx_word' id='word_1_293' title='bbox 576 2769 614 2827; x_wconf 73' lang='lat' dir='ltr'>clvi</span> <span class='ocrx_word' id='word_1_294' title='bbox 625 2769 838 2845; x_wconf 77' lang='lat' dir='ltr'>superabundet</span> <span class='ocrx_word' id='word_1_295' title='bbox 847 2771 954 2846; x_wconf 70' lang='lat' dir='ltr'>qratia,</span> <span class='ocrx_word' id='word_1_296' title='bbox 971 2770 1056 2828; x_wconf 87' lang='lat' dir='ltr'>Rom.</span> <span class='ocrx_word' id='word_1_297' title='bbox 1070 2790 1099 2829; x_wconf 86' lang='lat' dir='ltr'>v.</span> <span class='ocrx_word' id='word_1_298' title='bbox 1115 2775 1163 2848; x_wconf 83' lang='lat'>20,</span> <span class='ocrx_word' id='word_1_299' title='bbox 1186 2781 1217 2831; x_wconf 90' lang='lat' dir='ltr'>et</span> <span class='ocrx_word' id='word_1_300' title='bbox 1229 2791 1325 2830; x_wconf 80' lang='lat' dir='ltr'>omnes</span> <span class='ocrx_word' id='word_1_301' title='bbox 1349 2771 1476 2831; x_wconf 66' lang='lat' dir='ltr'>wmssct</span> 
     </span>
     <span class='ocr_line' id='line_1_31' title="bbox 271 2848 1475 2924; baseline 0.002 -19"><span class='ocrx_word' id='word_1_302' title='bbox 271 2849 351 2906; x_wconf 84' lang='lat' dir='ltr'>Deus</span> <span class='ocrx_word' id='word_1_303' title='bbox 364 2850 413 2906; x_wconf 70' lang='lat' dir='ltr'>sus</span> <span class='ocrx_word' id='word_1_304' title='bbox 422 2857 547 2924; x_wconf 84' lang='lat' dir='ltr'>peccato,</span> <span class='ocrx_word' id='word_1_305' title='bbox 571 2857 602 2906; x_wconf 74' lang='lat' dir='ltr'>ut</span> <span class='ocrx_word' id='word_1_306' title='bbox 625 2848 755 2908; x_wconf 78' lang='lat' dir='ltr'>omnium.</span> <span class='ocrx_word' id='word_1_307' title='bbox 770 2849 958 2908; x_wconf 74' lang='lat' dir='ltr'>misereretur.</span> <span class='ocrx_word' id='word_1_308' title='bbox 999 2849 1235 2910; x_wconf 66' lang='lat' dir='ltr'>strumarum</span> <span class='ocrx_word' id='word_1_309' title='bbox 1258 2853 1475 2911; x_wconf 68' lang='lat' dir='ltr'>oontauouum</span> 
     </span>
     <span class='ocr_line' id='line_1_32' title="bbox 271 2928 1476 3010; baseline 0.002 -24"><span class='ocrx_word' id='word_1_310' title='bbox 271 2928 459 3002; x_wconf 42' lang='lat' dir='ltr'>mentuscae</span> <span class='ocrx_word' id='word_1_311' title='bbox 477 2929 547 3006; x_wconf 84' lang='lat' dir='ltr'>quis</span> <span class='ocrx_word' id='word_1_312' title='bbox 560 2928 641 2988; x_wconf 81' lang='lat' dir='ltr'>nulls</span> <span class='ocrx_word' id='word_1_313' title='bbox 660 2937 742 2990; x_wconf 78' lang='lat' dir='ltr'>tants</span> <span class='ocrx_word' id='word_1_314' title='bbox 759 2938 814 3004; x_wconf 86' lang='lat' dir='ltr'>est,</span> <span class='ocrx_word' id='word_1_315' title='bbox 835 2949 875 2989; x_wconf 82' lang='lat' dir='ltr'>cx</span> <span class='ocrx_word' id='word_1_316' title='bbox 894 2950 952 3006; x_wconf 84' lang='lat' dir='ltr'>qus</span> <span class='ocrx_word' id='word_1_317' title='bbox 973 2949 1085 2989; x_wconf 82' lang='lat' dir='ltr'>summa</span> <span class='ocrx_word' id='word_1_318' title='bbox 1104 2930 1302 2990; x_wconf 83' lang='lat' dir='ltr'>misericordis</span> <span class='ocrx_word' id='word_1_319' title='bbox 1321 2931 1380 2991; x_wconf 91' lang='lat' dir='ltr'>Dei</span> <span class='ocrx_word' id='word_1_320' title='bbox 1397 2932 1476 3010; x_wconf 73' lang='lat' dir='ltr'>juxto</span> 
     </span>
     <span class='ocr_line' id='line_1_33' title="bbox 271 3007 1473 3089; baseline 0.001 -23"><span class='ocrx_word' id='word_1_321' title='bbox 271 3008 477 3068; x_wconf 62' lang='lat' dir='ltr'>inenarrabiles</span> <span class='ocrx_word' id='word_1_322' title='bbox 507 3007 624 3068; x_wconf 81' lang='lat' dir='ltr'>divitias</span> <span class='ocrx_word' id='word_1_323' title='bbox 657 3029 724 3069; x_wconf 85' lang='lat' dir='ltr'>sues</span> <span class='ocrx_word' id='word_1_324' title='bbox 748 3028 800 3068; x_wconf 92' lang='lat' dir='ltr'>nos</span> <span class='ocrx_word' id='word_1_325' title='bbox 823 3028 881 3068; x_wconf 92' lang='lat' dir='ltr'>non</span> <span class='ocrx_word' id='word_1_326' title='bbox 902 3010 1013 3086; x_wconf 71' lang='lat' dir='ltr'>liberet,</span> <span class='ocrx_word' id='word_1_327' title='bbox 1039 3009 1088 3070; x_wconf 92' lang='lat' dir='ltr'>Ps.</span> <span class='ocrx_word' id='word_1_328' title='bbox 1114 3011 1171 3071; x_wconf 88' lang='lat' dir='ltr'>ciii.</span> <span class='ocrx_word' id='word_1_329' title='bbox 1194 3013 1232 3087; x_wconf 77' lang='lat'>83</span> <span class='ocrx_word' id='word_1_330' title='bbox 1255 3011 1331 3089; x_wconf 90' lang='lat' dir='ltr'>Eph.</span> <span class='ocrx_word' id='word_1_331' title='bbox 1354 3011 1384 3070; x_wconf 84' lang='lat' dir='ltr'>ii.</span> <span class='ocrx_word' id='word_1_332' title='bbox 1409 3011 1473 3086; x_wconf 58' lang='lat' dir='ltr'>tt.</span> 
     </span>
     <span class='ocr_line' id='line_1_34' title="bbox 271 3089 1472 3169; baseline 0 -23"><span class='ocrx_word' id='word_1_333' title='bbox 271 3092 300 3147; x_wconf 79' lang='grc'>4.</span> <span class='ocrx_word' id='word_1_334' title='bbox 322 3089 426 3148; x_wconf 80' lang='lat' dir='ltr'>Mortis</span> <span class='ocrx_word' id='word_1_335' title='bbox 440 3090 577 3166; x_wconf 76' lang='lat' dir='ltr'>etjudicii</span> <span class='ocrx_word' id='word_1_336' title='bbox 599 3089 691 3148; x_wconf 89' lang='lat' dir='ltr'>divini</span> <span class='ocrx_word' id='word_1_337' title='bbox 714 3090 826 3165; x_wconf 75' lang='lat' dir='ltr'>terrori,</span> <span class='ocrx_word' id='word_1_338' title='bbox 849 3089 919 3168; x_wconf 86' lang='lat' dir='ltr'>quis</span> <span class='ocrx_word' id='word_1_339' title='bbox 941 3090 972 3148; x_wconf 91' lang='lat' dir='ltr'>in</span> <span class='ocrx_word' id='word_1_340' title='bbox 992 3089 1151 3150; x_wconf 87' lang='lat' dir='ltr'>decretorio</span> <span class='ocrx_word' id='word_1_341' title='bbox 1165 3091 1217 3150; x_wconf 94' lang='lat' dir='ltr'>illo</span> <span class='ocrx_word' id='word_1_342' title='bbox 1231 3090 1287 3167; x_wconf 88' lang='lat' dir='ltr'>die,</span> <span class='ocrx_word' id='word_1_343' title='bbox 1313 3091 1355 3169; x_wconf 89' lang='lat' dir='ltr'>pii</span> <span class='ocrx_word' id='word_1_344' title='bbox 1379 3105 1472 3149; x_wconf 88' lang='lat' dir='ltr'>omnes</span> 
     </span>
     <span class='ocr_line' id='line_1_35' title="bbox 271 3168 1052 3246; baseline 0.003 -20"><span class='ocrx_word' id='word_1_345' title='bbox 271 3168 496 3228; x_wconf 78' lang='lat' dir='ltr'>misericordiam</span> <span class='ocrx_word' id='word_1_346' title='bbox 510 3169 692 3230; x_wconf 86' lang='lat' dir='ltr'>consecuturi</span> <span class='ocrx_word' id='word_1_347' title='bbox 706 3179 780 3246; x_wconf 86' lang='lat' dir='ltr'>sunt,</span> <span class='ocrx_word' id='word_1_348' title='bbox 797 3171 814 3228; x_wconf 87' lang='lat'><strong>2</strong></span> <span class='ocrx_word' id='word_1_349' title='bbox 829 3169 956 3230; x_wconf 84' lang='lat' dir='ltr'>Tiruoth.</span> <span class='ocrx_word' id='word_1_350' title='bbox 971 3170 990 3229; x_wconf 90' lang='lat' dir='ltr'>i.</span> <span class='ocrx_word' id='word_1_351' title='bbox 1006 3171 1052 3228; x_wconf 84' lang='lat'>18.</span> 
     </span>
    </p>

    <p class='ocr_par' dir='ltr' id='par_1_11' title="bbox 267 3247 1547 3887">
     <span class='ocr_line' id='line_1_36' title="bbox 311 3247 1471 3328; baseline 0.002 -24"><span class='ocrx_word' id='word_1_352' title='bbox 311 3247 402 3307; x_wconf 86' lang='lat' dir='ltr'>XIV.</span> <span class='ocrx_word' id='word_1_353' title='bbox 425 3249 565 3323; x_wconf 80' lang='lat' dir='ltr'>Quemvis</span> <span class='ocrx_word' id='word_1_354' title='bbox 578 3269 648 3308; x_wconf 84' lang='lat' dir='ltr'>vero</span> <span class='ocrx_word' id='word_1_355' title='bbox 672 3251 849 3328; x_wconf 71' lang='lat' dir='ltr'>amplissime</span> <span class='ocrx_word' id='word_1_356' title='bbox 871 3251 908 3310; x_wconf 87' lang='lat' dir='ltr'>sit</span> <span class='ocrx_word' id='word_1_357' title='bbox 931 3260 961 3310; x_wconf 88' lang='lat' dir='ltr'>et</span> <span class='ocrx_word' id='word_1_358' title='bbox 984 3248 1138 3326; x_wconf 85' lang='lat' dir='ltr'>multiplex</span> <span class='ocrx_word' id='word_1_359' title='bbox 1153 3250 1209 3310; x_wconf 92' lang='lat' dir='ltr'>Dei</span> <span class='ocrx_word' id='word_1_360' title='bbox 1222 3249 1471 3310; x_wconf 83' lang='lat' dir='ltr'>misericordiaru-</span> 
     </span>
     <span class='ocr_line' id='line_1_37' title="bbox 270 3325 1469 3408; baseline 0.001 -23"><span class='ocrx_word' id='word_1_361' title='bbox 270 3325 348 3385; x_wconf 87' lang='lat' dir='ltr'>tione</span> <span class='ocrx_word' id='word_1_362' title='bbox 363 3327 529 3387; x_wconf 85' lang='lat' dir='ltr'>effectorum</span> <span class='ocrx_word' id='word_1_363' title='bbox 543 3349 608 3406; x_wconf 79' lang='lat' dir='ltr'>quae</span> <span class='ocrx_word' id='word_1_364' title='bbox 621 3338 689 3388; x_wconf 86' lang='lat' dir='ltr'>sunt</span> <span class='ocrx_word' id='word_1_365' title='bbox 713 3331 870 3406; x_wconf 80' lang='lat' dir='ltr'>innumere,</span> <span class='ocrx_word' id='word_1_366' title='bbox 895 3349 953 3408; x_wconf 90' lang='lat' dir='ltr'>quo</span> <span class='ocrx_word' id='word_1_367' title='bbox 967 3349 1054 3390; x_wconf 87' lang='lat' dir='ltr'>sensu</span> <span class='ocrx_word' id='word_1_368' title='bbox 1067 3329 1173 3389; x_wconf 89' lang='lat' dir='ltr'>dicitur</span> <span class='ocrx_word' id='word_1_369' title='bbox 1196 3330 1337 3407; x_wconf 68' lang='grc' dir='ltr'><strong>πολσίλας,</strong></span> <span class='ocrx_word' id='word_1_370' title='bbox 1353 3327 1469 3390; x_wconf 74' lang='lat' dir='ltr'>Pselli</span> 
     </span>
     <span class='ocr_line' id='line_1_38' title="bbox 272 3407 1468 3489; baseline 0.006 -27"><span class='ocrx_word' id='word_1_371' title='bbox 272 3407 308 3480; x_wconf 73' lang='lat'>13</span> <span class='ocrx_word' id='word_1_372' title='bbox 333 3407 348 3462; x_wconf 91' lang='lat' dir='ltr'>l</span> <span class='ocrx_word' id='word_1_373' title='bbox 366 3407 429 3465; x_wconf 80' lang='lat' dir='ltr'>Pet</span> <span class='ocrx_word' id='word_1_374' title='bbox 447 3410 472 3482; x_wconf 85' lang='lat'>1,</span> <span class='ocrx_word' id='word_1_375' title='bbox 488 3411 517 3483; x_wconf 84' lang='lat'>3,</span> <span class='ocrx_word' id='word_1_376' title='bbox 532 3417 562 3466; x_wconf 88' lang='lat' dir='ltr'>et</span> <span class='ocrx_word' id='word_1_377' title='bbox 575 3413 696 3489; x_wconf 64' lang='grc' dir='ltr'>ἀπιςμι)</span> <span class='ocrx_word' id='word_1_378' title='bbox 716 3429 768 3468; x_wconf 89' lang='lat' dir='ltr'>seu</span> <span class='ocrx_word' id='word_1_379' title='bbox 788 3409 994 3485; x_wconf 78' lang='lat' dir='ltr'>mIseretiones,</span> <span class='ocrx_word' id='word_1_380' title='bbox 1008 3419 1038 3470; x_wconf 87' lang='lat' dir='ltr'>et</span> <span class='ocrx_word' id='word_1_381' title='bbox 1052 3409 1166 3468; x_wconf 86' lang='lat' dir='ltr'>viscere</span> <span class='ocrx_word' id='word_1_382' title='bbox 1178 3411 1399 3471; x_wconf 72' lang='lat' dir='ltr'>miserationum</span> <span class='ocrx_word' id='word_1_383' title='bbox 1413 3409 1468 3469; x_wconf 82' lang='lat' dir='ltr'>Deo</span> 
     </span>
     <span class='ocr_line' id='line_1_39' title="bbox 269 3481 1547 3568; baseline 0 -24"><span class='ocrx_word' id='word_1_384' title='bbox 269 3484 442 3560; x_wconf 80' lang='lat' dir='ltr'>tribuuntur,</span> <span class='ocrx_word' id='word_1_385' title='bbox 459 3487 544 3544; x_wconf 90' lang='lat' dir='ltr'>Rom.</span> <span class='ocrx_word' id='word_1_386' title='bbox 559 3489 610 3545; x_wconf 89' lang='lat' dir='ltr'>xii.</span> <span class='ocrx_word' id='word_1_387' title='bbox 627 3493 653 3563; x_wconf 90' lang='lat' dir='ltr'>l,</span> <span class='ocrx_word' id='word_1_388' title='bbox 675 3509 729 3548; x_wconf 80' lang='lat' dir='ltr'>sue</span> <span class='ocrx_word' id='word_1_389' title='bbox 742 3497 839 3548; x_wconf 79' lang='lat' dir='ltr'>temen</span> <span class='ocrx_word' id='word_1_390' title='bbox 859 3489 972 3566; x_wconf 74' lang='lat' dir='ltr'>objecto</span> <span class='ocrx_word' id='word_1_391' title='bbox 985 3499 1015 3548; x_wconf 89' lang='lat' dir='ltr'>et</span> <span class='ocrx_word' id='word_1_392' title='bbox 1028 3507 1098 3548; x_wconf 76' lang='lat' dir='ltr'>vase</span> <span class='ocrx_word' id='word_1_393' title='bbox 1111 3490 1200 3550; x_wconf 75' lang='lat' dir='ltr'>habet</span> <span class='ocrx_word' id='word_1_394' title='bbox 1213 3491 1243 3548; x_wconf 89' lang='lat' dir='ltr'>in</span> <span class='ocrx_word' id='word_1_395' title='bbox 1258 3511 1325 3568; x_wconf 79' lang='lat' dir='ltr'>quae</span> <span class='ocrx_word' id='word_1_396' title='bbox 1339 3486 1466 3550; x_wconf 83' lang='lat' dir='ltr'>diffimdi·</span> <span class='ocrx_word' id='word_1_397' title='bbox 1546 3481 1547 3542; x_wconf 82' lang='lat' dir='ltr'>l</span> 
     </span>
     <span class='ocr_line' id='line_1_40' title="bbox 268 3565 1547 3648; baseline 0.002 -25"><span class='ocrx_word' id='word_1_398' title='bbox 268 3572 323 3639; x_wconf 79' lang='lat' dir='ltr'>tur,</span> <span class='ocrx_word' id='word_1_399' title='bbox 339 3565 447 3624; x_wconf 87' lang='lat' dir='ltr'>electos</span> <span class='ocrx_word' id='word_1_400' title='bbox 460 3565 523 3625; x_wconf 93' lang='lat' dir='ltr'>scil.</span> <span class='ocrx_word' id='word_1_401' title='bbox 534 3574 567 3625; x_wconf 87' lang='lat' dir='ltr'>ct</span> <span class='ocrx_word' id='word_1_402' title='bbox 579 3566 688 3643; x_wconf 82' lang='lat' dir='ltr'>fideles,</span> <span class='ocrx_word' id='word_1_403' title='bbox 703 3587 825 3646; x_wconf 90' lang='lat' dir='ltr'>quorum</span> <span class='ocrx_word' id='word_1_404' title='bbox 840 3569 877 3628; x_wconf 90' lang='lat' dir='ltr'>sb</span> <span class='ocrx_word' id='word_1_405' title='bbox 891 3578 998 3629; x_wconf 85' lang='lat' dir='ltr'>setemo</span> <span class='ocrx_word' id='word_1_406' title='bbox 1010 3569 1139 3628; x_wconf 83' lang='lat' dir='ltr'>misereri</span> <span class='ocrx_word' id='word_1_407' title='bbox 1153 3570 1263 3646; x_wconf 74' lang='lat' dir='ltr'>suunt,</span> <span class='ocrx_word' id='word_1_408' title='bbox 1280 3571 1332 3648; x_wconf 88' lang='lat' dir='ltr'>qui</span> <span class='ocrx_word' id='word_1_409' title='bbox 1352 3571 1391 3630; x_wconf 82' lang='lat' dir='ltr'>sb</span> <span class='ocrx_word' id='word_1_410' title='bbox 1410 3566 1467 3628; x_wconf 77' lang='lat' dir='ltr'>eliis</span> <span class='ocrx_word' id='word_1_411' title='bbox 1546 3569 1547 3600; x_wconf 47' lang='lat' dir='ltr'>l</span> 
     </span>
     <span class='ocr_line' id='line_1_41' title="bbox 267 3643 1466 3729; baseline 0.008 -27"><span class='ocrx_word' id='word_1_412' title='bbox 267 3643 485 3722; x_wconf 83' lang='lat' dir='ltr'>distinguuntur</span> <span class='ocrx_word' id='word_1_413' title='bbox 498 3665 572 3723; x_wconf 88' lang='lat' dir='ltr'>quos</span> <span class='ocrx_word' id='word_1_414' title='bbox 585 3648 731 3724; x_wconf 77' lang='lat' dir='ltr'>preterire</span> <span class='ocrx_word' id='word_1_415' title='bbox 745 3648 853 3724; x_wconf 69' lang='lat' dir='ltr'>staturit,</span> <span class='ocrx_word' id='word_1_416' title='bbox 876 3649 926 3726; x_wconf 93' lang='lat' dir='ltr'>qui</span> <span class='ocrx_word' id='word_1_417' title='bbox 946 3647 1011 3707; x_wconf 90' lang='lat' dir='ltr'>ideo</span> <span class='ocrx_word' id='word_1_418' title='bbox 1024 3660 1166 3708; x_wconf 84' lang='lat' dir='ltr'>vocentur</span> <span class='ocrx_word' id='word_1_419' title='bbox 1178 3671 1248 3710; x_wconf 80' lang='lat' dir='ltr'>noso</span> <span class='ocrx_word' id='word_1_420' title='bbox 1262 3651 1316 3708; x_wconf 80' lang='lat' dir='ltr'>iroe</span> <span class='ocrx_word' id='word_1_421' title='bbox 1328 3668 1466 3729; x_wconf 69' lang='lat' dir='ltr'>coaptem·</span> 
     </span>
     <span class='ocr_line' id='line_1_42' title="bbox 268 3725 1466 3810; baseline 0.006 -27"><span class='ocrx_word' id='word_1_422' title='bbox 268 3727 385 3784; x_wconf 12' lang='lat' dir='ltr'>mosao</span> <span class='ocrx_word' id='word_1_423' title='bbox 397 3726 546 3801; x_wconf 64' lang='lat' dir='ltr'>emtum,</span> <span class='ocrx_word' id='word_1_424' title='bbox 572 3727 628 3786; x_wconf 86' lang='lat' dir='ltr'>Ro.</span> <span class='ocrx_word' id='word_1_425' title='bbox 644 3728 683 3786; x_wconf 85' lang='lat' dir='ltr'>ix.</span> <span class='ocrx_word' id='word_1_426' title='bbox 700 3732 749 3787; x_wconf 88' lang='grc'>22.</span> <span class='ocrx_word' id='word_1_427' title='bbox 790 3727 917 3806; x_wconf 85' lang='lat' dir='ltr'>Asylum</span> <span class='ocrx_word' id='word_1_428' title='bbox 941 3736 986 3788; x_wconf 89' lang='lat' dir='ltr'>est</span> <span class='ocrx_word' id='word_1_429' title='bbox 1007 3728 1210 3806; x_wconf 87' lang='lat' dir='ltr'>poenitentium</span> <span class='ocrx_word' id='word_1_430' title='bbox 1234 3739 1263 3792; x_wconf 87' lang='lat' dir='ltr'>et</span> <span class='ocrx_word' id='word_1_431' title='bbox 1276 3731 1400 3810; x_wconf 83' lang='lat' dir='ltr'>piorum,</span> <span class='ocrx_word' id='word_1_432' title='bbox 1421 3725 1466 3790; x_wconf 81' lang='lat' dir='ltr'>sed</span> 
     </span>
     <span class='ocr_line' id='line_1_43' title="bbox 268 3805 986 3887; baseline 0.007 -24"><span class='ocrx_word' id='word_1_433' title='bbox 268 3825 326 3864; x_wconf 86' lang='lat' dir='ltr'>non</span> <span class='ocrx_word' id='word_1_434' title='bbox 340 3805 482 3884; x_wconf 82' lang='lat' dir='ltr'>refuqum</span> <span class='ocrx_word' id='word_1_435' title='bbox 496 3805 680 3884; x_wconf 78' lang='lat' dir='ltr'>profanorum</span> <span class='ocrx_word' id='word_1_436' title='bbox 692 3815 724 3868; x_wconf 87' lang='lat' dir='ltr'>et</span> <span class='ocrx_word' id='word_1_437' title='bbox 737 3807 986 3887; x_wconf 75' lang='lat' dir='ltr'>impoenitentium.</span> 
     </span>
    </p>
   </div>
   <div class='ocr_carea' id='block_1_3' title="bbox 714 4047 1022 4124">
    <p class='ocr_par' dir='ltr' id='par_1_12' title="bbox 714 4047 1022 4124">
     <span class='ocr_line' id='line_1_44' title="bbox 714 4047 1022 4124; baseline -0.013 -14"><span class='ocrx_word' id='word_1_438' title='bbox 714 4047 907 4124; x_wconf 75' lang='lat' dir='ltr'>Qumsrro</span> <span class='ocrx_word' id='word_1_439' title='bbox 928 4047 1022 4107; x_wconf 73' lang='lat' dir='ltr'>xxi.</span> 
     </span>
    </p>
   </div>
   <div class='ocr_carea' id='block_1_4' title="bbox 726 4226 1002 4268">
    <p class='ocr_par' dir='ltr' id='par_1_13' title="bbox 726 4226 1002 4268">
     <span class='ocr_line' id='line_1_45' title="bbox 726 4226 1002 4268; baseline 0.004 -1"><span class='ocrx_word' id='word_1_440' title='bbox 726 4227 766 4268; x_wconf 76' lang='lat' dir='ltr'>nt:</span> <span class='ocrx_word' id='word_1_441' title='bbox 781 4226 929 4268; x_wconf 75' lang='lat' dir='ltr'>Pornnm</span> <span class='ocrx_word' id='word_1_442' title='bbox 943 4227 1002 4268; x_wconf 81' lang='lat' dir='ltr'>DEI·</span> 
     </span>
    </p>
   </div>
   <div class='ocr_carea' id='block_1_5' title="bbox 266 4363 1460 4525">
    <p class='ocr_par' dir='ltr' id='par_1_14' title="bbox 266 4363 1460 4525">
     <span class='ocr_line' id='line_1_46' title="bbox 266 4363 1460 4508; baseline -0.006 -78"><span class='ocrx_word' id='word_1_443' title='bbox 266 4363 367 4430; x_wconf 74' lang='lat' dir='ltr'>Qualis</span> <span class='ocrx_word' id='word_1_444' title='bbox 379 4366 415 4424; x_wconf 82' lang='lat' dir='ltr'>sit</span> <span class='ocrx_word' id='word_1_445' title='bbox 428 4368 488 4427; x_wconf 79' lang='lat' dir='ltr'>Dei</span> <span class='ocrx_word' id='word_1_446' title='bbox 500 4367 717 4446; x_wconf 78' lang='lat' dir='ltr'>Omm&#39;potents&#39;o,</span> <span class='ocrx_word' id='word_1_447' title='bbox 723 4376 760 4508; x_wconf 57' lang='lat' dir='ltr'>pt</span> <span class='ocrx_word' id='word_1_448' title='bbox 769 4367 818 4506; x_wconf 54' lang='lat' dir='ltr'>lin</span> <span class='ocrx_word' id='word_1_449' title='bbox 829 4387 861 4426; x_wconf 80' lang='lat' dir='ltr'>se</span> <span class='ocrx_word' id='word_1_450' title='bbox 874 4369 1007 4506; x_wconf 50' lang='lat' dir='ltr'>potessdat</span> <span class='ocrx_word' id='word_1_451' title='bbox 1020 4370 1062 4427; x_wconf 84' lang='lat' dir='ltr'>ad</span> <span class='ocrx_word' id='word_1_452' title='bbox 1073 4387 1108 4427; x_wconf 84' lang='lat' dir='ltr'>ec</span> <span class='ocrx_word' id='word_1_453' title='bbox 1122 4388 1184 4446; x_wconf 74' lang='lat' dir='ltr'>ques</span> <span class='ocrx_word' id='word_1_454' title='bbox 1197 4367 1344 4448; x_wconf 79' lang='lat' dir='ltr'>implicant</span> <span class='ocrx_word' id='word_1_455' title='bbox 1357 4375 1460 4428; x_wconf 69' lang='lat' dir='ltr'>conno-</span> 
     </span>
     <span class='ocr_line' id='line_1_47' title="bbox 744 4467 1460 4525; baseline -0.014 -17"><span class='ocrx_word' id='word_1_456' title='bbox 744 4467 884 4508; x_wconf 77' lang='lat' dir='ltr'>scroncm.</span> <span class='ocrx_word' id='word_1_457' title='bbox 961 4467 1006 4525; x_wconf 84' lang='lat' dir='ltr'>eg.</span> <span class='ocrx_word' id='word_1_458' title='bbox 1455 4487 1460 4498; x_wconf 93' lang='lat'><em>.</em></span> 
     </span>
    </p>
   </div>
   <div class='ocr_carea' id='block_1_6' title="bbox 259 4594 1547 4782">
    <p class='ocr_par' dir='ltr' id='par_1_15' title="bbox 259 4594 1547 4782">
     <span class='ocr_line' id='line_1_48' title="bbox 301 4594 1456 4685; baseline 0.021 -33"><span class='ocrx_word' id='word_1_459' title='bbox 301 4594 325 4654; x_wconf 92' lang='lat' dir='ltr'>I.</span> <span class='ocrx_word' id='word_1_460' title='bbox 347 4600 477 4662; x_wconf 72' lang='lat' dir='ltr'>Potentia</span> <span class='ocrx_word' id='word_1_461' title='bbox 490 4606 555 4680; x_wconf 81' lang='lat' dir='ltr'>Dei,</span> <span class='ocrx_word' id='word_1_462' title='bbox 581 4627 646 4682; x_wconf 78' lang='lat' dir='ltr'>quae</span> <span class='ocrx_word' id='word_1_463' title='bbox 669 4615 715 4666; x_wconf 86' lang='lat' dir='ltr'>est</span> <span class='ocrx_word' id='word_1_464' title='bbox 730 4607 903 4684; x_wconf 69' lang='lat' dir='ltr'>prindpricm</span> <span class='ocrx_word' id='word_1_465' title='bbox 921 4627 1058 4685; x_wconf 69' lang='lat' dir='ltr'>exequens</span> <span class='ocrx_word' id='word_1_466' title='bbox 1080 4605 1278 4685; x_wconf 73' lang='lat' dir='ltr'>operationum</span> <span class='ocrx_word' id='word_1_467' title='bbox 1292 4605 1456 4676; x_wconf 69' lang='lat' dir='ltr'>divinarum</span> 
     </span>
     <span class='ocr_line' id='line_1_49' title="bbox 259 4673 1547 4782; baseline 0.022 -54"><span class='ocrx_word' id='word_1_468' title='bbox 259 4673 332 4732; x_wconf 87' lang='lat' dir='ltr'>nihil</span> <span class='ocrx_word' id='word_1_469' title='bbox 345 4677 424 4737; x_wconf 79' lang='lat' dir='ltr'>aliud</span> <span class='ocrx_word' id='word_1_470' title='bbox 438 4691 483 4741; x_wconf 84' lang='lat' dir='ltr'>est</span> <span class='ocrx_word' id='word_1_471' title='bbox 496 4686 661 4782; x_wconf 42' lang='lat' dir='ltr'>quum‘ipse</span> <span class='ocrx_word' id='word_1_472' title='bbox 683 4686 819 4748; x_wconf 88' lang='lat' dir='ltr'>Essentis</span> <span class='ocrx_word' id='word_1_473' title='bbox 833 4687 1049 4780; x_wconf 69' lang='lat' dir='ltr'>Divineextrn</span> <span class='ocrx_word' id='word_1_474' title='bbox 1062 4706 1093 4746; x_wconf 88' lang='lat' dir='ltr'>se</span> <span class='ocrx_word' id='word_1_475' title='bbox 1106 4686 1286 4766; x_wconf 72' lang='lat' dir='ltr'>productiva,</span> <span class='ocrx_word' id='word_1_476' title='bbox 1312 4707 1366 4766; x_wconf 86' lang='lat' dir='ltr'>per</span> <span class='ocrx_word' id='word_1_477' title='bbox 1377 4701 1456 4770; x_wconf 71' lang='lat' dir='ltr'>quan}</span> <span class='ocrx_word' id='word_1_478' title='bbox 1546 4721 1547 4724; x_wconf 42' lang='lat'>¹</span> 
     </span>
    </p>
   </div>
   <div class='ocr_carea' id='block_1_7' title="bbox 0 0 1580 5178">
    <p class='ocr_par' dir='ltr' id='par_1_16' title="bbox 0 0 1580 5178">
     <span class='ocr_line' id='line_1_50' title="bbox 0 0 1580 5178; baseline 0 6"><span class='ocrx_word' id='word_1_479' title='bbox 0 0 1580 5178; x_wconf 95' lang='lat' dir='ltr'> </span> 
     </span>
    </p>
   </div>
  </div>
 </body>
</html>
