3174 5174
284 333 343 392 478
774 345 865 390 nouus
879 319 1000 389 sn‘xrus.
1281 323 1409 407 [eonor.
1424 343 1489 386 sur.

282 491 377 552 selant
390 495 449 550 tion
472 487 559 548 lieem
574 486 698 548 Disbolo
711 493 741 549 et
762 487 858 568 impiis
872 487 997 568 grassari
1016 487 1069 566 pr'o
1089 485 1217 564 arbitrio,
1232 484 1287 546 sed
1307 503 1360 546 eos
1380 487 1492 564 potsuti

282 569 473 650 providentiae
487 569 576 627 fraeno
588 569 631 629 ita
643 568 780 644 cohiberi,
789 577 823 628 ut
835 569 867 627 in
877 568 1019 644 omnibus,
1029 568 1098 627 lieet
1111 567 1265 626 frementes
1275 575 1306 626 et
1314 563 1491 644 frendentes,

283 649 473 730 providentie
487 648 544 707 Dei
558 649 679 726 subsint,
694 657 724 708 et
737 648 817 707 titror
830 667 929 708 eorum
942 648 974 706 in
987 647 1110 708 salutem
1123 645 1211 707 etiam
1223 645 1356 706 fidelium
1371 665 1494 706 eonver-

283 739 375 822 tstur3
392 731 411 762 ‘⁶
420 729 558 804 Verum,”
573 729 676 822 inquit,
688 727 803 822 “ubiin
817 728 985 821 memoriam
997 727 1144 804 revosmt,
1154 726 1327 821 'Diabolum
1342 734 1495 804 totamque

283 827 437 964 iiiiii
446 805 1496 966 ttlttttt?tttbltffltttttiuttffltt'ttt

283 969 386 1044 moliri,
401 987 455 1026 neo
470 966 507 1027 ad
520 968 744 1046 perpetrandum
757 969 783 1026 si
795 969 922 1027 maxime
934 967 1091 1027 moliantur
1104 967 1228 1104 difin'tum
1240 983 1360 1025 movere
1374 973 1494 1043 queant,

283 1048 341 1108 nisi
354 1056 494 1124 quantum
507 1047 557 1107 ille
571 1048 740 1126 permiserit,
756 1047 814 1106 imo
836 1048 892 1106 nisi
906 1055 1046 1126 quantum
1067 1064 1135 1106 men
1156 1046 1219 1123 erit,
1234 1065 1288 1105 nee
1302 1045 1496 1124 compedibus

282 1135 395 1188 tentum
408 1127 501 1188 teneri
514 1127 628 1204 ligatos,
644 1127 696 1186 sed
709 1127 796 1186 etiam
809 1125 847 1186 ad
861 1127 1000 1205 obsequis
1012 1126 1177 1205 prestanda
1186 1123 1276 1210 trano
1286 1125 1370 1204 cogi:
1384 1123 1497 1185 hebent

282 1208 361 1267 unde
375 1227 406 1266 se
419 1207 533 1286 prolixe
547 1207 759 1267 consolentur.’'
790 1205 862 1281 Quis
876 1225 945 1266 vero
958 1225 1018 1266 non
1031 1205 1120 1282 videt,
1135 1204 1216 1264 eliud
1229 1225 1294 1265 esse
1305 1205 1412 1280 Deum,
1424 1205 1496 1264 Dia·

283 1287 366 1348 bolos
381 1295 411 1346 et
423 1286 570 1364 improbos
578 1289 662 1366 quasi
675 1286 764 1346 fraeuo
773 1293 912 1362 ootreere,
923 1305 959 1346 ne
971 1286 1134 1363 oonoipiant
1144 1293 1174 1345 et
1186 1283 1344 1345 moliantur
1357 1285 1498 1344 malificia

284 1365 315 1427 in
328 1367 406 1444 pios;
422 1365 502 1426 eliud
510 1385 590 1441 vero,
602 1367 697 1426 Deum
710 1383 760 1425 eos
774 1383 877 1444 eogere
891 1363 930 1424 sd
943 1366 1139 1426 maleficium?
1160 1365 1234 1425 Vult
1246 1363 1360 1424 scilieet
1373 1363 1497 1426 innuere

284 1467 334 1506 eos
348 1446 423 1524 eogi,
438 1463 498 1505 non
511 1445 549 1504 ed
561 1445 828 1523 maleficiumqnod
839 1453 940 1523 sponte
955 1456 1053 1524 agunt,
1064 1444 1116 1505 sed
1129 1444 1167 1504 ad
1180 1443 1362 1522 obsequium,
1371 1453 1406 1504 ut
1418 1445 1498 1504 msle

283 1525 398 1604 agendo
412 1526 540 1585 servient
553 1525 674 1586 oonsilio
688 1525 752 1602 Dei,
767 1533 797 1585 et
810 1525 990 1584 voluntstem
1009 1526 1073 1603 ejus
1092 1533 1197 1604 prater
1216 1543 1299 1584 suam
1322 1531 1499 1585 mentemst

285 1607 466 1666 voluntatem
479 1605 594 1664 satient.

325 1685 416 1744 XIV.
440 1685 472 1744 Si
487 1685 625 1744 Calvinus
646 1685 688 1744 ait
702 1685 796 1745 Deum
815 1683 928 1763 operari
947 1682 979 1743 iu
997 1684 1142 1746 mentibus
1156 1683 1317 1762 impiorum,
1333 1691 1364 1742 et
1376 1701 1430 1761 per
1442 1703 1498 1744 eos

284 1771 423 1842 tanquam
436 1783 488 1842 per
502 1783 555 1824 sua
567 1765 758 1824 instrumente
779 1764 883 1841 ipsum,
898 1773 933 1826 ut
950 1781 1067 1824 eaumm
1080 1763 1213 1842 primum,
1228 1763 1321 1823 faeere
1334 1783 1370 1822 ee
1383 1765 1496 1840 omnia,

285 1863 350 1922 qua
364 1852 498 1922 respeetu
510 1844 659 1903 hominum
674 1852 741 1904 sunt
754 1851 785 1903 et
799 1843 934 1906 dieuntm
946 1856 1018 1902 veta
1030 1853 1157 1922 peeeats,
1173 1843 1224 1902 lib.
1239 1843 1259 1902 i.
1274 1861 1335 1920 esp.
1351 1847 1398 1919 17,
1420 1863 1445 1902 s.
1463 1846 1494 1919 5,
1576 1847 1577 1890 l

284 1933 314 1984 et
328 1944 391 2002 oap.
407 1926 453 1999 18,
470 1943 493 1982 s.
510 1927 536 2000 1,
548 1929 576 1999 2,
591 1943 650 1983 non
671 1923 758 1984 debet
777 1933 929 2017 propterea
949 1923 1086 2000 soousati,
1102 1923 1182 2001 quod
1193 1925 1375 2003 θιομιςηώι
1388 1924 1495 1981 iuven·
1576 1953 1577 2006 ι

286 2004 350 2064 erit.
394 2004 430 2064 R.
447 2007 474 2064 1.
490 2004 565 2080 Quia
578 2004 708 2082 sequitur
723 2005 909 2081 dempturum,
924 2019 989 2080 ques
1002 2019 1062 2062 non
1076 2003 1166 2062 semel
1180 2003 1222 2062 aie
1235 2003 1374 2080 loquitur,
1388 2010 1423 2062 ut
1442 2023 1495 2062 an·
1576 2011 1577 2080 ᾗ

285 2083 448 2144 teavisum.
469 2087 498 2143 2.
514 2083 594 2143 Deus
616 2083 729 2162 operari
749 2082 855 2142 dieitur
867 2083 952 2159 mals,
968 2079 1092 2144 sednon
1105 2101 1164 2160 qua
1183 2079 1260 2142 mals
1271 2083 1448 2159 summittes,
1466 2090 1496 2142 et
1576 2099 1577 2146 l

285 2163 317 2224 in
330 2165 479 2238 obtecto,
495 2164 547 2223 sed
560 2163 591 2223 in
604 2173 731 2223 eonermo
745 2171 774 2222 et
786 2163 980 2240 menete,
994 2171 1137 2240 quatenus
1151 2171 1218 2222 sunt
1238 2181 1334 2240 opera,
1350 2163 1400 2222 vel
1412 2164 1495 2238 judi·

285 2245 403 2318 sinister,
411 2251 553 2321 quatenus
567 2253 635 2302 suut
645 2245 726 2321 justo
740 2263 793 2303 sus
802 2242 922 2320 judicis.
943 2246 971 2302 3.
982 2241 1132 2317 Quomodo
1142 2241 1222 2302 Deus
1235 2243 1329 2320 possit
1338 2243 1384 2301 uti
1396 2241 1497 2320 impiis
1576 2317 1577 2374 1

1576 2549 1577 2582 l

284 2331 319 2384 ut
338 2322 544 2398 instrumentis,
560 2323 621 2382 sine
645 2324 706 2382 ulla
729 2331 826 2383 temen
849 2323 880 2380 in
901 2322 965 2400 ipso
979 2321 1043 2381 vitii
1066 2321 1140 2396 labe,
1156 2330 1303 2381 ostensum
1327 2324 1373 2380 est
1397 2341 1496 2400 supra

284 2405 314 2461 4.
330 2401 468 2460 Calvinus
481 2402 544 2478 ipse
564 2401 606 2460 its
627 2421 658 2461 se
680 2401 801 2480 exponit
823 2410 853 2461 et
866 2401 1003 2477 vindieat,
1018 2409 1052 2461 ut
1073 2401 1172 2461 nullus
1196 2401 1390 2460 eriminetIoni
1411 2401 1497 2461 loeus
1576 2405 1577 2424 ¹

285 2499 435 2557 superesse
455 2481 555 2557 possit,
571 2480 667 2540 instit
683 2482 734 2540 lib.
749 2480 778 2538 ii.
794 2500 857 2558 esp.
871 2485 900 2558 t,
916 2489 986 2540 seut.
1000 2482 1029 2540 o.
1052 2479 1070 2514 “
1086 2481 1188 2558 Longo
1208 2489 1306 2540 tamen
1327 2480 1498 2541 discrimine

284 2579 397 2637 semper
411 2559 499 2618 distet
512 2559 543 2617 id
556 2559 635 2636 quod
648 2560 709 2638 egit
725 2559 875 2635 Dominus,
891 2561 929 2619 ab
943 2577 977 2618 eo
991 2559 1070 2638 quod
1085 2560 1174 2620 Satan
1187 2568 1216 2619 et
1229 2559 1311 2638 impii
1324 2560 1506 2622 moliunturt

284 2639 340 2698 llle
362 2639 439 2697 mals
461 2639 659 2714 instrumente,
675 2657 740 2716 quse
761 2639 816 2698 sub
838 2657 926 2698 msnu
947 2639 1044 2718 hebet,
1059 2648 1089 2700 et
1102 2659 1216 2700 versare
1234 2641 1368 2717 quolibet
1387 2649 1498 2720 potest,

284 2717 393 2778 servire
403 2717 526 2795 justitiae
540 2737 600 2778 sues
613 2718 692 2778 feeit.
713 2719 764 2795 Hi,
780 2726 865 2796 prout
878 2719 949 2778 msli
963 2729 1039 2798 sunt,
1054 2720 1212 2798 nequitiam
1225 2720 1337 2798 ingenii
1350 2721 1499 2798 pravitate

286 2806 456 2876 ooneeptam
469 2796 574 2858 effeotu
586 2799 731 2877 pariunt.'’
754 2799 795 2858 Et
806 2798 858 2859 lib.
873 2798 910 2859 de
924 2806 1033 2859 esterna
1046 2800 1102 2859 Dei
1117 2800 1303 2860 Prtedestina
1318 2797 1383 2860 inse
1397 2805 1497 2859 osten-

285 2877 336 2953 dit,
353 2878 449 2936 Deum
472 2877 514 2937 ita
536 2897 621 2958 ogere
644 2887 679 2940 ut
699 2897 751 2956 per
770 2879 850 2956 ipsos
871 2879 959 2939 etiam
982 2879 1087 2958 impios
1104 2878 1174 2940 lieet
1186 2879 1293 2939 insuios
1307 2887 1338 2939 et
1350 2880 1496 2958 nolentes,

285 2956 365 3037 quod
377 2957 542 3017 ordinatum
564 2957 659 3019 iuerat
680 2959 865 3038 eompleatur‚
880 2975 935 3018 nee
955 2967 1054 3019 umen
1079 2968 1231 3038 propterea
1244 2959 1292 3018 vel
1314 2959 1413 3037 ipsum
1431 2976 1497 3019 esse·
1576 2969 1577 2982 ³

285 3038 445 3116 ullieulpee
459 3037 581 3116 affinem,
596 3037 736 3098 velmals
748 3039 939 3100 instrumenta
958 3053 1016 3098 non
1034 3055 1163 3117 peeeare.
1206 3039 1496 3100 Sedelsrinsadhuo
1576 3055 1577 3120 j

285 3126 413 3178 mentem
434 3137 517 3178 snam
530 3117 651 3198 exponit
668 3117 898 3179 inlustratione
918 3121 1054 3178 ademere
1066 3119 1233 3195 Libertima
1249 3139 1312 3198 esp.
1327 3119 1399 3195 xiv,
1414 3128 1495 3198 poet·
1576 3125 1577 3128 ’

285 3215 373 3292 quarn
387 3197 465 3258 euim
479 3199 555 3293 dixit
568 3217 626 3276 eos,
642 3215 680 3259 ex
701 3198 829 3278 eoquod
851 3199 907 3258 Dei
921 3197 1109 3258 Ptovidentia
1121 3199 1227 3260 dieitur
1250 3199 1364 3258 effieere
1387 3200 1495 3275 omnis,

286 3285 710 3433 &substituit
732 3287 852 3418 ‘iiii
869 3277 1496 3436 btttttttttttlffl

285 3434 462 3526 peeeasarias
475 3437 594 3494 minime
608 3437 772 3497 observent.
794 3438 878 3496 Prior
890 3445 943 3515 est,
961 3438 1097 3498 Satanam
1110 3446 1142 3497 et
1162 3439 1277 3516 iniquos
1299 3453 1357 3496 non
1370 3437 1413 3495 sie
1427 3455 1496 3497 esse

285 3521 476 3571 instrumenta
485 3514 550 3588 Dei,
559 3514 630 3592 quin
643 3515 700 3592 ipsi
714 3517 800 3574 etism
814 3533 882 3576 suas
892 3525 989 3594 psrtes
1002 3518 1120 3595 sgsnt,”
1130 3515 1185 3576 dte.
1208 3517 1335 3578 “Altera
1348 3517 1495 3596 exceptio,

284 3592 369 3669 eujus
382 3591 513 3652 intelioes
525 3593 574 3652 isti
586 3593 697 3653 nullam
711 3595 851 3655 rationem
872 3597 988 3672 habent,
1003 3597 1066 3656 hae
1086 3605 1139 3672 est,
1154 3614 1292 3676 maguam
1314 3616 1379 3656 esee
1397 3592 1495 3656 differ-

284 3671 393 3731 entiam
406 3671 481 3730 inter
494 3689 567 3750 opus
582 3672 646 3750 Dei,
662 3682 778 3753 etopus
790 3675 881 3752 impii,
896 3695 963 3736 eum
976 3693 1011 3736 eo
1026 3677 1106 3737 Deus
1119 3677 1184 3737 vioe
1197 3675 1382 3737 instrumenti
1395 3676 1495 3736 utitor.

286 3752 399 3830 Impius
412 3751 490 3812 enirn
504 3771 557 3812 sua
569 3751 700 3830 avaritie,
715 3761 766 3814 aut
778 3755 944 3832 ambitione,
960 3763 1011 3816 ent
1031 3755 1151 3834 invidia,
1166 3765 1217 3816 eut
1238 3756 1408 3817 erudelitate
1422 3755 1495 3815 inei-

285 3840 364 3894 tetur
377 3831 415 3892 ad
426 3831 540 3893 faeiem
554 3851 647 3910 mum,
662 3853 717 3893 neo
730 3833 819 3894 elium
833 3831 920 3894 tinem
934 3843 1054 3916 speetat.
1080 3833 1152 3896 Ideo
1166 3857 1205 3897 ex
1218 3837 1316 3897 radios
1329 3837 1390 3912 illa,
1404 3832 1495 3894 idest

286 3933 325 3972 ex
338 3913 427 3972 enimi
441 3911 601 3988 offendens,
616 3920 646 3973 et
659 3914 717 3974 tine
730 3931 817 3994 quem
830 3923 950 3996 speetat,
967 3933 1040 3995 opus
1053 3917 1222 3994 qualitatem
1237 3917 1334 3992 sumit,
1350 3923 1380 3976 et
1392 3913 1495 3974 merito

286 3993 395 4052 malum
406 3993 563 4071 judioetur.
607 3993 667 4052 Sed
681 3995 761 4055 Deus
781 4004 945 4073 respectum
958 3995 1075 4055 omnino
1090 3996 1264 4058 sorentum
1279 3997 1376 4072 habet,
1391 4009 1494 4072 nempe

285 4080 319 4131 ut
337 4073 482 4150 justitium
496 4091 578 4132 anam
592 4079 725 4134 exereeat
748 4071 786 4134 sd
799 4074 1012 4136 eonservsndos
1031 4076 1133 4152 bonos,
1149 4076 1244 4154 gretie
1256 4084 1286 4136 et
1299 4075 1429 4134 bonitate
1443 4092 1496 4133 sua

285 4159 384 4212 utetur
397 4171 467 4229 ergs
479 4152 590 4227 fideles,
605 4153 681 4212 male
702 4162 799 4214 autem
820 4155 939 4214 meritos
960 4153 1093 4232 castiget
1136 4155 1182 4214 En
1195 4173 1254 4232 quo
1268 4163 1356 4234 poeto
1370 4153 1408 4214 sit
1420 4149 1496 4213 inter

288 4231 383 4290 Deum
396 4239 426 4290 et
439 4231 571 4291 homines
585 4231 815 4309 diauemendum,
829 4242 863 4294 ut
886 4234 956 4292 hine
976 4234 1007 4292 in
1021 4234 1121 4293 eodem
1139 4254 1225 4330 opere
1244 4235 1398 4312 justitiam,
1412 4233 1495 4292 boni·

285 4317 375 4370 tatem
388 4319 419 4370 et
439 4311 582 4388 judicium
596 4311 661 4386 ejus
684 4313 927 4392 contemplemnr3
949 4313 1031 4373 illino
1046 4313 1163 4373 Dieboh
1186 4324 1217 4374 et
1238 4313 1398 4374 infidelium
1412 4311 1496 4371 mali·

285 4389 386 4449 tism.''
429 4389 506 4450 Vide
520 4391 608 4450 etiam
625 4399 661 4452 tr.
679 4392 715 4451 de
729 4393 843 4452 oeeults
858 4389 914 4452 Dei
928 4393 1124 4470 Providentia
1145 4393 1196 4454 ubl
1216 4393 1324 4454 refutat
1336 4393 1497 4453 eelumnias

285 4468 447 4544 nebulonis,
462 4470 513 4546 qui
527 4469 687 4530 doctrinam
700 4471 766 4549 ejus
778 4480 916 4549 tanumn
930 4473 1048 4556 impium
1061 4481 1092 4532 et
1104 4473 1302 4552 blasphemam
1315 4470 1495 4533 tradneebet

286 4545 348 4604 Neo
362 4547 532 4607 absimiliter
545 4549 624 4609 Besa
637 4549 674 4610 de
687 4552 866 4611 aetemaDei
881 4552 1147 4630 Praedestinatione,
1162 4563 1192 4614 et
1209 4554 1241 4612 in
1254 4553 1436 4613 abstersione
1449 4571 1496 4610 ea·

285 4621 458 4684 tunnisrmn
480 4626 631 4705 Heshusii,
645 4630 695 4707 qui
711 4631 827 4691 Osirim
850 4636 977 4692 mentem
999 4641 1030 4693 et
1049 4647 1132 4694 suam
1156 4629 1233 4694 une
1253 4628 1395 4712 explieat:
1419 4633 1498 4692 boen
1576 4693 1577 4706 ,
