3250 5176
1374 43 1405 114 *a

268 349 326 408 568
766 371 857 416 uoces
870 327 975 413 nouus.
1288 348 1417 429 [eumer.
1437 369 1491 408 rx.

271 526 338 566 eum
356 521 540 588 exceperunt,
563 513 641 572 etin
662 513 716 571 hac
737 513 869 573 Ecclesia
892 513 1061 572 docueruut.
1103 508 1188 585 Quod
1201 509 1248 567 vel
1273 527 1311 567 ex
1333 507 1492 586 suffragio

273 587 417 648 Celeberr.
439 591 652 670 Theologorum
673 593 711 651 ad
737 594 887 671 Synodum
908 591 1124 650 Dordracenam
1146 589 1365 666 Deputatorum,
1384 592 1489 648 Joan.

272 668 397 727 Diodoti
407 678 437 729 et
452 671 554 731 Tteod.
568 673 726 750 Troactini,
741 673 772 731 in
783 673 877 732 Artie.
891 676 917 732 1.
928 673 983 731 Th.
995 675 1021 746 1,
1037 669 1151 730 abunde
1164 669 1264 746 liquet,
1279 688 1368 745 quum
1382 670 1487 744 aiunt,

274 747 400 806 “Deum
414 751 450 808 ab
465 759 580 828 aeterno,
595 773 633 811 ex
652 772 732 811 mero
745 752 905 813 voluntatis
924 771 984 811 auae
1005 749 1194 827 beneplacito,
1210 756 1303 807 certes
1325 767 1485 826 personas,

272 829 437 888 exsemine
458 838 488 889 et
507 833 630 909 posteris
644 832 729 909 Adae,
751 832 782 892 in
796 841 905 892 etcum
926 831 1028 890 eodem
1050 830 1156 907 lapsas,
1179 847 1244 887 reas
1264 835 1294 886 et
1314 836 1484 905 corruptae,

272 905 434 967 decrevisse
458 910 489 967 in
510 911 633 988 Christo,
655 931 709 990 per
729 920 759 971 et
779 920 896 990 propter
916 911 1062 970 Christum
1076 929 1114 968 ex
1128 907 1228 967 eadem
1242 905 1339 986 edicula
1352 907 1383 965 in
1397 909 1487 967 hunc

272 985 360 1045 finem
373 987 445 1065 ipsis
455 989 641 1068 singulariter
654 1013 672 1051 a
686 993 773 1052 Patre
786 991 961 1051 destinatum
975 989 1107 1065 vocare,'’
1123 985 1187 1064 ue,
1203 1006 1290 1065 quam
1304 987 1489 1047 sententiam

272 1072 301 1123 et
314 1064 400 1124 fidem
414 1085 478 1128 esse
493 1071 632 1130 Ecclesiae
646 1072 828 1132 Geneveusis
841 1071 1020 1150 profitentur.

314 1145 435 1206 XLIII.
457 1150 576 1228 Martyr
589 1151 669 1210 aliud
683 1153 807 1212 semisse
825 1171 884 1210 non
902 1151 1019 1228 legitur.
1060 1145 1199 1223 Quamvis
1213 1147 1289 1205 enim
1303 1166 1394 1226 agens
1409 1167 1486 1206 con·

274 1231 318 1283 tra
333 1225 479 1305 Pighium,
495 1229 538 1290 Cl.
552 1231 582 1290 ii.
598 1232 652 1290 Lo.
667 1231 703 1291 de
723 1251 802 1310 pecc.
817 1231 899 1308 orig,
914 1237 994 1288 totus
1008 1228 1046 1287 sit
1060 1228 1090 1286 iu
1104 1225 1280 1286 adstruenda
1292 1228 1487 1304 corruptione

274 1305 577 1464 tetsttttlh
587 1305 1398 1463 tetihtstdittffiaffitffodffl
1411 1327 1486 1444 Ξ

275 1465 389 1542 peccati
402 1410 508 1528 Adae.q
523 1470 560 1527 In
575 1471 659 1529 Rom.
675 1491 737 1549 cap.
753 1411 817 1546 i.,p“
828 1469 962 1528 Profecto
982 1487 1067 1526 nemo
1081 1465 1186 1542 estqui
1199 1406 1486 1543 antigraphae,

277 1546 455 1621 “peccatum
470 1549 609 1628 originale
630 1550 714 1610 nobis
734 1549 828 1628 infligi
847 1549 878 1608 in
891 1548 1030 1608 ultionem
1051 1555 1081 1606 et
1103 1565 1217 1624 poenam
1238 1545 1324 1622 primi
1346 1544 1485 1624 lapsus.”

276 1623 316 1682 Et
329 1623 360 1681 in
374 1625 459 1686 Rom.
474 1648 503 1688 v.
520 1633 567 1706 14,
591 1632 610 1662 “
620 1629 736 1690 Adamo
756 1637 893 1708 peccante
915 1627 1033 1706 perinde
1051 1626 1107 1684 fuit
1119 1645 1154 1684 ac
1168 1626 1193 1684 si
1207 1644 1306 1684 omnes
1319 1633 1485 1702 praesentes

275 1702 444 1781 adfuissent,
459 1716 489 1767 et
503 1709 589 1768 simul
603 1728 668 1769 cum
682 1729 717 1769 eo
730 1708 958 1788 peccavissent.''
992 1705 1062 1766 Vid.
1076 1705 1107 1763 in
1123 1708 1138 1762 l
1154 1705 1219 1764 Cor.
1234 1724 1285 1762 xv.
1299 1709 1347 1778 21,
1363 1709 1414 1764 22.

318 1783 435 1843 XLIV.
459 1786 625 1848 Otamierus
643 1789 748 1849 clarius
769 1790 825 1848 hoc
846 1789 941 1866 ipsum
959 1785 1092 1862 adstruit,
1112 1792 1152 1844 to.
1167 1784 1208 1842 iii.
1226 1785 1247 1843 1.
1262 1788 1309 1860 21,
1325 1805 1350 1843 c.
1366 1788 1394 1859 2,
1410 1803 1436 1843 s.
1452 1786 1485 1844 9.

278 1863 296 1896 “
307 1861 456 1939 Negemus
468 1885 554 1945 posse
564 1887 618 1928 nos
630 1869 694 1928 fieri
706 1869 831 1947 injustos
840 1867 982 1945 injustitia
992 1866 1148 1924 inhaerente
1162 1883 1312 1942 perunum
1322 1864 1485 1940 hominem,
1593 1861 1594 1924 l

277 1941 335 2002 nisi
347 1943 435 2021 hujus
445 1947 531 2007 unius
540 1948 666 2008 hominis
676 1949 818 2027 injustitia
827 1947 912 2008 nobis
926 1946 1110 2025 imputetur.'’
1140 1945 1180 2002 Et
1190 1963 1253 2022 cap.
1264 1943 1335 2002 xvii.
1347 1951 1417 2003 sect
1434 1947 1483 2020 ll,

279 2023 298 2054 “
310 2021 501 2086 concedimus
521 2036 551 2088 et
572 2028 797 2090 inobedientiam
811 2028 920 2087 Adami
933 2033 962 2086 et
976 2024 1169 2086 obedientiam
1183 2022 1291 2082 Christi
1304 2024 1485 2083 constituere

277 2119 331 2161 nos
345 2111 374 2162 et
388 2104 543 2167 efficienter
556 2117 585 2168 et
604 2109 749 2169 meritorie
767 2109 863 2187 justos
882 2115 912 2167 et
932 2106 1064 2183 injustos,
1086 2103 1140 2162 sed
1161 2122 1220 2163 non
1240 2103 1374 2180 imputari
1395 2103 1484 2162 nobis

276 2189 428 2261 utramque
442 2195 607 2247 constanter
619 2208 769 2266 negamus.
805 2189 868 2246 Imo
882 2203 1031 2262 negamus,
1045 2201 1131 2261 posse
1144 2201 1198 2241 nos
1211 2183 1354 2242 meriwrie
1368 2181 1483 2242 efficere

277 2260 340 2321 sive
350 2263 456 2340 justos,
468 2266 530 2325 sive
540 2269 674 2345 injustos,
686 2268 742 2326 nisi
755 2269 835 2346 prius
848 2265 1050 2344 imputenter.”
1083 2263 1122 2322 Et
1132 2282 1218 2321 mox:
1241 2264 1259 2295 “
1268 2263 1371 2338 Itaque
1384 2263 1482 2338 ipsum

277 2340 387 2400 Adami
400 2354 558 2423 peccatum,
573 2346 675 2424 ipsam,
690 2348 816 2426 inquam,
832 2347 912 2405 illam
928 2343 1154 2403 inobedientiam
1173 2361 1291 2402 necesse
1311 2342 1367 2402 fuit
1386 2342 1481 2419 impu-

277 2421 334 2478 tari
354 2423 485 2500 posteris,
501 2445 535 2485 ac
556 2427 677 2504 proinde
697 2427 784 2486 etiam
799 2425 907 2486 Christi
926 2422 1129 2483 obedientiam.
1171 2422 1257 2480 Illam
1271 2421 1397 2499 quidem,
1412 2423 1482 2499 quia

278 2498 413 2560 Adamus
434 2502 460 2561 is
479 2503 542 2580 fuit,
563 2506 594 2563 in
607 2525 665 2584 quo
679 2507 850 2566 censebatur
862 2523 927 2564 esse
947 2521 1040 2582 ςθιιιιιι
1061 2503 1228 2561 universum
1250 2503 1409 2561 humanum
1430 2521 1482 2580 per

278 2585 428 2641 naturam:
451 2582 541 2642 Istam
555 2577 633 2660 v'ero,
649 2585 717 2662 quia
730 2586 761 2643 in
776 2585 890 2644 Christo
905 2591 950 2643 est
962 2583 1099 2650 universa
1112 2581 1267 2640 multitudo
1280 2580 1410 2640 fidelium
1429 2601 1481 2658 per

279 2658 411 2735 gratim.
454 2661 527 2722 Inde
541 2663 657 2740 factum,
672 2671 705 2724 ut
718 2683 776 2723 non
789 2672 902 2724 tantum
923 2682 975 2741 per
988 2661 1136 2721 Adamum
1155 2670 1321 2740 peccatores
1340 2660 1409 2720 facti
1423 2661 1481 2720 sint

280 2756 388 2815 omnes,
403 2740 454 2800 sed
468 2749 497 2801 et
510 2743 541 2801 in
555 2743 618 2821 ipso
631 2763 766 2822 peccasse
780 2743 921 2820 fficenhrr,
936 2741 1016 2819 quod
1027 2743 1116 2820 longe
1129 2741 1208 2800 aliud
1221 2742 1294 2801 est.”
1342 2777 1351 2788 ·

322 2818 422 2881 XLV.
444 2821 506 2882 Nec
519 2831 632 2882 tentum
647 2824 701 2883 Vir
724 2824 779 2884 iste
794 2823 1004 2884 celeberrimus
1017 2842 1084 2881 cum
1104 2821 1216 2880 caeteris
1237 2820 1413 2881 Orthodoxis
1432 2819 1478 2879 hic

281 2898 367 2978 facit;
389 2921 491 2961 verum
504 2911 534 2962 et
547 2903 597 2962 alii
610 2903 677 2963 Viri
691 2904 786 2981 Docti,
802 2903 897 2982 quiin
911 2901 1023 2962 caeteris
1036 2901 1073 2960 ab
1091 2901 1303 2978 hypothesibus
1317 2901 1360 2960 Gl.
1374 2900 1481 2959 Placet

281 2999 341 3038 non
356 2989 423 3041 sunt
436 2982 531 3059 alieni,
547 3004 565 3042 a
578 2983 723 3044 communi
737 2983 880 3043 sententia
893 3002 952 3042 non
965 2980 1112 3055 recedunt,
1134 2987 1168 3039 ut
1182 2980 1326 3040 Celeberr.
1347 2980 1477 3056 Ampral—

283 3062 336 3118 dus
349 3060 400 3120 lib.
415 3061 451 3120 de
467 3062 563 3141 Relig.
577 3084 607 3143 p.
622 3067 650 3140 3,
666 3085 691 3124 c.
706 3068 734 3139 7,
751 3064 802 3141 qui
815 3063 878 3123 fuse
892 3060 994 3140 probat
1007 3068 1157 3138 pecodum
1168 3059 1295 3119 ahenum
1308 3079 1393 3138 posse
1404 3063 1479 3138 juste

283 3141 418 3219 imputari
432 3142 468 3201 iis
482 3143 532 3220 qui
547 3163 612 3204 eum
626 3145 746 3204 authore
760 3143 858 3221 aliquo
871 3141 989 3201 vinculo
998 3139 1094 3218 juncti
1108 3148 1184 3214 sunt,
1199 3139 1269 3200 licet
1289 3140 1403 3218 culpem
1422 3158 1478 3197 non

283 3220 490 3300 participarint.
532 3223 572 3283 Et
591 3224 642 3284 lib.
658 3223 746 3283 Galli.
768 3222 805 3282 de
820 3221 968 3281 Praedesti.
990 3237 1052 3296 cap.
1074 3239 1104 3278 v.
1127 3220 1145 3252 ‘⁴
1161 3219 1244 3279 Sicut
1263 3219 1296 3277 in'
1314 3219 1478 3278 criminibus

285 3299 376 3359 Laesae
401 3301 566 3377 Majestatis
587 3302 629 3361 ita
655 3302 814 3380 puniuntur
837 3301 887 3380 qui
909 3319 944 3360 ea
965 3299 1177 3374 commiserunt,
1201 3306 1233 3359 ut
1255 3299 1370 3358 miseria
1389 3317 1478 3376 poenae

283 3379 412 3454 ipsorum
426 3387 553 3440 trauseat
566 3399 658 3458 usque
672 3382 710 3440 ad
729 3390 868 3459 posteros,
891 3387 962 3458 puta
982 3377 1168 3438 aedificiorum
1189 3378 1310 3455 eversio,
1332 3396 1477 3437 munerum

283 3457 417 3534 privatio,
432 3456 516 3515 famae
525 3459 648 3535 jactura,
664 3467 694 3518 et
707 3461 764 3518 elia
777 3459 934 3538 ejusmodi;
958 3457 1013 3534 Ita,
1028 3466 1062 3517 ut
1075 3457 1149 3516 nihil
1162 3458 1383 3533 consideremus,
1398 3475 1479 3534 poena

284 3535 370 3612 primi
383 3535 508 3594 hominis
521 3545 638 3614 propter
648 3546 801 3630 peccatum
815 3558 899 3598 suum
921 3537 1039 3597 extendi
1060 3537 1160 3598 debuit
1180 3555 1272 3614 usque
1295 3537 1332 3595 ed
1351 3545 1476 3613 posteros

285 3615 349 3692 ejus
362 3614 393 3672 in
407 3615 597 3691 complurium
616 3617 796 3676 maseriamm
814 3637 880 3676 eam
901 3617 1138 3694 consequentium
1159 3618 1273 3676 sensu.”
1313 3615 1352 3673 Et
1371 3614 1420 3671 lib.
1441 3611 1475 3670 de

284 3695 375 3755 Justi.
390 3702 480 3754 contr.
497 3695 633 3756 Milleter.
648 3716 673 3756 c.
688 3695 729 3756 iii.
746 3699 763 3730 “
779 3697 826 3754 Ex
840 3697 905 3772 eo,''
920 3696 1023 3774 inquit,
1040 3698 1058 3730 “
1073 3697 1182 3755 clarum
1202 3715 1262 3778 esse
1282 3700 1384 3770 potest,
1406 3709 1474 3769 quo·

284 3774 372 3834 modo
386 3774 546 3852 Apostolus
559 3775 704 3854 iutelligat
717 3775 878 3836 doctrinam
895 3775 1121 3854 justificationis,
1143 3793 1243 3853 nempe
1262 3771 1340 3849 quod
1359 3781 1393 3830 ut
1412 3789 1475 3829 oon-

285 3854 431 3914 demuatio
445 3874 504 3932 qua
517 3854 741 3915 condemnamur
753 3857 784 3914 in
796 3855 920 3931 Ademo,
935 3874 994 3914 non
1008 3855 1153 3933 significat
1163 3853 1329 3932 qualitatem
1342 3852 1477 3910 inheren-

286 3943 353 4009 tem,
369 3934 484 3994 sedvel
497 3935 704 4013 obligationem
718 3935 756 3994 ad
769 3954 892 4013 poenam,
908 3936 957 3994 vel
971 3933 1157 4012 obligationis
1169 3933 1249 3993 illius
1263 3932 1477 3991 declarationem

285 4033 303 4072 a
322 4019 465 4091 potestate
486 4015 645 4092 superiori;
678 4015 726 4076 Ita
750 4015 865 4093 justitia
885 4035 943 4092 qua
958 4014 1152 4091 justificamur
1171 4013 1202 4071 in
1224 4012 1347 4086 Christo,
1369 4031 1426 4070 non
1445 4009 1479 4068 sit

285 4093 373 4152 etiam
386 4093 511 4170 qualitas
524 4093 676 4168 inhaerens,
691 4093 806 4153 sedvel
822 4097 872 4171 jus
886 4093 1049 4153 obtinenda
1069 4092 1100 4150 in
1116 4091 1229 4170 judicio
1250 4091 1350 4149 divino
1371 4088 1477 4149 absolu-

284 4172 381 4248 tionis,
396 4173 445 4232 vel
458 4173 603 4233 absolutio
617 4174 712 4251 ipssa
734 4173 870 4250 Judiec,'’
895 4172 974 4250 quod
996 4171 1102 4235 clarius
1125 4171 1220 4230 adhuc
1244 4171 1276 4228 ia
1300 4169 1479 4247 sequentibus

284 4252 396 4329 probat.
440 4251 486 4310 Ite
500 4251 643 4312 Celeberr.
658 4255 863 4329 Mestrecatiua
878 4253 929 4312 lib.
951 4251 988 4311 de
1010 4253 1160 4310 Commun.
1181 4271 1248 4310 cum
1263 4250 1387 4325 Christo,
1409 4269 1432 4308 c.
1450 4247 1478 4306 ii.

286 4334 305 4365 “
319 4330 441 4392 Justitia
456 4331 513 4389 Dei
526 4351 585 4389 non
597 4333 740 4408 potuisset
753 4333 838 4392 nobis
851 4333 993 4410 imputare
1007 4339 1157 4408 peceatum
1168 4329 1278 4388 Adami
1290 4330 1347 4388 nisi
1361 4329 1392 4387 in
1407 4327 1475 4386 Ada-

284 4429 333 4469 mo
346 4409 508 4486 fuhsemm,
525 4419 555 4470 et
567 4412 650 4488 quasi
665 4412 696 4469 in
708 4411 816 4472 lumbis
830 4412 902 4490 ejus,
918 4411 1066 4470 Adamum
1076 4411 1187 4470 scilicet
1200 4408 1411 4469 considerando
1423 4416 1477 4466 tan·

285 4509 372 4566 quam
386 4490 562 4566 posteritatis
577 4509 637 4550 suae
651 4493 766 4569 caput.’'
809 4491 849 4550 Et
861 4491 912 4550 lib.
928 4491 964 4549 de
978 4511 1040 4568 gra.
1055 4499 1145 4549 contr.
1168 4489 1306 4548 Milleter.
1330 4491 1348 4522 “
1363 4487 1477 4563 Corrup·

285 4566 327 4624 tio
341 4569 473 4643 quaedam
488 4567 596 4627 Adami
609 4571 714 4630 transit
727 4571 758 4628 in
771 4589 825 4630 nos
839 4571 955 4630 realiter
968 4578 998 4630 et
1011 4570 1095 4630 nobis
1108 4569 1238 4644 inhaeret,
1262 4567 1393 4626 sed'dico
1412 4585 1475 4642 pra-

285 4643 386 4702 cedere
400 4653 495 4706 actum
517 4648 714 4724 imputationis
735 4649 936 4710 inobedientia
957 4649 1056 4728 ipsius,
1079 4649 1201 4724 ideoque
1223 4648 1431 4726 comrptionem
1448 4644 1475 4702 in
