3160 5194
534 381 667 432 enarro
684 345 870 432 suasanus.
1233 363 1311 428 xxxi

98 541 1106 624 relictisomuibuspatriadulcissimacommodis,sanctoreram
1116 541 1310 624 Religionem

97 642 263 721 profitendi
281 647 319 706 et
334 641 540 722 optatissima
561 642 638 708 lucia
655 643 850 725 Evangelicae
864 663 959 708 usura
982 641 1137 725 gaudendi
1162 641 1229 704 uelo
1253 640 1310 704 im·

97 740 212 820 pulsus,
237 747 315 820 post
343 740 449 804 varios
474 760 563 805 casus
585 742 646 806 huo
672 742 798 805 tandem
818 742 989 829 'concessit
1041 738 1227 819 Antuerpiea
1254 757 1312 818 per

96 838 213 918 aliquot
245 837 380 902 uixerat
408 859 514 920 annos,
543 839 598 904 ubi
628 838 823 904 Nobilissimi
850 839 999 903 Maruixii
1027 837 1311 918 Sautaldegondani

95 935 311 1000 familiaritate
336 937 496 1000 utebatur.
546 936 597 1002 At
619 957 660 1000 ex
683 937 739 1000 illa
758 939 835 1002 urbe
856 958 876 1000 a
897 937 986 1002 Duce
1005 936 1163 1000 Parmensi
1186 936 1311 998 obsessa

96 1034 181 1098 exire
192 1041 338 1110 coactus,
354 1053 416 1097 uon
430 1034 496 1098 sine
508 1055 619 1116 magno
628 1035 701 1099 vita
714 1036 900 1109 discrimine,
913 1055 983 1100 cum
998 1035 1132 1115 primum
1144 1033 1309 1108 Generum,

97 1131 165 1195 dein
191 1131 351 1212 Tigna-um
377 1138 525 1213 tanquam
549 1133 582 1196 iu
607 1133 734 1214 asylum,
760 1140 793 1198 et
818 1135 904 1198 uelut
931 1133 1084 1213 quoddam
1108 1131 1310 1194 humanitatis

96 1230 235 1309 pluribus
251 1230 336 1294 locis
348 1230 532 1310 proscriptae
546 1231 703 1314 lanarium,
719 1251 753 1296 se
768 1232 949 1313 recepisset,
968 1232 1072 1311 ibique
1089 1235 1190 1294 toturn
1207 1235 1309 1292 trans-

96 1327 209 1408 egisset
225 1328 488 1407 quinquennium,
513 1349 621 1392 rursus
638 1329 794 1394 Generum
810 1337 949 1394 nostram
964 1328 1162 1395 exosculatus
1176 1334 1234 1403 est,
1253 1346 1310 1392 neo

96 1445 160 1488 eam
177 1425 312 1506 reliquit
327 1426 406 1490 (lum
421 1426 487 1490 vita
510 1428 623 1491 mansit
649 1435 815 1508 superstes.
857 1427 918 1490 Vir
934 1434 1011 1502 erat,
1029 1427 1056 1490 si
1081 1425 1150 1506 quis
1164 1445 1307 1505 unquam,

97 1521 214 1604 integer
226 1524 316 1598 vitae,
330 1524 519 1604 scelerisque
532 1545 639 1605 purus,
656 1525 774 1588 bandis
785 1545 907 1606 expers,
919 1533 1016 1590 muas
1032 1523 1185 1605 promissi,
1203 1523 1309 1586 fidem·

98 1641 154 1699 que
170 1620 319 1686 indocilis
332 1627 487 1687 temerare
498 1629 639 1704 pactam
666 1623 794 1687 sincerae
811 1624 939 1704 pietatis
954 1642 1071 1697 amans,
1087 1622 1139 1702 qui
1156 1641 1218 1684 uon
1231 1620 1308 1684 divi-

98 1717 163 1794 tias,
181 1725 219 1782 ut
229 1720 343 1783 verbis
355 1719 518 1783 Claudiani
528 1727 610 1798 utar,
626 1721 822 1803 nigrantibus
833 1722 968 1786 abdebat
980 1721 1089 1796 antris,
1104 1740 1161 1784 uec
1172 1719 1309 1783 tenebris

99 1816 265 1880 damnabat
283 1836 376 1898 opes,
391 1817 445 1882 sed
470 1818 569 1882 imbre
585 1819 699 1900 largior
716 1839 829 1901 egenos
846 1821 1007 1884 sublevare
1021 1819 1198 1893 letabatur,
1215 1817 1310 1880 etita

97 1914 152 1976 sibi
179 1914 323 1994 gloriam
349 1917 510 1995 postlata
534 1917 732 1998 superstitem
753 1918 793 1980 ad
816 1935 888 1980 suos
910 1924 1038 1998 nepotes
1066 1915 1209 1991 serravit,
1235 1916 1310 1977 orbe

98 2011 292 2088 vivaciorem,
333 2031 390 2076 uec
417 2021 548 2079 senecta
574 2013 754 2095 comgiuosse
781 2014 927 2078 dentibus
953 2013 1125 2076 obnoxiam.
1181 2012 1230 2073 De
1257 2011 1311 2072 illo

99 2109 197 2174 beare
209 2129 270 2191 par
284 2115 342 2176 eet
353 2111 436 2191 quod
451 2131 538 2176 sacer
549 2111 658 2185 Vates,
670 2111 752 2174 Psal.
763 2111 836 2174 cxii.
853 2119 871 2147 “
883 2109 1051 2191 Dispersit,
1067 2107 1154 2172 dedit
1168 2108 1311 2188 pauperi*

101 2208 163 2284 bas,
175 2207 317 2289 justitia
331 2209 399 2288 ejus
415 2218 519 2274 manet
534 2210 567 2273 in
584 2205 750 2274 seculum.”

146 2305 198 2368 Ex
209 2307 268 2370 illo
281 2313 382 2370 natus
392 2315 442 2371 est
449 2309 638 2372 Benedictus
650 2307 854 2372 Turretliuue
865 2305 964 2370 nostri
975 2312 1176 2390 regenerentur
1186 2321 1308 2384 pareus,

103 2400 231 2468 (iuuere
242 2405 407 2486 quondam
417 2425 503 2468 amor
514 2425 552 2470 sc
567 2405 661 2470 decus
674 2405 801 2484 grande,
817 2405 911 2487 hujus
923 2403 1073 2469 Ecclesia
1085 2411 1117 2466 et
1129 2402 1309 2467 Academia

102 2499 388 2580 splendidissimum
413 2503 517 2582 jubar,
543 2509 658 2586 μεγάλη
688 2506 825 2585 σάλπιγξ,
855 2511 905 2566 κα)
933 2510 946 2565 ὁ
977 2505 1075 2586 θερμός
1098 2510 1148 2574 τῆς
1179 2509 1310 2572 ἀληθείας

104 2608 252 2682 πραότης
262 2622 273 2676 ;
302 2600 356 2666 cui
374 2601 565 2664 hauddubie
584 2599 726 2682 Gregorii
750 2600 783 2664 N
785 2599 943 2664 anianzeni
959 2599 1167 2664 Athanasium
1183 2597 1310 2660 laudare

103 2699 315 2779 weditmfifl
332 2699 508 2780 aptarim
521 2697 577 2762 illa
592 2697 700 2779 possit,
717 2703 874 2762 Ἀθαιάσιιι
888 2703 998 2762 karris
1014 2703 1108 2782 ἀρετὴν
1119 2701 1308 2771 §nutrieram

370 2888 458 2964 Οιᾴιιι
471 2887 667 2948 miculam
672 2889 804 2962 foecundi
810 2889 934 2965 perterre
947 2889 1022 2963 uber,

370 2968 517 3027 Doctrinae
527 2968 657 3043 pellenae
670 2987 744 3044 opes,
759 2969 945 3046 mirandoque
959 2969 1056 3026 mentia

369 3047 493 3106 Murrina
506 3050 650 3106 docorum
663 3048 769 3106 mirata
783 3055 823 3106 est
836 3049 918 3106 turba
936 3047 1079 3120 Virorum,

368 3127 412 3184 Et
423 3145 485 3204 quer
493 3126 638 3204 perpetuis
651 3127 776 3184 romanat
782 3126 909 3202 pignora
923 3125 1048 3197 clerte,-

109 3305 264 3388 lmprimis
281 3307 491 3372 doctissimum
516 3309 593 3373 illud
617 3307 703 3389 Opus
728 3307 874 3371 adversus
890 3306 1027 3370 Petrum
1043 3304 1206 3382 Colonum,
1225 3313 1309 3372 rete-

109 3421 213 3469 ranum
237 3405 328 3469 illum
346 3403 508 3482 Jesuitam,
526 3405 580 3487 qui
602 3405 773 3470 Bibliorum
789 3411 964 3468 nostrorum
982 3403 1164 3468 Versionem
1182 3405 1309 3468 adortus

110 3500 215 3578 fuerat,
240 3523 281 3567 sc
306 3503 345 3566 <le
366 3501 496 3567 Genera
518 3503 749 3568 conservatione
769 3523 832 3566 uon
859 3501 1048 3566 Dodonaeam
1073 3523 1229 3583 quercum,
1253 3503 1308 3566 sed

111 3603 207 3662 atrum
224 3601 316 3664 Ditis
331 3599 484 3680 tripodem
501 3607 689 3676 excusserat,
707 3608 739 3664 et
752 3601 792 3664 ab
808 3601 1034 3682 Energumena,
1048 3607 1084 3662 ut
1095 3602 1192 3664 refert
1205 3599 1308 3663 (lbra-

112 3711 175 3772 uus,
190 3697 287 3779 digua
303 3697 459 3778 Theologo
475 3697 655 3762 musicae
679 3699 783 3762 linerat
806 3697 992 3773 sciscitatus,
1009 3717 1069 3780 quo
1083 3704 1223 3778 tempore
1239 3697 1309 3760 Cal-

114 3789 172 3855 viui
195 3794 324 3859 haeresis
343 3795 587 3877 extingueretur,
606 3801 699 3876 atque
723 3795 785 3858 alia
807 3815 885 3875 quae,
902 3797 1087 3860 observante
1111 3794 1310 3858 celeberrimo

115 3883 281 3974 Historiae,
299 3892 422 3956 aliunde
439 3893 579 3978 (quama
603 3900 693 3972 patre
714 3893 866 3958 mendacii
891 3891 1022 3979 scilieet)
1038 3911 1222 3974 cognoscere
1239 3909 1309 3970 apes

115 4002 172 4047 uon
188 3997 265 4056 erat.
318 3989 367 4054 Ile
380 3989 434 4054 illo
454 3991 545 4056 hoste
565 3991 660 4054 miros
675 3993 863 4056 Benedictus
877 3997 983 4056 noster
1000 3991 1065 4071 egit
1079 3988 1261 4068 triumphos,
1277 3991 1311 4049 et

117 4083 209 4159 uelis
223 4088 327 4168 ampla
339 4087 458 4164 retulit,

631 4279 699 4339 Nou
711 4275 906 4354 rependenda
922 4274 1043 4342 Quis-ino

392 4357 481 4418 Dona
493 4359 586 4417 Patri.

123 4527 209 4595 Auno
223 4549 264 4598 ιι.
282 4548 335 4596 pc.
352 4551 410 4603 xx.
429 4537 586 4604 Alerianae
611 4538 736 4621 Synodc
758 4538 955 4622 interfuerat,
983 4539 1071 4618 cujus
1096 4537 1214 4601 Praems
1242 4545 1310 4601 erat

122 4622 228 4696 Petras
243 4629 426 4710 Meziana,
447 4635 486 4700 de
502 4657 564 4716 quo
587 4643 719 4716 prestat
734 4643 847 4712 tacere,
864 4655 955 4716 quam
971 4654 1072 4715 pauca
1086 4633 1197 4710 (licere,
1214 4633 1310 4714 siqui·
