3174 5174
159 289 270 338 ouesr.
286 267 344 349 ru]
662 291 701 332 nu
715 255 857 334 saccaro.
1297 281 1359 338 543

159 437 189 488 et
202 427 374 486 allusionem
388 426 426 484 ed
440 426 571 488 diversos
585 430 693 508 gradus
703 429 880 510 judiciorum
891 439 920 492 et
930 451 1079 510 poenarum
1090 435 1256 512 capitalium
1270 438 1360 496 usita-

159 517 205 567 tos
220 507 295 566 iuter
308 505 449 581 Judoeos;
479 509 554 566 Nam
573 519 678 586 praeter
694 511 836 588 judicium
856 511 986 570 infimum
1001 515 1155 590 quoderat
1173 515 1361 593 triumvirale,

159 587 239 663 quod
260 584 411 663 judicabat
433 585 470 645 de
483 588 607 665 mulctis,
633 608 684 648 seu
705 591 799 668 poeuis
821 592 1003 668 pecuniariis,
1027 593 1170 652 dabantur
1189 595 1283 653 adhuc
1303 605 1364 655 tres

159 666 268 742 gradus
281 682 431 741 poenarum
446 667 611 743 capitellum
621 668 696 727 inter
710 689 769 728 eos.
792 670 908 729 Primus
916 677 977 728 erat
987 673 1104 747 Judicii,
1120 673 1234 732 scilicet
1241 673 1363 733 XXIII

159 745 305 818 Virorum,
321 742 401 820 quod
414 743 444 800 in
459 746 582 822 siugulis
603 749 770 808 olvitatibus
792 749 981 809 constitutum
996 758 1065 825 eret,
1089 751 1126 810 ad
1142 752 1221 828 quod
1239 753 1363 829 pertiue-

158 823 230 882 bont
247 843 319 883 etan
333 843 387 896 ior,
403 825 516 897 judicia
536 827 705 902 marum,
718 827 757 886 id.
772 847 866 887 cause
881 829 1027 907 capitales.
1052 829 1202 889 Secundus
1213 841 1275 890 eret
1290 833 1363 890 Ooo-

160 904 219 962 cilis'
236 903 340 978 mapai,
365 900 427 961 sive
441 905 619 982 Sandcdra'm,
635 906 713 982 quod
734 908 885 967 constabat
904 907 999 966 LXX
1013 909 1094 968 Viris
1115 908 1153 966 ed
1173 909 1363 969 imitationem

160 982 256 1042 LXX
277 983 468 1041 Asseseorum
490 984 590 1060 Masis,
613 985 649 1044 de
672 983 778 1062 quibus
800 987 886 1045 Num.
915 988 956 1046 xi.
976 989 1022 1064 16,
1048 988 1126 1064 quod
1151 988 1364 1066 Hierosolymis

159 1070 271 1120 tanturn
285 1062 485 1137 conveniebat,
495 1063 569 1122 etde
580 1065 760 1140 gravissimis
773 1065 941 1125 criminibus
955 1069 1158 1144 cognoscebat.
1180 1066 1295 1127 Tertius
1304 1077 1366 1128 eret

163 1141 302 1201 Ochema
317 1138 397 1217 iotae,
413 1143 463 1219 qni
477 1151 539 1200 erat
552 1145 697 1202 cruciatus
711 1145 839 1204 omnium
853 1146 1006 1221 mexirnus,
1022 1147 1072 1222 qui
1086 1155 1115 1205 et
1134 1147 1264 1224 gladium
1278 1157 1309 1206 et
1321 1149 1364 1206 lo·

159 1220 336 1297 pidationem
351 1235 444 1292 quaec
458 1222 480 1281 J
482 1221 577 1280 udIcio
591 1229 621 1280 et
637 1223 778 1300 Syuedrio
789 1223 1017 1287 decernebantur
1031 1224 1210 1285 excedebat:
1233 1227 1295 1284 sive
1309 1228 1365 1285 hoc

159 1299 299 1358 referatur
312 1299 350 1358 ad
360 1321 434 1376 acm,
445 1301 678 1376 ammoneant
694 1303 756 1361 sive
771 1303 808 1362 sd
822 1303 1014 1363 abominanda
1029 1304 1176 1380 sacrifieia,
1191 1325 1257 1382 quat
1270 1307 1301 1362 iu
1314 1307 1365 1364 illa

160 1379 237 1437 velle
251 1379 376 1440 liliorum
391 1381 521 1439 Hinnorn
542 1379 658 1456 fiebant,
674 1381 723 1440 ubi
745 1401 782 1440 ex
796 1383 938 1460 ακοζηλίᾳ
957 1383 1090 1443 sacrificii
1104 1383 1265 1441 Abrahsmi
1280 1384 1365 1443 Idolo

160 1457 394 1520 Ammonitarum
410 1459 544 1518 Molocho
558 1460 701 1518 humanus
722 1464 841 1542 sangnis
860 1471 889 1520 et
908 1463 1062 1522 liberorum
1076 1461 1194 1539 quidem
1208 1482 1226 1520 a
1239 1463 1364 1539 parenti-

159 1536 216 1595 bus
230 1535 412 1614 offerebatur,
428 1538 497 1597 dum
510 1538 559 1595 vel
577 1539 654 1598 inter
666 1537 740 1598 duos
754 1559 841 1616 rogos
856 1542 1079 1602 traducebantur
1092 1541 1224 1616 infantes,
1240 1549 1273 1599 ut
1285 1541 1366 1600 lenta

159 1625 252 1674 morte
265 1617 401 1694 perirent,
417 1618 465 1675 vel
479 1616 670 1677 candentibus
685 1624 787 1676 statua
803 1619 931 1679 Molechi
945 1621 1071 1680 brachiis
1092 1619 1193 1677 innexi
1213 1621 1365 1678 horrendis

160 1714 226 1752 cum
241 1696 417 1756 cruciatibus
431 1696 472 1755 ibi
485 1697 699 1755 ustulabantur.
725 1696 811 1756 Unde
826 1699 909 1757 locus
923 1700 973 1758 ille
987 1697 1102 1756 iufamia
1115 1699 1232 1757 habitus
1247 1707 1299 1772 est,
1315 1699 1365 1756 ubi

161 1773 314 1833 continuus
336 1785 398 1834 erat
421 1775 499 1852 iguis
519 1775 723 1834 comburendis
738 1776 929 1837 cadaveribus
942 1779 1142 1836 damnatorum
1157 1777 1329 1852 destinatus,
1346 1781 1364 1836 2

162 1852 238 1928 Reg.
260 1854 342 1912 xxiii.
361 1857 406 1929 10,
430 1862 459 1913 et
473 1852 536 1912 Jer.
548 1853 599 1912 vii.
615 1857 664 1928 31,
680 1853 734 1913 dra.
756 1863 786 1914 et
806 1875 841 1914 ea
859 1855 896 1914 de
911 1877 999 1916 causa
1013 1855 1172 1932 symbolice
1186 1875 1239 1932 pro
1254 1855 1365 1914 inferno

162 1929 286 1988 sumitur
299 1953 357 1991 uon
371 1953 436 1991 raro
450 1933 480 1989 in
496 1932 653 2010 Scriptura.
691 1934 799 1992 Sensus
813 1953 884 2011 ergo
897 1937 1052 1995 verborum
1068 1932 1176 1994 Christi
1191 1936 1216 1993 is
1231 1942 1283 2009 est,
1300 1936 1364 1994 Vos

160 2009 285 2086 haclege
291 2013 359 2070 Noa
368 2011 899 2087 occidesputetishomicidiumtantum
905 2022 1056 2074 externum
1064 2014 1209 2072 damnari:
1225 2013 1290 2091 Ego
1296 2032 1365 2074 vero

160 2105 276 2148 sensum
288 2090 376 2168 Legis
391 2091 475 2150 istius
482 2089 567 2148 robis
576 2091 726 2150 declarans
737 2091 811 2167 dico,
822 2093 968 2169 quoslibet
978 2101 1060 2152 actus
1068 2101 1128 2151 tam
1139 2093 1268 2151 internos
1278 2111 1364 2169 qnam

160 2175 295 2227 externos
303 2169 333 2226 in
343 2171 451 2247 Legem
462 2170 547 2228 istam
553 2169 721 2248 impingere,
729 2171 897 2230 etaffectum
904 2174 990 2231 etiam
999 2173 1049 2230 irae
1058 2171 1362 2230 temereexardesceu·

160 2254 217 2306 tem
224 2247 385 2325 infrutrem,
396 2248 452 2308 etsi
460 2249 612 2322 internum,
620 2269 683 2308 esse
690 2249 813 2326 speciem
820 2249 964 2328 quandam
970 2249 1127 2324 homicidii,
1135 2260 1164 2310 et
1169 2269 1282 2327 poenam
1288 2269 1364 2308 mor·

160 2325 198 2384 tie
209 2345 328 2403 gravem
338 2328 449 2402 mereri,
460 2327 554 2404 qualis
568 2337 630 2387 erat
643 2348 678 2388 ee
686 2348 750 2405 quae
757 2329 870 2406 judicio
879 2329 999 2388 XXIII
1010 2330 1147 2388 Virorum
1158 2329 1360 2406 infligebatur3

162 2405 194 2464 Si
207 2425 277 2464 vero
291 2407 322 2464 in
343 2407 478 2485 iujuriam
494 2415 523 2465 et
540 2409 742 2466 contemeliam
756 2417 895 2486 erumpat,
912 2411 1031 2487 grevim
1045 2427 1108 2468 esse
1122 2417 1282 2486 peecatum,
1298 2429 1363 2486 gru·

160 2484 235 2542 viori
249 2486 335 2544 etiam
346 2506 433 2564 poena
446 2486 638 2563 plectendum,
647 2486 741 2563 qualis
755 2496 800 2547 est
808 2507 843 2547 ea
856 2508 921 2564 qum
935 2490 966 2547 iu
982 2487 1127 2567 Synedrio
1141 2488 1364 2563 d·ecemebatur;

161 2563 200 2622 Et
223 2563 248 2622 si
269 2565 300 2621 in
322 2566 481 2624 convitium
502 2573 585 2623 amox
606 2567 745 2643 prosiliat,
761 2575 794 2626 ut
815 2567 903 2626 frater
921 2569 1028 2628 stultus
1041 2575 1169 2642 uocetur,
1192 2567 1364 2644 gravissimo

160 2643 289 2701 cruciatu
303 2643 424 2720 dignum
439 2645 484 2720 sit,
496 2644 564 2702 huic
578 2647 710 2722 aualogo,
726 2646 776 2722 qui
790 2646 944 2706 videbatur
957 2648 988 2705 in
1001 2645 1079 2705 velle
1089 2646 1216 2705 filiorum
1225 2646 1363 2705 Hinnom.

160 2721 209 2779 Ita
225 2722 360 2782 Geheaaa
380 2724 428 2782 hic
450 2743 508 2782 uon
531 2724 653 2783 sumitur
673 2724 841 2801 simpliciter
859 2745 911 2802 pro
932 2726 1053 2802 inferno,
1075 2725 1159 2802 quasi
1179 2725 1247 2783 huic
1270 2725 1364 2784 solum

159 2800 263 2876 gradui
279 2801 328 2860 irm
352 2801 504 2861 deberetur
516 2821 602 2879 poena
615 2802 728 2878 inferni,
749 2823 801 2863 seu
814 2823 892 2863 mors
911 2812 1037 2880 ceterum
1069 2803 1127 2863 Sed
1147 2803 1269 2862 ullusive
1284 2813 1365 2863 notat

158 2880 569 3020 dldlllsmafflluit
594 2885 624 3018 1·
647 2883 1045 3038 diligitid‘siiiffilffi
1064 2881 1363 3018 ildlhloffllu'

160 3045 190 3096 et
204 3003 357 3116 utrobique
372 3040 510 3117 capitales
524 3003 596 3098 esee.
612 2980 768 3100 811Βαῑπιινο
782 3040 907 3118 ingenue
922 2981 1006 3099 coiit
1017 2981 1146 3117 {Iram
1157 3001 1237 3096 sicum
1251 2979 1308 3096 agee
1314 2979 1364 3114 jus:

161 3117 234 3176 dicio
257 3118 476 3196 intelligendum
501 3137 564 3178 esse
588 3138 647 3178 nou
670 3120 764 3177 solum
787 3119 823 3178 de
843 3119 955 3197 judicio
973 3118 1075 3178 mortIs
1096 3117 1285 3194 temporariae,
1312 3117 1365 3176 sed

159 3196 246 3255 etiarn
261 3198 462 3273 damantionis,
477 3205 507 3256 et
520 3199 654 3257 interitus
668 3198 767 3256 aetemi
780 3198 810 3257 iu
825 3198 924 3256 diviuo
934 3197 1060 3274 judicio;
1075 3199 1231 3254 Barradas
1241 3203 1300 3255 tres
1310 3197 1364 3256 bos

158 3275 417 3414 fflmssuppfiffi
431 3297 547 3354 poenam
561 3277 723 3354 significare
738 3277 937 3355 gehennalem,
961 3275 1080 3336 cuilibet
1100 3275 1233 3336 lethifero
1250 3275 1364 3334 crimini

179 3373 211 3413 es
236 3374 272 3413 na
302 3377 341 3415 m.

200 3433 326 3494 XVIII.
348 3433 442 3510 Quum
463 3442 582 3512 peccata
605 3434 791 3494 conseruntur
807 3437 925 3512 festuca
947 3442 979 3494 et
999 3436 1081 3511 madi,
1107 3435 1178 3493 Luc.
1201 3433 1240 3492 vi
1264 3437 1312 3508 4l,
1336 3441 1366 3493 et

159 3517 264 3572 camelo
278 3523 308 3574 et
321 3516 409 3589 culici,
425 3514 531 3572 Matth.
546 3515 629 3573 xxiii
645 3518 693 3589 24,
715 3514 783 3573 hinc
796 3515 913 3591 quidem
927 3514 1079 3591 evincitur,
1088 3513 1218 3572 cliaaliis
1232 3514 1366 3589 graviora

158 3591 208 3650 vel
221 3592 332 3652 leviora
344 3613 417 3668 esse,
432 3591 512 3670 quod
525 3611 584 3650 nou
597 3613 755 3670 negamus:
776 3594 828 3653 sed
850 3613 909 3653 uon
931 3603 1028 3670 potest
1051 3594 1118 3651 inde
1143 3592 1208 3650 elici
1232 3592 1364 3668 quaedam

159 3691 223 3730 esse
237 3673 372 3730 venialis.
392 3677 421 3731 2.
437 3671 576 3730 Pharisaei
589 3673 726 3732 dicuntur
746 3677 878 3732 cacolarc
891 3675 1012 3746 atticen,
1027 3681 1055 3731 ct
1071 3672 1207 3747 deglutire
1220 3673 1363 3746 camelum,

158 3751 333 3827 proverbiali
346 3752 500 3826 locutione,
516 3751 585 3828 quie
597 3771 746 3830 perperam
770 3753 801 3809 iu
824 3751 959 3826 minimis,
979 3759 1050 3826 puta
1063 3750 1093 3807 in
1107 3748 1363 3824 caeremonialibus,

159 3837 242 3888 eraut
256 3831 455 3906 superstitiosi,
471 3831 541 3889 dnm
554 3831 681 3888 maxima
695 3831 838 3904 mandata,
854 3829 894 3888 id.
909 3829 1036 3903 moralia,
1052 3827 1249 3903 negligebant.

187 3909 296 3979 XIX.
318 3909 427 3967 Paulus
442 3909 548 3985 Ephes.
564 3931 593 3968 v.
608 3915 637 3985 4,
653 3913 680 3984 5,
695 3929 754 3967 uon
768 3907 921 3984 distinguit
934 3907 1065 3984 quedam
1086 3907 1159 3965 vitIa
1172 3905 1208 3964 ab
1222 3905 1288 3963 aliis
1301 3912 1363 3964 tan-

158 4007 245 4064 quam
260 3988 393 4047 mortalia
407 4008 424 4045 a
437 3988 608 4064 venialibus,
624 3989 676 4048 sed
688 3987 786 4066 potius
799 3986 895 4046 omnia
912 3994 944 4046 ut
963 3986 1142 4062 bomogeuea
1161 3984 1303 4061 particule
1317 4003 1364 4042 co·

152 4067 289 4144 pulativa
302 4069 461 4145 conjungit,
477 4086 541 4143 quse
555 4068 640 4126 etiarn
656 4069 692 4126 ab
707 4067 807 4126 eodem
822 4065 912 4124 verbo
925 4065 956 4123 in
969 4063 1180 4124 constructione
1192 4063 1363 4140 dependent.

161 4145 246 4204 Unde
271 4148 310 4205 ed
322 4147 459 4205 univorsa
472 4147 597 4223 pertinet
611 4148 689 4223 quod
703 4145 808 4205 dicitur
820 4165 849 4204 v.
865 4148 893 4205 6.
903 4153 1025 4221 propter
1038 4145 1096 4203 too
1108 4143 1182 4202 verit
1194 4143 1242 4200 ἕνα
1255 4144 1314 4200 Dei
1335 4143 1365 4200 ia

52 4239 54 4242 ·
149 4226 228 4302 filios
242 4227 430 4301 contumaciae,
446 4235 476 4284 et
491 4225 557 4285 Gal.
572 4245 601 4284 v.
619 4229 664 4299 19,
680 4233 866 4284 recensentur
878 4225 975 4283 omnia
988 4232 1125 4300 tauquam
1146 4239 1233 4302 opere
1253 4221 1365 4281 Ceratis.

159 4305 244 4378 Quod
257 4325 328 4363 vero
341 4305 554 4376 Scortatiouem,
570 4307 738 4379 Avaritiam,
754 4313 783 4364 et
791 4305 1006 4376 Immunditiem,
1018 4303 1089 4362 dicit
1096 4301 1251 4361 excludere
1260 4321 1277 4358 a
1286 4301 1364 4377 Reg-

158 4403 197 4472 ¹¹.⁰
211 4384 359 4477 coslomm,
375 4405 434 4443 nou
448 4384 515 4442 iude
529 4383 571 4459 fit,
586 4385 664 4461 quod
675 4385 730 4443 ists
744 4392 855 4442 tantum
870 4383 929 4442 sint
941 4383 1082 4458 mortalis,
1097 4382 1149 4441 sed
1162 4381 1240 4458 quod
1254 4380 1366 4439 caeteris

158 4471 526 4617 SlnXXXVIXZtswntahs
540 4549 568 4599 et
590 4561 724 4616 cupressu
748 4541 887 4599 ararica
912 4541 976 4600 Deo
999 4561 1057 4600 uon
1080 4547 1212 4600 occurrat
1233 4539 1262 4597 in
1288 4539 1365 4598 omui
