3158 5180
116 313 239 361 Querar.
254 293 335 380 rua]
609 311 648 350 ne
663 311 840 352 cauarrouu.
1272 301 1330 359 409

116 454 232 531 quibus
246 453 356 513 dictum
371 460 423 529 est,
439 453 551 512 crescite
565 461 591 511 et
604 453 834 530 malepliccmiai,
849 452 960 512 nullam
973 460 1070 512 tamen
1093 455 1223 533 conjugii
1235 457 1332 534 legem

116 553 222 672 dii?
223 535 336 672 {11³4
350 533 506 690 ἓῗιῗὲΐ
506 553 612 672 tte
612 533 1333 693 attl⁰tttu⁰tttettztftlltttztz

115 691 240 770 illisque
254 657 334 752 haud
344 658 480 752 stbtuiase
487 693 592 770 legem,
602 701 634 752 ut
640 701 795 769 propterea
805 693 1034 770 relinquatlzomo
1044 703 1159 770 panem
1168 705 1329 774 etmatrem,

115 781 150 830 ut
164 775 315 831 adhereat
325 792 385 830 caca
398 774 581 849 conjuqi,quo
595 772 652 831 duo
668 773 725 831 sint
739 773 768 830 ia
781 793 840 830 aaa
853 793 939 831 oaraoe
944 797 956 846 ;
971 773 1076 850 quibua
1090 782 1188 852 aperte
1202 775 1332 837 innuitur

115 851 247 929 primam
260 853 349 911 maris
363 860 393 910 et
405 852 530 910 foeminae
545 853 717 912 creationem
731 851 837 911 factam
851 853 888 910 ab
898 851 990 928 initio,
1002 851 1091 912 briaae
1100 853 1209 912 Adami
1220 864 1250 913 et
1258 856 1332 916 Evae

116 931 353 1008 productionem,
368 931 474 1008 quibus
487 932 544 990 iata
559 931 622 990 Lex
636 941 681 992 est
694 931 796 1009 posita,
812 931 941 1009 adeoque
956 931 1103 991 Adamum
1118 941 1148 992 et
1163 935 1256 992 Evam
1268 955 1332 995 esse

117 1031 234 1070 marem
248 1019 279 1070 et
292 1011 447 1088 foemiuam,
463 1011 620 1088 dequibus
641 1013 748 1073 Genea.
763 1013 782 1072 i.
797 1016 845 1087 27,
860 1031 934 1090 quos
949 1012 1029 1071 Deua
1049 1012 1118 1072 lecit
1129 1015 1180 1072 ἐπ’
1194 1019 1277 1095 signif
1290 1015 1330 1075 id.

116 1101 175 1166 est,
192 1091 230 1150 ab
244 1091 294 1149 illo
307 1091 449 1185 principio
470 1111 527 1184 quo
542 1092 652 1184 creavit
661 1111 662 1116 ¹
669 1092 776 1185 coelum
790 1099 820 1184 et
838 1099 952 1151 terram.
995 1093 1023 1151 5.
1046 1092 1151 1152 Primis
1164 1095 1331 1188 hominibus

119 1169 226 1229 datum
249 1179 467 1264 esturmpenum
487 1180 695 1308 rpdqmnrmantre
715 1191 812 1249 capr.
828 1174 875 1266 ².8’
890 1171 969 1264 quod
988 1171 1180 1266 confirmatur,
1196 1195 1221 1233 c·
1236 1195 1265 1234 u.
1283 1177 1330 1253 19,

118 1269 163 1387 {¹1¹
162 1270 329 1388 ¹12⁰me
341 1251 557 1389 liddam
570 1271 660 1408 ,idi
661 1252 1085 1409 lttttdstttltttfflt?
1095 1271 1259 1393 tutet
1260 1263 1332 1411 tlt

120 1409 153 1466 in
169 1409 277 1483 cibum,
291 1409 398 1484 herbae,
414 1409 500 1485 clera,
516 1410 626 1470 fructus
647 1411 789 1486 arborum,
806 1431 830 1470 c.
846 1413 865 1470 i.
880 1431 908 1470 v.
924 1413 971 1484 29,
987 1411 1029 1469 ita
1042 1411 1142 1470 eadem
1163 1413 1212 1471 lex
1226 1414 1330 1490 repeti-

121 1497 174 1546 tur
187 1509 213 1547 c.
228 1490 258 1548 i'a
276 1491 322 1565 16,
338 1497 368 1548 et
391 1489 558 1565 agnoscitur
582 1490 619 1549 ab
633 1491 699 1549 Eva
712 1512 736 1550 c.
752 1491 792 1549 iii.
807 1495 835 1566 2,
858 1491 919 1549 sola
939 1490 1041 1549 arbore
1062 1490 1190 1550 scientiae
1211 1493 1332 1553 boniet

118 1567 193 1626 mali
207 1577 338 1646 excepta,
354 1568 384 1626 in
399 1588 456 1645 qua
471 1570 551 1628 Deus
572 1590 671 1629 eorum
691 1570 779 1628 fidem
799 1579 829 1629 et
849 1569 1041 1629 obedientiam
1062 1569 1213 1648 explorare
1228 1573 1330 1633 voluit.

120 1647 256 1722 7.Qunm
271 1667 332 1725 cap.
347 1648 377 1706 ii.
393 1651 420 1723 5,
432 1651 459 1724 7,
472 1649 553 1709 Deus
567 1649 672 1708 dicitur
686 1650 825 1709 formasse
840 1649 986 1709 Adnmum
1001 1648 1037 1708 de
1053 1649 1115 1710 luto
1130 1660 1222 1729 terrae,
1238 1657 1332 1713 nullus

121 1729 193 1786 dum
207 1729 310 1785 dicitur
315 1729 407 1802 ficere
419 1729 500 1787 Ιιοηιο
514 1732 556 1788 ad
567 1733 711 1789 colendam
724 1740 841 1790 terram

166 1806 224 1865 v1.
244 1807 306 1866 Nec
333 1807 494 1867 audiendus
517 1808 717 1886 Praeadamita,
740 1809 810 1868 dum
831 1809 896 1869 vult
923 1810 1096 1886 creationem
1121 1811 1224 1890 cepitis
1245 1813 1332 1890 primi

124 1885 242 1944 differre
262 1887 299 1944 ab
321 1907 357 1946 ea
380 1907 444 1964 quae
466 1897 639 1964 recensetur,
655 1909 717 1966 cap.
732 1889 772 1965 ii,
787 1889 818 1947 in
837 1889 943 1949 variis:
966 1889 1051 1964 Quod
1069 1891 1099 1948 in
1114 1891 1165 1950 illa
1179 1892 1259 1950 Deua
1273 1913 1332 1952 unc

123 1973 195 2024 actu
217 1986 322 2025 marem
348 1975 377 2025 et
393 1967 539 2026 foeminam
562 1969 648 2028 simul
662 1969 774 2044 crearit,
796 1977 826 2028 at
847 1969 878 2026 in
892 1969 948 2027 ista
961 1988 1019 2027 non
1033 1971 1159 2046 potuerit
1173 1970 1282 2028 Adami
1302 1980 1332 2031 et

122 2045 197 2104 Evae
210 2046 361 2123 productio
375 2047 432 2106 nisi
450 2049 614 2106 successive
627 2047 706 2124 fieri;
728 2056 790 2107 tum
813 2049 881 2126 quia
906 2049 987 2107 Deus
1010 2049 1124 2124 plasten
1138 2049 1199 2125 egit
1213 2049 1331 2126 Ademi,

121 2123 275 2184 formando
288 2145 355 2185 eum
369 2147 407 2185 ex
419 2127 539 2204 pulvere
553 2135 644 2204 terre,
661 2126 740 2204 quod
754 2127 815 2186 eine
824 2147 904 2186 mora
911 2127 974 2186 fieri
987 2147 1046 2186 non
1059 2127 1172 2204 potuit3
1188 2135 1250 2187 tom
1264 2130 1333 2205 quia

121 2203 225 2265 debuit
251 2207 437 2266 intervallum
463 2207 582 2284 aliquod
603 2207 788 2284 intercedere,
817 2227 875 2284 quo
902 2206 1038 2266 emmelis
1064 2206 1275 2267 adducerentur
1295 2209 1334 2267 ad

122 2283 281 2362 Ademtum,
307 2295 340 2345 ut
363 2287 422 2346 illie
445 2306 551 2346 nomen
574 2287 749 2364 imponeret3
773 2295 809 2362 et,
833 2286 1035 2364 quianullum
1049 2285 1224 2364 adjutorium
1238 2288 1333 2348 simile

120 2365 241 2424 Adamo
265 2365 384 2443 reperiri
403 2367 434 2425 in
454 2367 514 2425 illie
535 2375 655 2444 poterat,
671 2377 704 2426 ut
718 2387 803 2444 aopor
816 2366 976 2443 profundus
989 2365 1191 2425 immitteretur
1205 2367 1330 2445 Adamo,

119 2465 182 2523 quo
194 2453 275 2504 costa
288 2447 352 2524 ejus
366 2446 553 2506 revelleretur
567 2446 605 2504 ad
619 2447 691 2504 Evae
705 2446 914 2506 formationem.
956 2446 1032 2504 Nam
1045 2446 1093 2504 bic
1107 2445 1172 2505 due
1181 2446 1262 2506 falsa
1275 2448 1331 2526 hy·

18 2549 19 2552 ’
118 2526 259 2602 pothesea
273 2535 490 2603 supponuntur;
514 2525 619 2600 Prima,
635 2526 722 2586 maris
736 2534 765 2584 et
779 2525 903 2584 foemina
918 2526 1100 2601 creationem,
1116 2525 1152 2584 de
1166 2546 1224 2603 qua
1237 2527 1330 2604 primo

119 2605 219 2682 capite
233 2606 337 2682 agitrrr,
352 2605 458 2665 factam
472 2605 560 2664 fuisse
574 2605 660 2663 simul
674 2613 703 2664 et
716 2605 802 2664 unico
815 2614 899 2664 actu:
921 2624 987 2663 cum
1008 2605 1066 2664 duo
1080 2606 1228 2683 supposita
1240 2607 1333 2666 mani·

119 2685 197 2743 seete
211 2685 368 2744 innuantur
382 2705 410 2742 v.
426 2689 473 2759 27,
489 2705 597 2743 marem
611 2686 790 2759 etsoemiaam
804 2686 909 2744 meavit
923 2705 976 2760 ece,
1003 2693 1032 2743 et
1055 2685 1172 2762 quidem
1195 2707 1260 2746 cum
1282 2686 1331 2746 de·

119 2763 281 2842 pendentia
295 2764 331 2822 ab
346 2764 471 2822 invicem
485 2784 522 2824 ex
539 2764 663 2840 Spiritus
679 2761 782 2824 Sancti⁴
796 2764 998 2837 declaratione,
1023 2765 1074 2840 qui
1087 2765 1176 2823 tradit
1188 2767 1333 2826 Adamana

115 2843 248 2921 primum
261 2863 324 2904 ease
338 2844 501 2918 formatum,
519 2846 533 2901 1
549 2843 655 2906 Timet.
670 2845 700 2902 ii.
718 2847 764 2918 le,
780 2851 809 2903 et
825 2847 839 2901 1
857 2845 922 2902 Cor.
937 2843 978 2900 xi.
993 2846 1021 2918 8,
1038 2845 1066 2901 9.
1093 2845 1192 2902 Vtram
1205 2865 1262 2904 aon
1275 2866 1333 2904 ecee

121 2943 161 2981 aa
174 2923 299 3000 muliere,
314 2926 365 2982 aed
376 2925 520 2982 mulierem
533 2944 570 2982 cx
582 2924 653 2982 viro.
697 2923 837 2996 Secunda,
853 2941 912 2980 nou
934 2922 1063 2998 potuieee
1087 2921 1188 2981 ecdem
1209 2923 1256 2982 die
1269 2924 1333 2983 fieri

121 3022 304 3080 quecunque
313 3011 498 3062 recensentur
506 3023 568 3080 cap.
581 3003 612 3060 ii.
623 3002 660 3061 de
670 3000 778 3059 Adami
787 3002 894 3059 etEvre
905 3001 1084 3059 formatione.
1106 3001 1264 3060 cumcuim
1279 3022 1332 3062 serr

122 3083 227 3142 diebus
250 3084 383 3143 absoluta
406 3083 493 3143 firerit
514 3082 631 3156 creatio,
655 3090 684 3141 et
710 3081 790 3139 Deua
812 3080 958 3157 quievisse
977 3078 1091 3139 dicatur
1103 3079 1140 3138 ab
1154 3079 1233 3138 omni
1247 3100 1333 3157 opere

122 3183 186 3238 auo,
209 3162 361 3239 productio
385 3163 472 3222 maris
496 3171 525 3221 et
552 3161 677 3220 foeminaa
704 3159 806 3219 debuit
833 3168 916 3218 sexto
944 3159 991 3217 die
1015 3158 1136 3217 absolvi.
1179 3159 1240 3218 Nee
1268 3179 1334 3238 qua

123 3241 284 3301 afferuntur
305 3243 480 3302 eontrarium
502 3242 657 3301 annuunt:
686 3240 755 3299 licet
777 3239 854 3298 enim
876 3259 914 3298 ex
938 3238 997 3296 illia
1020 3245 1118 3315 pateat
1139 3235 1287 3298 Adamum
1303 3249 1333 3300 et

124 3321 220 3380 Evam
243 3341 302 3380 non
327 3322 412 3381 simul
436 3330 466 3381 et
487 3321 576 3380 semel
591 3328 702 3380 creatos
723 3339 795 3394 ease,
819 3317 872 3378 aed
885 3317 1057 3395 successive,
1072 3338 1221 3396 perperam
1235 3327 1333 3380 umen

120 3401 190 3460 inde
205 3401 327 3478 colligas
340 3400 463 3460 diverais
476 3400 579 3459 diebus
592 3400 748 3477 productos
762 3399 869 3476 fuisse3
893 3397 1000 3473 Quidni
1014 3399 1090 3456 enim
1105 3398 1185 3457 Dens
1198 3419 1257 3458 uno
1271 3420 1332 3461 mc·

121 3487 222 3540 mento
245 3480 393 3540 Adsrnum
415 3481 451 3539 de
475 3481 594 3558 pulvere
618 3487 702 3539 terrae
726 3480 868 3557 plasmare
881 3478 1014 3557 potuerit,
1038 3479 1129 3538 altaro
1144 3499 1275 3557 soporem
1289 3479 1333 3539 illi

122 3561 289 3638 immittere,
305 3568 335 3619 et
348 3561 432 3620 tertio
446 3568 556 3620 costam
570 3579 608 3618 ex
632 3579 666 3618 eo
690 3559 839 3635 revellere,
863 3568 893 3619 et
912 3559 1006 3618 Evam
1020 3578 1058 3617 ex
1072 3557 1123 3618 illa
1135 3558 1258 3619 formare
1279 3580 1331 3637 pc-

123 3639 241 3700 tuerit?
873 3695 875 3702 .

164 3719 240 3779 VH.
262 3719 369 3795 Tertio,
399 3719 455 3779 Ille
482 3719 592 3798 primus
615 3721 702 3779 bomo
724 3719 827 3780 meritc
851 3727 992 3795 censetur,
1016 3739 1033 3776 a
1053 3738 1111 3795 quo
1131 3725 1282 3794 peecatum
1303 3726 1333 3777 et

122 3819 203 3858 mora
223 3799 254 3858 in
282 3818 381 3857 omues
396 3799 536 3874 ¹homines
559 3798 682 3858 transiit.
725 3798 768 3857 At
792 3799 829 3856 ab
846 3798 961 3857 Adrano
975 3807 1125 3874 peccatum
1147 3805 1177 3854 et
1200 3815 1277 3854 mors
1301 3797 1332 3856 in

124 3897 226 3937 omnes
254 3877 410 3954 derivatur,
433 3881 493 3937 Per
516 3899 602 3938 aarum
625 3879 762 3936 bominem
780 3885 929 3953 peccatum
952 3877 1059 3934 ineat
1078 3877 1107 3934 in
1133 3878 1277 3948 mandam,
1307 3885 1335 3934 et

119 3979 178 4035 per
196 3967 345 4034 pacatam
368 3978 452 4033 mora,
479 3967 506 4017 et
530 3960 570 4017 ric
593 3977 670 4016 arere
694 3957 807 4014 transiit
826 3957 856 4014 in
881 3973 981 4029 mana,
1006 3955 1090 4012 Rom.
1109 3957 1203 4013 v.12.
1247 3954 1332 4013 Unus

124 4047 220 4096 autem
240 4037 291 4095 ille
304 4038 400 4112 homo,
423 4038 570 4114 nonaliua
584 4045 630 4096 eat
642 4055 729 4113 quam
744 4034 885 4109 Adamas,
911 4035 941 4092 ia
964 4053 1018 4108 quc
1033 4053 1126 4092 omncs
1139 4033 1215 4091 mori
1231 4031 1331 4092 dicun-

124 4126 180 4192 tur,
198 4120 214 4175 1
232 4117 298 4176 Gor.
320 4135 371 4174 xv.
396 4121 445 4175 22.
468 4117 589 4176 Frustra
611 4113 803 4174 Proeademita
827 4112 980 4190 distinguit
999 4111 1048 4171 hic
1072 4113 1330 4188 trampreacr'cncm,

123 4205 150 4255 er
162 4205 288 4270 mortem,
303 4199 471 4272 mtarctem,
488 4205 515 4254 ct
537 4199 661 4272 tapetem,
676 4201 709 4254 ut
723 4194 786 4252 haec
799 4211 851 4270 per
870 4190 1016 4251 Adamum
1031 4191 1195 4250 introducta
1208 4191 1254 4266 sit,
1276 4191 1333 4252 ista

123 4295 194 4335 vero
216 4276 282 4352 ejus
304 4273 411 4333 natalia
435 4275 535 4334 multia
559 4275 664 4334 seculis
688 4272 867 4351 praecesserit
890 4271 921 4330 in
943 4271 1099 4348 gentilibus
1123 4270 1331 4348 Praedamitia,

124 4355 174 4432 qni
188 4353 310 4413 obnoxii
323 4352 430 4413 fuerint
443 4363 561 4432 peccato
576 4361 605 4413 et
618 4355 704 4412 morti
717 4351 851 4427 naturali,
866 4370 904 4410 ex
918 4351 1017 4408 innata
1031 4350 1086 4410 sibi
1099 4357 1203 4410 natura
1216 4370 1332 4428 eorrup-

124 4433 200 4492 tibili
225 4442 255 4492 et
276 4433 408 4508 mortali3
430 4435 547 4510 Spartam.
564 4433 756 4492 tescelini.
772 4451 834 4510 cap.
851 4433 866 4489 l
882 4439 911 4490 et
925 4433 954 4489 3.
976 4429 1013 4488 R.
1028 4430 1102 4489 Nam
1116 4449 1170 4490 uec
1186 4439 1334 4507 peccatam

124 4520 221 4590 potest
235 4511 294 4571 dici
308 4515 448 4590 naturale,
474 4513 545 4590 quin
568 4512 745 4590 impingatur
767 4511 798 4570 iu
823 4512 917 4570 Deum
942 4511 1036 4588 ipsum
1050 4510 1199 4570 authorem
1213 4519 1332 4588 naturae,

125 4591 188 4652 Nec
201 4611 280 4650 more
293 4593 434 4653 martir
448 4590 507 4653 dici
520 4591 615 4668 debet,
629 4593 713 4669 quasi
726 4593 813 4652 borno
823 4589 979 4651 moriturus
992 4589 1154 4652 necessario
1169 4589 1263 4668 deerit,
1278 4591 1333 4652 etei
