3044 5180
83 383 192 434 osser.
208 363 294 446 vua]
519 381 558 421 ns
573 379 867 422 rnanssnntsrrons.
1042 381 1045 388 ’
1237 370 1295 428 303

85 526 259 604 demptionis,
276 523 330 584 sed
350 521 591 598 Rmmuudoois,
608 523 842 602 Confirmatiome,
857 531 887 582 et
904 522 1144 591 ἆνακιφιλιιιῶσιυς
1162 527 1297 586 recollec-

84 608 179 680 tionis,
194 606 296 683 utqui
309 612 415 664 natura
428 613 509 662 erant
522 602 633 680 labiles,
655 603 686 661 in
708 603 801 680 gratia
815 603 1052 663 confirmarentur
1065 624 1101 663 ne
1122 605 1296 683 laberentur,

84 697 114 744 et
128 688 178 764 qui
198 705 216 744 a
233 687 321 762 lapsu
338 685 484 762 praeterito
498 703 556 741 non
573 691 655 742 erant
675 682 843 758 redimendi,
864 685 966 742 saltem
985 703 1002 742 a
1023 683 1119 744 futuro
1139 705 1297 762 preserva-

84 777 195 826 rentur.
238 766 314 824 Haec
335 764 392 824 fuit
409 783 491 822 mens
505 763 655 838 Bernardi‚
674 764 764 822 Serm.
780 767 818 821 22
839 763 869 820 in
889 764 991 840 Canti,
1007 765 1058 842 qui
1071 765 1136 824 vult
1151 765 1298 826 Christum

85 847 271 924 Angelorum
293 845 385 904 fuisse
408 843 640 920 Redemptorem‚
665 843 756 917 “Quo
778 851 863 920 paeto
886 845 962 902 enim
984 852 1016 903 tu
1038 845 1118 904 dices
1140 845 1177 902 D.
1192 846 1297 905 desum

85 927 235 986 Christum
249 925 336 984 bonis
347 924 472 1002 Angelis
485 923 575 982 luisse
587 923 833 1000 Redemptorenr?
849 924 899 1000 qui
910 924 1004 983 erexit
1013 926 1158 984 hominem
1172 925 1295 1004 lapsum,

84 1006 166 1066 dedit
181 1005 272 1065 stanti
287 1005 406 1082 Angelo
420 1024 457 1063 ne
470 1003 623 1078 laberetur,
639 1002 680 1062 sic
694 1002 777 1062 illum
791 1003 987 1081 aeaptivitate
998 1023 1109 1081 eruens,
1126 1006 1201 1065 elcut
1214 1006 1297 1065 illum

83 1107 102 1144 a
116 1086 287 1164 captivitate
302 1083 469 1158 defendens,
489 1092 519 1141 et
538 1083 593 1142 hec
613 1083 724 1142 ratione
745 1082 800 1142 fuit
816 1085 1025 1163 equestrique
1041 1085 1223 1164 Redemptio,
1239 1087 1296 1146 sol-

83 1185 157 1225 vens
171 1166 256 1224 illum
271 1165 427 1238 hominem,
443 1183 562 1223 servans
576 1163 663 1222 istum
678 1162 857 1240 Angelum,''
873 1161 927 1222 &c

125 1247 168 1305 X.
192 1245 336 1321 Quamvis
349 1263 419 1303 vero
443 1244 586 1302 sententia
610 1243 666 1302 ista
689 1243 762 1301 nihil
782 1244 888 1303 habeat
901 1244 978 1321 quod
991 1253 1134 1323 repugnet
1155 1245 1297 1324 analogia

82 1325 161 1401 fidei,
176 1335 316 1403 putamus
328 1333 426 1383 tamen
439 1325 581 1383 veriorem
595 1343 668 1398 esee,
683 1332 713 1382 et
728 1323 883 1400 Scriptura
896 1325 993 1383 verbis
1008 1325 1101 1404 magis
1122 1326 1297 1386 conformem

82 1425 186 1464 comm
201 1405 382 1479 sententiam,
393 1405 444 1481 qui
456 1411 565 1482 negant
574 1403 753 1462 Electionem
763 1403 945 1481 Angelorum
955 1405 1059 1464 tactam
1069 1425 1132 1464 esse
1143 1406 1173 1463 in
1183 1407 1297 1466 Christo

83 1487 259 1546 Mediatore.
301 1485 440 1544 Fatemur
461 1484 578 1560 quidem
600 1483 825 1543 confirmationis
846 1486 968 1562 gretiam
993 1485 1051 1544 illis
1064 1505 1116 1562 per
1132 1485 1208 1557 Λέγω
1222 1487 1296 1546 obti-

82 1566 173 1643 gisse,
189 1575 254 1625 uta
268 1585 326 1642 quo
341 1564 489 1624 entitatem
503 1571 681 1640 acceperant,
691 1564 837 1623 abeodem
847 1565 910 1642 ejus
924 1566 1172 1624 conservationem
1183 1576 1296 1627 mutua-

80 1656 205 1720 rentur3
227 1646 297 1722 qnia
312 1645 399 1702 Pater
412 1642 526 1702 nonnisi
547 1663 600 1721 per
614 1643 722 1702 Filium
737 1653 878 1721 operatur,
894 1653 953 1704 tarn
974 1646 1003 1703 in
1022 1645 1156 1723 operibus
1176 1655 1295 1724 naturae,

81 1723 777 1884 succurreremus
791 1723 1297 1884 tttttttttlttttlt:

81 1919 189 2024 sqq
200 1923 333 2024 ”rost
353 1883 460 2040 qil,
477 1885 762 2040 ltttttttttl
774 1883 1298 2026 tttttptttttttttt

112 2041 148 2082 ¹⁰·
351 2043 491 2118 homines,
515 2043 567 2101 sed
586 2063 733 2120 nunquam
749 2040 939 2122 Angelorum,
957 2045 971 2100 1
989 2044 1063 2101 Tim.
1078 2044 1108 2102 ii.
1124 2047 1151 2120 5,
1167 2045 1225 2102 imo
1246 2064 1296 2103 ex-

72 2141 184 2199 presse
198 2131 289 2200 negat
303 2123 447 2182 Christum
468 2123 656 2200 assumpsisse
672 2123 813 2201 Angelos,
830 2122 881 2182 aad
903 2142 1000 2181 semen
1014 2122 1151 2198 Abrahae,
1168 2124 1245 2182 Heb.
1267 2125 1297 2184 ii.

84 2206 143 2277 163
166 2208 197 2262 2.
208 2204 278 2280 quia
292 2203 438 2262 Mediator
451 2203 544 2262 omnis
558 2203 694 2282 supponit
707 2211 804 2280 partes
819 2201 1001 2279 dissidentes,
1014 2211 1058 2262 est
1072 2203 1148 2262 enim
1163 2204 1295 2280 duorum,

81 2283 152 2340 Gal.
168 2283 210 2342 iii.
226 2286 274 2358 20,
290 2291 320 2342 at
333 2283 444 2343 nullum
459 2291 520 2343 erat
534 2283 686 2342 dissidium
700 2284 775 2342 inter
790 2283 884 2342 Deum
898 2290 928 2342 et
938 2283 1088 2360 Angelos;
1111 2287 1139 2343 3.
1154 2283 1222 2361 quia
1234 2285 1297 2343 Me-

81 2362 227 2421 diatorem
242 2365 356 2440 utrique
370 2363 445 2440 parti
466 2364 651 2441 conjunctum
673 2383 736 2422 esse
750 2371 871 2442 oportet,
887 2364 965 2440 quod
986 2363 1022 2422 de
1037 2364 1151 2423 Christo
1165 2375 1298 2442 respectu
1346 2383 1349 2388 ·
1383 2355 1392 2374 '

80 2443 271 2520 Angelorum
285 2443 343 2501 dici
357 2443 474 2520 nequit3
497 2447 528 2502 4.
541 2443 610 2520 quia
623 2463 745 2520 quorum
760 2443 891 2502 Christus
906 2453 951 2502 est
964 2443 1118 2520 Mediator,
1133 2463 1231 2503 eorum
1253 2455 1298 2505 est

79 2525 204 2598 ιἰιισμς,
220 2531 251 2582 at
264 2522 444 2598 Advocatus,
459 2523 528 2600 quia
541 2523 590 2582 isti
605 2532 672 2583 sunt
686 2531 767 2582 actus
788 2523 922 2583 formales
935 2524 1127 2600 mediationis,
1145 2527 1159 2582 1
1176 2525 1251 2583 Tim.
1266 2525 1296 2584 ii.

80 2609 111 2676 5,
128 2611 157 2677 6,
174 2613 206 2662 et
222 2607 236 2660 l
253 2603 340 2662 Joan.
355 2603 385 2661 ii.
402 2605 428 2677 1,
444 2607 472 2661 2.
516 2603 574 2663 sed
588 2623 654 2662 curn
669 2611 750 2662 actus
764 2603 807 2662 illi
821 2604 897 2662 circa
910 2613 1075 2682 peccatores
1086 2613 1198 2664 tantum
1212 2625 1296 2664 occu-

1 2745 2 2764 ,
77 2691 199 2762 pentur,
214 2703 274 2742 non
286 2690 408 2761 possunt
421 2682 516 2742 locum
530 2683 636 2742 habere
650 2691 782 2761 respectu
797 2683 986 2761 Angelorum.
1282 2687 1283 2690 ’

282 2817 288 2830 ,
391 2763 468 2821 XII.
491 2763 623 2822 Christus
644 2771 722 2822 recte
743 2771 838 2840 potest
860 2763 918 2822 dici
941 2765 1036 2840 Caput
1047 2765 1228 2841 Angelorum,
1250 2783 1296 2823 ra-

101 2817 314 2920 F⁰¹²²⁴,',⁸„{‘{¹'¹l¹⁰'
349 2843 428 2901 tione
452 2844 569 2902 dominii
581 2852 610 2902 et
623 2844 773 2920 regiminis,
794 2843 861 2920 quia
885 2843 941 2921 ipsi
963 2845 1058 2916 etiam,
1073 2853 1106 2902 ut
1131 2844 1295 2921 Mediatori,

350 2922 473 2982 subsunt
488 2922 606 2999 Angeli‚
621 2932 759 3002 tanquam
774 2923 899 2980 Domino
922 2931 951 2982 et
966 2923 1050 2999 Regi,
1066 2923 1114 2982 cui
1134 2924 1165 2980 in
1182 2943 1296 2982 conser-

80 3001 185 3060 vanda
198 3010 229 3060 et
250 3001 358 3060 tuenda
372 3003 504 3062 Ecclesia
525 3001 826 3078 ministraremus
844 3004 889 3075 14,
905 3011 935 3061 et
954 3003 1010 3060 boe
1033 3021 1118 3060 sensu
1134 3002 1244 3078 Angeli
1267 3013 1297 3062 et

83 3084 253 3141 Potestatcs
267 3080 402 3141 dicuntur
423 3081 466 3139 illi
481 3082 592 3160 subjici,
610 3085 625 3140 l
642 3083 705 3140 Pet.
720 3081 760 3140 iii.
776 3085 833 3156 22,
856 3081 906 3138 sed
919 3100 978 3139 non
991 3081 1065 3138 bene
1082 3081 1187 3138 dicitur
1203 3081 1299 3157 Caput

81 3164 211 3241 influente
225 3171 252 3220 et
263 3163 476 3237 amtentotiomb,
491 3171 524 3220 ut
536 3170 670 3240 respectu
683 3160 821 3235 fidelium,
833 3176 906 3237 quos
920 3168 953 3219 ut
966 3161 1094 3219 membra
1106 3160 1240 3237 Corporis
1251 3162 1296 3220 sui

80 3242 204 3320 mystici
226 3241 282 3300 sibi
302 3242 366 3300 unit
386 3251 416 3301 et
428 3242 575 3318 vivificat3
596 3241 674 3302 unde
697 3240 815 3314 Paulus,
830 3241 880 3317 qui
895 3241 970 3318 Eph.
985 3240 1004 3299 i.
1019 3243 1067 3316 21,
1084 3241 1229 3300 Christum
1244 3242 1295 3300 ex·

81 3323 209 3381 altatnm
224 3341 310 3399 super
323 3341 437 3381 omnem
450 3329 622 3400 potestatem
636 3321 746 3397 asserit,
761 3321 816 3380 soli
827 3322 961 3379 Ecclesia
977 3323 1073 3380 dotum
1087 3341 1144 3380 ease
1158 3322 1186 3380 ιἰι
1202 3322 1299 3400 Caput

82 3405 469 3479 recusassemque
491 3411 532 3461 est
551 3405 610 3478 ejus
625 3403 745 3477 Coepta,
768 3409 795 3460 et
814 3403 1040 3478 complementum
1062 3404 1120 3476 ejus
1141 3403 1191 3479 qui
1202 3403 1298 3480 implet

81 3483 183 3542 οιιιιιία
195 3483 226 3540 im
240 3483 372 3557 mnibus
387 3501 446 3541 non
460 3501 528 3541 eane
543 3482 574 3539 in
587 3482 720 3542 omnibus
735 3483 888 3557 Creaturis,
905 3482 996 3542 sedin
1008 3483 1140 3543 omnibus
1151 3482 1295 3560 fidelibus,

81 3564 135 3640 qui
149 3561 297 3640 pertinent
310 3562 348 3620 ad
372 3562 444 3621 illud
459 3563 569 3640 Corpus
593 3581 686 3638 suurn,
701 3562 780 3640 quod
800 3565 1026 3640 complementum
1048 3566 1110 3642 ejus
1124 3573 1217 3639 vocat,
1233 3573 1294 3624 tum

83 3643 184 3718 active,
199 3642 269 3719 quia
283 3641 356 3701 illud
370 3643 471 3719 implet
484 3642 585 3719 gratiis
599 3643 668 3716 auis,
683 3651 745 3702 tum
753 3644 874 3720 passive,
890 3645 959 3720 quia
973 3645 1084 3723 Corpus
1102 3644 1180 3704 istud
1193 3644 1293 3722 mysti-

83 3743 161 3796 cum,
177 3741 216 3780 ax
230 3723 367 3781 membris
380 3723 444 3782 istis
458 3730 676 3801 coagmentetur
689 3730 718 3782 et
731 3725 898 3801 completur.

126 3802 225 3861 XIII.
247 3803 314 3862 Non
327 3803 421 3881 magis
441 3803 597 3880 requiritur
616 3801 761 3861 Mediator
781 3803 818 3862 ad
839 3802 1063 3862 confirmandam
1078 3803 1244 3862 Creatorem
1265 3801 1296 3860 in

86 3883 181 3961 gratia
195 3883 348 3958 Creatoris,
364 3902 450 3960 quam
465 3882 663 3959 requirebatur
677 3882 713 3940 ad
727 3901 790 3941 eam
812 3884 964 3942 creandam
979 3892 1008 3941 et
1027 3882 1160 3960 primitus
1175 3901 1240 3939 cum
1261 3901 1297 3941 eo

85 3962 264 4022 uniendam:
285 3964 354 4039 quia
367 3964 468 4022 eadem
482 3971 527 4022 est
547 3963 700 4039 utrobique
714 3963 806 4040 rati03
829 3963 854 4021 si
875 3981 944 4039 ergo
960 3962 1105 4022 Mediator
1124 3979 1182 4018 ιιοιι
1201 3969 1297 4036 potest

84 4043 144 4101 diei
158 4043 247 4102 luisse
261 4042 301 4101 ad
314 4063 413 4102 eorum
427 4042 616 4118 Creationem‚
632 4063 701 4120 ergo
715 4061 808 4118 neque
823 4042 861 4100 ad
875 4061 973 4100 eorum
988 4039 1241 4100 confirmationem.

128 4123 218 4182 XIV.
240 4123 345 4198 Anqeli
356 4122 491 4182 dicuntur
504 4123 647 4197 hemundi,
663 4131 692 4181 et
704 4122 799 4180 stolidi
810 4141 906 4180 coram
922 4121 993 4196 Deo,
1006 4121 1028 4180 J
1029 4120 1078 4178 obi
1090 4119 1130 4179 iv.
1148 4122 1194 4196 18,
1205 4127 1234 4178 et
1245 4139 1296 4180 xv.

1 4233 2 4238 1
86 4207 133 4279 15,
149 4223 208 4262 non
223 4205 356 4277 adeodate,
371 4202 454 4280 qnasi
468 4201 597 4262 defectus
610 4203 716 4279 aliquis
736 4200 888 4278 culpabilis
908 4201 938 4259 in
959 4201 1029 4278 ipsis
1053 4200 1134 4274 foret,
1157 4199 1199 4258 sic
1220 4199 1296 4260 enim

1 4299 2 4351 t
83 4285 176 4342 aanor
186 4303 247 4342 non
261 4291 382 4360 possent
395 4283 501 4357 vocari,
517 4284 568 4341 sed
583 4291 745 4360 conparate
759 4279 854 4358 quoad
876 4281 979 4355 Deum,
994 4281 1083 4340 relate
1097 4279 1135 4338 ad
1155 4279 1296 4338 infinitam

1 4403 2 4416 ι
84 4365 150 4441 ejus
170 4363 389 4442 perfectionem,
408 4363 477 4441 quia
499 4363 699 4438 essentialiter,
714 4359 940 4436 immutabiliter,
956 4369 985 4419 et
1006 4357 1233 4438 independenter
1253 4369 1298 4420 eat

1 4437 2 4444 '
87 4445 224 4503 Sanctus·
266 4443 329 4501 Nec
343 4444 367 4502 si
390 4463 462 4521 opus
475 4443 638 4502 habuerunt
660 4442 736 4500 Filio
752 4441 807 4500 Dei
821 4449 1022 4500 conservatore
1037 4449 1066 4498 et
1088 4439 1296 4516 confirmatore,

84 4532 117 4583 nt
131 4525 161 4583 in
175 4525 241 4602 ipso
256 4531 286 4582 et
300 4543 352 4600 per
365 4523 458 4600 ipsum
474 4523 671 4596 subsisterent,
686 4543 738 4600 per
752 4541 837 4599 quem
849 4521 936 4580 creati
950 4520 1071 4596 fuerant,
1084 4519 1145 4579 Col.
1157 4521 1176 4579 i.
1190 4523 1236 4596 16,
1250 4525 1296 4597 ll,

87 4607 132 4680 18,
148 4605 248 4665 statim
264 4623 340 4681 opus
353 4602 515 4664 habueruut
529 4603 644 4663 Christo
659 4602 869 4681 Redemptore3
891 4601 963 4661 alias
977 4602 1063 4664 etiam
1077 4602 1164 4661 homo
1178 4621 1213 4661 eo
1226 4621 1297 4682 egu-

83 4684 153 4746 isset
166 4685 199 4744 in
213 4691 297 4745 statu
311 4682 493 4761 integritatis,
509 4684 588 4761 quod
602 4703 686 4743 nemo
701 4691 798 4742 tamen
812 4683 927 4743 dixerit.
1285 4691 1288 4700 ’
