3152 5178
122 367 224 418 coner.
238 343 308 428 nu]
543 367 655 410 usuro
669 367 738 428 uuo,
753 369 792 412 nr
806 369 906 410 neruo.
1268 355 1327 415 203

158 507 235 568 XX.
256 507 407 568 Voluntas
428 508 508 588 signi
527 529 592 588 quie
605 509 786 572 extrinsecus
805 509 975 590 proponitur
988 510 1075 572 debet
1088 509 1262 592 respondere
1276 532 1328 573 vo·

118 590 221 650 lunteti
234 589 323 649 elicui
336 588 462 648 internre
476 591 506 648 in
520 589 593 666 Deo,
608 610 645 652 ne
659 592 698 651 sit
711 593 828 670 signum
841 592 946 652 fnlsnm
960 601 990 652 et
1000 592 1107 653 sellun:
1130 593 1182 654 sed
1193 593 1329 654 voluntas

119 672 169 730 ille
182 671 303 746 interne
318 689 379 728 non
394 679 440 730 eet
455 670 601 730 decretum
615 671 651 731 de
666 673 762 733 dende
775 673 869 732 seluto
889 673 957 732 huic
970 673 1019 732 vel
1040 673 1092 748 illi,
1108 673 1160 733 sed
1180 673 1328 734 decretum

118 751 156 810 de
174 749 370 829 praecipiende
383 749 451 827 fide,
467 759 497 810 et
515 752 709 830 promittenda
723 753 815 813 salute
830 753 856 812 si
875 754 962 812 homo
975 752 1147 814 crediderit:
1169 753 1248 831 quod
1261 755 1328 814 niti·

117 841 165 892 tur
177 841 241 890 turn
260 850 341 891 nexu
359 850 378 889 e
392 831 458 890 Deo
476 833 634 891 constituto
654 833 731 894 inter
749 832 837 892 fidem
857 841 887 894 et
908 832 1039 909 salutem,
1060 843 1123 894 tum
1143 834 1258 893 interne
1272 835 1329 894 Dei

114 911 317 990 dispositione,
338 931 493 990 perquem
506 921 539 972 ut
552 913 679 990 seipsum
692 921 778 990 emet,
803 932 861 973 non
874 921 970 992 potest
983 933 1043 973 non
1056 933 1152 972 umere
1166 915 1212 974 sui
1225 915 1328 992 inregi-

114 1013 193 1068 nem,
215 993 384 1069 ubicunque
404 1011 469 1052 cem
483 993 563 1052 videt
583 993 734 1072 refulgere,
757 993 887 1072 sdeoque
907 993 1046 1054 delectari
1066 1003 1204 1054 erecturae
1223 994 1281 1055 fide
1299 1002 1329 1055 et

113 1073 290 1152 poenitentis
303 1083 423 1133 eatenus
437 1083 469 1132 ut
482 1073 562 1132 illem
576 1074 669 1134 seluto
682 1073 780 1135 donet.

154 1153 257 1212 XXI.
281 1153 368 1212 Sdns
387 1153 530 1230 promisee
545 1173 611 1231 qure
631 1155 801 1233 proponitur
819 1173 872 1233 per
884 1154 1063 1214 voluntetem
1077 1154 1162 1232 signi,
1178 1174 1237 1215 non
1250 1153 1329 1216 cedit

112 1234 235 1312 quidem
250 1234 366 1312 proprie
379 1241 410 1293 et
423 1233 530 1292 directe
545 1234 600 1293 suh
612 1243 796 1313 preceptum,
812 1235 881 1312 quie
894 1234 925 1292 in
938 1254 992 1294 suo
1005 1235 1119 1295 formali
1132 1235 1285 1313 promissio
1298 1243 1329 1296 et

110 1312 453 1454 Ξέωαριίᾚέἑίῐοτιιιιέἐε
452 1313 524 1454 {1122d
517 1313 587 1454 diffit
597 1314 777 1454 deneidhum'
789 1315 851 1374 htec
862 1334 932 1454 lgm
943 1315 1086 1455 efficiantur:
1110 1315 1168 1376 Sed
1178 1315 1328 1456 τοᾶιιὲαῐίνο

168 1413 263 1454 secun
327 1413 407 1472 opo
577 1415 597 1454 u
638 1415 674 1473 pe
733 1413 870 1473 ere,an
899 1415 955 1455 uus
1056 1416 1091 1455 ur
1131 1416 1204 1455 rrece
1313 1417 1329 1456 r

111 1475 236 1534 modum
252 1475 372 1550 stimuli,
386 1483 421 1534 ut
433 1473 560 1534 medium
573 1483 603 1535 et
616 1476 758 1535 motivum
772 1475 810 1534 ed
830 1475 1015 1536 excitandum
1034 1415 1228 1536 obedientiali
1248 1417 1328 1537 ithds

111 1554 1328 1716 ttttlttltttdtttttlutilititatffiffi0lltttl

113 1726 160 1776 est
181 1715 260 1776 illud
280 1735 298 1775 e
318 1718 429 1774 decreto
442 1717 503 1774 Dei
521 1717 598 1775 circo
612 1737 753 1793 perronae
767 1717 938 1795 singulares,
954 1717 990 1775 de
1005 1717 1179 1777 conferendo
1193 1718 1328 1778 omuibus

114 1797 220 1873 seluto,
237 1795 318 1874 quod
338 1795 495 1855 consistere
516 1814 574 1855 non
595 1806 691 1874 potest
710 1817 776 1856 cum
795 1797 912 1856 decreto
924 1797 1154 1874 reprobationis3
1176 1798 1228 1857 sed
1248 1818 1267 1857 e
1280 1801 1327 1858 de·

113 1887 193 1938 creto
201 1877 348 1954 ejecerat
357 1896 403 1935 rer
416 1877 501 1954 ι’ρεαε,
517 1875 556 1936 id.
571 1877 608 1936 eb
622 1877 802 1937 ordinatione
816 1886 846 1937 et
859 1877 1039 1936 connexione
1053 1877 1238 1955 inseparabili
1251 1877 1329 1937 fecte

113 1979 133 2016 n
148 1959 215 2016 Deo
237 1958 314 2016 inter
332 1956 420 2015 fidem
439 1965 469 2016 et
489 1957 619 2034 salutem,
635 1966 668 2017 ut
688 1958 764 2016 inter
783 1956 880 2016 medie
900 1964 931 2016 et
949 1957 1054 2017 finem:
1075 1958 1143 2016 hino
1157 1958 1234 2016 enim
1249 1957 1328 2018 litut

113 2038 279 2098 certissime
300 2037 485 2115 promittatur
504 2037 582 2096 salus
603 2037 633 2096 in
648 2037 811 2115 Evangelio
830 2037 965 2095 omnihus
978 2035 1170 2112 credentibus,
1186 2037 1255 2114 quie
1268 2046 1328 2095 tum

114 2128 197 2177 arcte
210 2117 298 2177 detur
312 2137 349 2176 cx
372 2119 429 2177 Dei
449 2117 629 2194 heneplacito
643 2118 786 2177 connexio
806 2117 882 2175 inter
901 2116 988 2174 fidem
1002 2125 1032 2176 et
1045 2116 1176 2192 sulutem,
1192 2125 1225 2175 ut
1242 2135 1328 2176 nemo

114 2199 197 2258 illem
211 2199 319 2257 hebere
332 2206 429 2275 queat,
445 2197 515 2274 quin
529 2198 612 2257 istius
626 2199 664 2258 sit
678 2198 765 2257 etiem
779 2217 906 2275 compos.

157 2277 274 2338 XXII.
301 2279 392 2337 Verbo
415 2277 463 2336 isti
481 2287 597 2337 esterno
618 2277 697 2355 quod
720 2277 837 2355 signum
857 2285 910 2351 cst,
931 2296 961 2335 v.
983 2295 1012 2354 g.
1040 2275 1137 2337 Omm'r
1161 2279 1277 2335 crederu
1298 2277 1327 2337 in

119 2358 264 2418 Chr-htrrm
276 2359 442 2434 mwhttur,
457 2357 612 2435 respondet
626 2356 744 2435 aliquod
755 2359 869 2417 cabum
879 2357 1018 2417 internum
1032 2376 1084 2416 eeu
1097 2375 1143 2415 ree
1152 2357 1309 2437 cipnr‘jicato
1314 2381 1327 2430 ,·

118 2439 266 2498 Voluntas
286 2439 357 2498 nim.
380 2438 437 2497 Dei
457 2437 648 2497 connectendi
669 2437 899 2515 inuepmuhiliter
918 2436 1005 2496 fidem
1034 2437 1064 2495 in
1083 2437 1230 2496 Christum
1261 2457 1327 2496 cum

119 2519 220 2596 seluto,
237 2527 267 2578 et
281 2519 368 2579 telem
383 2517 514 2576 ordinem
527 2538 561 2577 sc
575 2517 677 2578 salutis
690 2518 768 2577 vium
788 2517 899 2576 homini
918 2516 1116 2596 proponendir
1138 2516 1189 2576 sed
1203 2536 1262 2575 non
1275 2537 1327 2594 po·

119 2608 175 2659 test
189 2619 253 2659 esse
268 2600 404 2658 volentes
419 2597 621 2658 conditionalis
635 2617 734 2658 omnes
747 2605 778 2658 et
791 2597 923 2676 singulos
937 2599 991 2658 suh
1012 2597 1068 2656 iste
1082 2597 1246 2657 conditione
1268 2617 1327 2655 ser-

118 2679 216 2756 vendi,
226 2679 296 2758 quic
307 2687 462 2738 testaretur
472 2679 553 2738 Deue
563 2697 595 2739 se
606 2677 637 2737 id
646 2678 722 2738 velle
733 2677 812 2756 quod
822 2697 924 2738 revere
933 2697 992 2737 non
1002 2677 1067 2737 vult
1077 2697 1147 2754 erge
1156 2677 1326 2756 prseteritos,

117 2760 224 2838 quihus
238 2758 433 2819 conditionem
447 2757 581 2836 deneget

159 2839 291 2899 XXIII.
314 2839 398 2900 Licet
411 2839 547 2898 voluntte
568 2837 645 2916 eigni
665 2837 810 2916 significet
830 2838 925 2897 Deum
945 2855 1009 2897 eree
1029 2835 1252 2912 misericordem,
1268 2855 1327 2896 non

119 2921 250 2998 seqnitur
263 2919 369 2980 debere
389 2939 454 2979 esee
473 2917 687 2979 misericordem
708 2925 842 2996 respectu
859 2917 987 2977 omnium
1006 2925 1036 2976 et
1055 2916 1252 2994 singulorum
1275 2916 1327 2976 scd

120 3010 232 3060 tentum
253 3009 386 3094 respectu
406 3019 507 3059 eorum
527 3000 578 3077 qui
602 2998 796 3058 conditionem
818 2998 969 3056 voluntate
990 2997 1048 3054 iste
1070 3015 1237 3072 expressum
1260 3003 1328 3056 sunt

120 3081 255 3157 habituri
277 3099 347 3138 nun.
369 3079 556 3156 credentium,
578 3079 716 3157 quicum
736 3097 795 3136 nou
816 3076 866 3136 elii
887 3077 945 3135 rint
965 3093 1051 3154 quem
1073 3074 1176 3150 illecti,
1199 3073 1327 3134 edictos

118 3171 231 3221 tentum
247 3160 446 3220 misericordie
457 3159 607 3219 voluntate
622 3159 679 3218 iste
692 3175 830 3236 expresse
849 3155 963 3234 proprie
983 3154 1125 3232 pertinet:
1147 3152 1234 3212 Adde
1248 3153 1327 3232 quod

117 3261 184 3300 cunr
197 3240 337 3300 voluntas
357 3241 414 3300 iste
434 3240 510 3317 signi
533 3259 681 3316 nunquam
703 3237 790 3297 fuerit
810 3235 983 3295 universalis
1003 3241 1135 3312 respectu
1156 3233 1284 3293 omnium
1297 3241 1328 3294 et

119 3321 312 3398 singulorum,
334 3321 404 3380 licet
425 3319 512 3380 luerit
532 3319 675 3398 generalis
689 3327 719 3378 et
733 3315 893 3376 communis
910 3322 1044 3394 respectu
1057 3313 1185 3374 omnium
1206 3313 1326 3394 populo-

118 3421 181 3496 rum
189 3400 462 3541 Εἰξεύοἰιῖιιιᾱιιίοιιιιιιι,
484 3419 542 3459 non
565 3408 661 3478 potest
683 3396 881 3458 misericordie
903 3415 955 3475 por
976 3395 1056 3455 illem
1080 3393 1242 3472 significate
1263 3415 1327 3456 esse

117 3501 189 3542 unrv
295 3525 303 3542 .

160 3561 289 3621 XXIV.
313 3561 345 3621 si
364 3561 446 3620 Deue
465 3579 518 3638 per
537 3559 622 3619 istem
636 3559 816 3619 voluntatem
830 3555 1006 3635 significaret
1020 3576 1050 3616 se
1065 3555 1141 3616 velle
1155 3556 1283 3616 omnium
1297 3563 1327 3616 et

121 3641 302 3720 singulorum
316 3641 448 3716 sulutem,
464 3639 640 3718 significaret
654 3659 684 3698 ee
699 3638 729 3698 id
743 3637 819 3698 velle
833 3637 912 3715 quod
931 3637 1048 3696 minime
1063 3636 1135 3711 vult,
1151 3657 1216 3696 cum
1237 3635 1326 3713 pluri-

121 3721 404 3862 zmuoepplemmundo
421 3721 578 3860 eopisdtrirtc
592 3719 700 3859 durtierc
713 3719 856 3858 notlpetriit:
876 3716 1236 3876 sedgrlppfiumtsignihdcetfie
1250 3713 1327 3852 relig

264 3819 631 3861 ommumcreenume
665 3818 923 3877 pcemnumsr
995 3817 1029 3857 cu
1063 3817 1124 3856 ser
1158 3814 1288 3871 veequ

124 3901 222 3941 revere
235 3883 309 3960 vult,
324 3889 355 3942 et
367 3881 442 3940 nihil
455 3881 561 3956 verius,
576 3879 650 3938 nihil
663 3879 803 3939 sincerius
816 3887 862 3938 est
875 3878 932 3937 iste
944 3877 1146 3937 declaratione.

426 3961 534 4020 XXV.
556 3959 666 4035 Querte
685 3959 833 4019 distinctio
847 3957 1016 4018 Voluntatis
1036 3965 1097 4032 eet;
1123 3955 1161 4014 In
1180 3953 1327 4012 Arcanum

127 4023 362 4134 lssuff'mfiff*
382 4049 412 4101 et
427 4043 611 4100 Revelatom:
632 4039 690 4098 Ille
709 4039 800 4117 vulgo
820 4038 942 4098 refertur
962 4037 1000 4096 ed
1020 4036 1199 4094 voluntatem
1220 4031 1328 4091 decreti

385 4141 450 4198 quer
471 4121 502 4179 in
523 4121 587 4179 Deo
603 4128 637 4179 ut
656 4119 813 4197 plurimum
832 4119 921 4193 letet3
942 4117 1000 4176 iste
1012 4135 1083 4175 reru
1096 4113 1134 4173 ed
1148 4113 1327 4171 voluntatem

122 4204 254 4282 precepti
277 4221 344 4280 qure
364 4201 511 4260 reveletur
530 4208 560 4260 et
579 4207 659 4278 petet
680 4199 711 4257 in
733 4199 813 4276 Lege
831 4205 862 4257 et
881 4195 1053 4274 Evangelio.
1095 4193 1327 4253 Fundamentum

121 4285 182 4360 ejus
202 4283 314 4362 petitur
327 4301 367 4342 ex
381 4280 469 4340 Dent.
484 4281 568 4341 xxix.
583 4283 631 4340 29.
656 4280 776 4339 Arcana
789 4279 832 4336 od
850 4279 945 4335 Deum
957 4284 1084 4335 nostrum
1099 4273 1262 4351 per-tinen&
1282 4292 1327 4331 re-

121 4367 210 4424 ueletur
228 4383 300 4424 cero
321 4363 364 4421 ad
382 4381 432 4420 nos
452 4371 480 4420 et
490 4362 569 4440 filim
588 4370 706 4435 nosnos,
727 4367 760 4418 ct
771 4359 917 4435 secuntur
936 4357 1021 4416 ucria
1034 4355 1119 4431 chie
1139 4355 1247 4430 hujus..
1271 4351 1329 4412 Ille

120 4441 223 4505 dicitur
242 4441 392 4523 profunde
406 4441 529 4518 abyssus
542 4451 572 4502 et
590 4438 873 4518 impervestigabilis,
889 4437 967 4497 Psel.
981 4435 1084 4494 mvi.
1100 4437 1128 4509 6,
1142 4443 1173 4494 et
1187 4433 1272 4492 Rom.
1286 4433 1328 4492 xi.

118 4526 163 4601 3³,
179 4529 230 4585 34.
275 4523 343 4582 Ism
356 4521 490 4581 omnihue
504 4521 638 4601 exposite
651 4529 705 4596 est,
719 4539 814 4597 neque
827 4526 872 4580 set
892 4517 992 4597 procul
1012 4515 1135 4592 anobis,
1152 4515 1239 4574 Deut.
1254 4533 1328 4572 xxx.

119 4608 171 4682 lt;
194 4605 288 4665 Rom.
304 4622 336 4661 x.
352 4603 381 4662 8.
412 4601 468 4660 llln
487 4620 540 4680 pro
559 4601 675 4680 objecto
693 4601 782 4660 hehet
794 4619 829 4660 ee
842 4599 939 4658 omnis
951 4617 1017 4676 qus
1032 4597 1113 4656 Deus
1126 4596 1191 4656 vult
1205 4601 1255 4654 eut
1268 4592 1327 4652 effi-

114 4707 186 4763 cere,
202 4693 259 4746 cut
280 4681 460 4760 permittere,
480 4690 509 4742 et
528 4699 593 4758 que
614 4681 644 4739 in
665 4679 760 4758 specie
773 4679 810 4738 de
825 4678 948 4756 singulis
968 4677 1134 4737 hominibus
1147 4674 1212 4734 vult
1225 4673 1327 4746 iecere,
