3152 5178
112 419 225 471 onam.
240 401 306 484 ιιι]
548 423 587 463 nn
601 420 660 463 nno
674 421 743 483 nso,
759 423 797 464 nr
810 423 910 466 uerno.
1268 414 1325 472 185

114 561 293 640 objectorum
315 571 464 640 respectu,
487 581 552 641 quae
574 555 773 643 producuntur
794 565 918 625 diversis
940 566 1126 646 temporibus,
1153 576 1183 629 et
1204 569 1242 628 ed
1263 592 1328 649 qnae

113 643 239 702 seticum
253 643 322 720 ejus
336 643 541 702 terminantur.
1397 685 1400 688 -

154 721 244 780 xvl.
267 721 404 800 Tempus
426 730 456 781 et
476 722 620 783 aeternitas
640 743 699 782 non
720 743 751 784 se
772 724 881 784 habent
901 733 935 785 ut
955 745 1023 804 pars
1045 733 1074 786 et
1095 735 1196 807 totum,
1223 729 1274 790 sed
1295 739 1328 791 ut

114 803 223 879 species
236 801 409 862 durationis
427 801 503 860 inter
517 821 547 861 se
561 803 709 881 oppositae.
751 803 914 864 AEternitas
928 825 1040 882 semper
1053 807 1108 866 fuit
1121 815 1151 866 ct
1165 808 1227 886 erit,
1242 809 1327 868 Tem·

112 901 166 960 pus
178 901 251 942 vero
265 901 322 942 nee
337 901 457 960 semper
469 881 531 959 luit
546 901 600 943 neo
614 884 803 962 compererit,
819 884 871 944 sed
885 905 950 945 cum
963 885 1072 946 mundo
1086 887 1207 948 desinet

589 1121 783 1198 Qunsmo
804 1123 864 1184 ιιι.

534 1299 574 1340 DE
588 1299 849 1342 tununsmm'rann
863 1303 925 1343 nni.

120 1441 166 1500 An
179 1441 263 1500 Deru
275 1439 312 1500 sit
324 1439 521 1516 Immutabilre,
537 1449 564 1500 ct
576 1445 673 1518 moad
684 1444 852 1520 Essentiam,
871 1453 899 1503 et
911 1447 1008 1522 quoad
1024 1447 1198 1506 Voluntatem
1209 1449 1223 1506 i
1245 1447 1328 1507 Affir.

161 1600 188 1660 Ι.
207 1599 431 1660 Immutatslitas
450 1607 496 1659 est
515 1600 685 1660 attributum
701 1601 757 1661 Dei
777 1602 1054 1682 incommunicabile,
1077 1625 1136 1684 quo
1155 1616 1279 1684 negatur
1292 1607 1328 1666 de

123 1680 186 1739 Deo
207 1699 268 1740 non
290 1689 407 1738 tanturn
427 1679 521 1738 omnis
542 1683 672 1758 mutatio,
697 1682 749 1740 sed
772 1683 859 1743 etiam
879 1684 1057 1763 possibilitas
1078 1687 1253 1764 mutationis,
1269 1696 1329 1746 tam

124 1761 220 1836 quoad
233 1758 430 1834 existentiam,
446 1779 532 1837 qnam
546 1761 642 1838 quoad
655 1763 844 1822 voluntatem.

163 1839 207 1898 11.
223 1839 312 1898 Hane
324 1839 381 1898 Dei
396 1839 663 1901 Immutabilitatem
674 1843 812 1901 vellicant
826 1841 913 1901 etiam
924 1841 1104 1918 Adversarii,
1115 1846 1241 1904 maxime
1255 1865 1328 1921 eam,

124 1939 189 1996 qum
211 1918 290 1978 circa
313 1927 396 1978 aetus
410 1919 569 1979 voluntatis
588 1929 739 1981 versatur:
760 1921 802 1980 ita
821 1930 854 1980 ut
876 1922 956 1981 Deus
975 1925 1068 1999 possit
1077 1943 1147 2060 1pun
1160 1925 1238 1984 nolle
1252 1925 1331 2002 quod

124 2007 209 2058 antea
229 1999 334 2074 voluit,
349 2005 380 2058 et
397 1999 475 2058 velle
492 2015 570 2058 nunc
588 1999 668 2078 qnod
688 2001 769 2078 priua
792 2000 918 2060 nolebat.
941 2001 1061 2061 Crellt'ue
1098 2023 1113 2061 e
1129 2003 1203 2062 Reli.
1218 2003 1248 2062 li.
1264 2005 1282 2063 i.
1305 2025 1330 2063 e.

124 2079 186 2138 xxi.
200 2079 330 2137 Veratius
338 2077 451 2138 Tracta.
464 2078 500 2138 de
511 2079 583 2139 Deo.
613 2080 675 2139 Nes
689 2099 754 2138 cum
769 2079 947 2140 Orthodoxis
960 2081 1154 2140 omnimodam
1168 2083 1331 2142 immutabi-

124 2158 238 2217 litatem
252 2157 298 2216 illi
312 2155 495 2218 tribuendam
508 2177 667 2236 censemus,
682 2167 742 2220 tam
756 2159 852 2237 quoad
873 2167 1004 2220 naturam
1019 2181 1105 2239 quam
1119 2161 1215 2239 quoad
1229 2163 1331 2222 volun-

127 2247 269 2389 ἓξὲξ...
284 2343 370 2388 immu-
433 2317 493 2379 III.
516 2321 543 2380 l.
566 2318 640 2395 eria
656 2319 804 2400 Scriptura
817 2321 892 2380 hanc
912 2339 1049 2399 expresse
1064 2321 1127 2382 Deo
1140 2321 1250 2397 tribuit,
1267 2322 1330 2381 Ma-

156 2403 260 2506 fflflffl
284 2402 370 2461 ΡΜ
391 2396 495 2458 lcc.i1i.
509 2403 536 2459 6.
551 2401 617 2478 Epo
630 2421 691 2458 eum
700 2401 829 2460 Jenooat
842 2410 870 2460 et
882 2423 938 2460 non
951 2411 1055 2496 mutor,
1083 2403 1131 2463 Pe.
1144 2403 1190 2462 cii.
1202 2405 1250 2463 26.
1262 2403 1333 2463 Coeli

128 2580 182 2618 non
195 2567 237 2618 est
249 2478 526 2634 trampmsp,
535 2479 1129 2635 mfflti’mngmoguelitffgmimrilinirir
1139 2483 1230 2622 mg
1237 2485 1331 2622 {liaeus

129 2647 252 2716 negatur
264 2637 396 2711 mutatio,
419 2637 570 2698 sedetiam
584 2639 686 2698 umbra
699 2641 874 2717 mutationis,
890 2641 979 2701 uteie
999 2652 1161 2720 opponatur
1176 2643 1238 2702 Soli
1258 2643 1332 2702 lucis

129 2717 428 2814 corpopcse·fonti,·qui
440 2719 677 2780 conversionibus
687 2727 717 2779 et
730 2720 996 2816 obumlrrationibns
1011 2731 1055 2781 eet
1069 2722 1213 2782 obnoxius
1227 2721 1333 2816 quibus

128 2799 467 2938 lttttttttttr
480 2797 902 2958 ,tttttlttltttt
910 2809 1264 2960 ttttttttttttt
1279 2821 1333 2942 'ii

130 2959 224 3036 specie
234 2956 404 3018 Voluntatis
418 2965 448 3016 et
462 2959 582 3018 Consilii
596 2958 687 3017 divini
701 2961 920 3018 immutabilitas
933 2961 1071 3019 asseritur
1085 2963 1197 3038 saepius,
1214 2962 1332 3021 Numer.

130 3037 211 3097 xxiii.
230 3039 278 3097 19.
294 3039 375 3096 Deus
385 3038 474 3112 sortis
492 3057 548 3097 non
567 3047 608 3097 est
625 3041 705 3098 torno
724 3039 775 3115 qui
785 3039 944 3115 mentiatur,
960 3047 1012 3097 aut
1021 3041 1102 3119 filius
1115 3041 1232 3098 hominia
1252 3061 1333 3117 quem

124 3119 263 3195 poemtect
271 3141 284 3190 ;
304 3117 353 3176 An
367 3118 426 3193 ἔρια
439 3117 545 3176 ds'oeerit
557 3128 585 3177 et
595 3119 773 3194 nonfaciet!
792 3119 840 3176 An
857 3120 1063 3192 locutusficerr't
1081 3129 1108 3178 et
1120 3140 1176 3178 non
1185 3121 1335 3196 prostabit

129 3200 224 3258 illud!
247 3197 306 3256 Isa
321 3197 395 3255 xlvi.
413 3199 459 3256 10.
483 3198 634 3258 Oeneslium
655 3217 746 3258 meum
766 3198 856 3273 stabit,
878 3207 906 3256 et
924 3217 1004 3256 omne
1024 3199 1223 3274 beneplacitum
1243 3219 1333 3258 meum

129 3279 257 3355 inplebo.
303 3276 352 3336 Sic
367 3277 416 3336 Ps.
432 3277 536 3336 xxxiii.
553 3281 599 3354 11,
615 3285 645 3338 et
658 3299 705 3338 ox.
720 3281 759 3355 43
783 3281 799 3335 l
818 3277 895 3336 Sam.
909 3297 960 3342 xv.
975 3279 1032 3355 293
1055 3277 1131 3338 Heb.
1147 3279 1186 3338 vi.
1204 3281 1250 3338 ll.

61 3421 63 3430 ι
169 3358 226 3417 IV.
250 3357 339 3416 Ratio
359 3355 439 3414 illam
453 3357 611 3433 confirmat,
633 3359 702 3437 quia
721 3367 766 3418 est
779 3357 904 3434 Jehova,
926 3365 1012 3435 atque
1033 3357 1105 3417 adeo
1120 3359 1181 3418 Ens
1202 3379 1333 3419 necessa·

129 3437 204 3498 rium
217 3447 249 3498 et
262 3435 460 3536 independens
474 3437 552 3514 quod
565 3458 584 3544 a
597 3439 710 3533 nemine
724 3439 829 3499 mutari
842 3445 938 3516 potest
949 3461 957 3515 3
975 3457 1022 3532 res
1036 3459 1135 3534 ornnes
1149 3449 1252 3499 creetoe
1267 3447 1334 3499 sunt

130 3517 295 3675 iiiiii}
310 3519 1146 3676 :t‘stt'tmttttt'ttttttttttttt
1156 3539 1334 3660 tttttt

133 3697 182 3755 pra
195 3697 227 3736 se
242 3677 386 3754 agnoscit.
416 3681 444 3736 2.
459 3677 528 3755 qnia
541 3697 594 3738 nec
608 3686 703 3754 potest
716 3679 821 3741 mutari
835 3679 865 3736 in
878 3679 990 3756 melius,
1006 3679 1074 3756 quia
1088 3681 1221 3758 optimus,
1237 3701 1290 3739 nec
1304 3681 1335 3737 in

134 3758 231 3851 pejus,
239 3756 310 3849 quia
324 3755 468 3851 desineret
481 3777 545 3817 esse
558 3757 802 3852 perfectissimus:
822 3761 896 3854 nup.
911 3767 994 3819 tract.
1008 3763 1053 3836 15,
1064 3761 1094 3817 in
1107 3760 1130 3820 J
1131 3760 1178 3818 oh.
1196 3760 1338 3853 Quicquid

136 3839 1014 3994 W‘m'iztffiifftisilmfflniffll
1024 3859 1093 3977 tt
1113 3841 1337 4010 {inii-W

140 3997 201 4072 quia
214 4016 317 4056 omnes
332 4016 426 4056 cansa
440 3997 607 4058 mutationis
628 4018 646 4056 n
667 3998 731 4057 Deo
744 4007 936 4072 removentur,
952 3996 1144 4076 dependentia
1157 4017 1174 4056 a
1187 3997 1284 4074 priori,
1307 4006 1337 4057 et

140 4077 262 4152 potantia
275 4077 401 4155 passiva
417 4097 497 4136 error
509 4079 623 4153 mentis,
638 4085 668 4138 et
681 4078 874 4137 inconstantia
887 4078 1055 4136 voluntatis.
1399 4135 1402 4144 ,

438 4157 477 4216 V.
500 4157 614 4217 Creatio
634 4159 822 4217 mutationem
839 4177 897 4216 non
917 4157 1015 4216 attulit
1032 4157 1096 4215 Deo
1117 4155 1168 4214 sed
1183 4154 1336 4232 creaturis,

398 4256 458 4296 non
471 4238 622 4315 physicam
636 4247 665 4297 et
677 4238 792 4316 proprie
806 4235 921 4312 dictam,
943 4255 1009 4313 quae
1023 4235 1159 4313 supponit
1180 4253 1263 4294 sunm
1277 4255 1338 4294 mos

397 4315 466 4393 bile,
483 4317 534 4376 sed
547 4317 798 4396 hyperphysicam,
817 4335 969 4395 perquam
983 4317 1120 4376 ercamrai
1133 4315 1237 4376 transit
1249 4335 1267 4373 a
1280 4334 1338 4374 non

142 4416 199 4456 essa
212 4397 250 4457 ad
264 4417 351 4458 esse:
382 4395 462 4456 Illud
482 4417 572 4475 agens
592 4396 698 4456 mutari
712 4397 826 4471 dicitnr,
841 4394 920 4473 quod
933 4395 963 4453 in
982 4415 1013 4456 se
1032 4396 1095 4474 ipso
1110 4395 1194 4454 aliter
1208 4415 1238 4454 se
1251 4395 1340 4456 habet

142 4495 222 4553 quam
235 4478 317 4556 prins
330 4477 490 4554 habuerat3
513 4477 564 4536 sed
578 4476 657 4556 quod
670 4477 754 4536 aliter
767 4497 798 4536 se
811 4475 908 4551 habet,
923 4495 982 4534 uon
996 4477 1026 4534 in
1041 4495 1071 4535 se
1085 4476 1149 4554 ipso
1163 4475 1214 4535 sed
1228 4483 1340 4535 tantum

143 4556 257 4617 relative
270 4567 302 4618 et
321 4558 353 4617 in
368 4556 468 4616 ordine
489 4556 526 4616 ad
539 4556 628 4633 aliud,
643 4575 702 4614 non
720 4564 817 4634 potest
829 4556 887 4615 <lici
901 4555 1022 4617 mutari:
1046 4556 1089 4615 At
1102 4575 1190 4635 quum
1206 4555 1287 4616 Deus
1307 4555 1341 4614 fit

145 4635 256 4698 Creator
269 4657 329 4698 non
343 4645 472 4697 mutatur
484 4637 516 4694 in
530 4656 569 4713 se,
584 4635 659 4694 nihil
672 4635 749 4695 enim
763 4637 807 4695 illi
820 4635 857 4696 de
877 4655 954 4696 novo
968 4636 1088 4712 accedit,
1102 4657 1169 4695 nam
1182 4637 1219 4695 ab
1234 4644 1341 4696 aetemo

153 4219 240 4268 Fontes
253 4221 360 4268 solutio-

221 4294 288 4326 nuru·

20 4788 21 4796 ἵ
145 4715 239 4778 habuit
263 4717 443 4778 voluntatem
472 4715 615 4776 efficacem
638 4715 756 4774 creandi
780 4715 921 4776 mundum
944 4716 973 4776 in
997 4725 1133 4794 tempore,
1158 4714 1209 4774 sed
1229 4724 1341 4774 tantum
