3160 5194
265 332 302 389 an
748 344 840 384 mous
856 343 972 384 seruus.
1262 323 1386 406 [eumer.
1401 346 1470 386 vnr.

265 509 331 548 nem
352 488 484 555 hominis.
529 487 621 544 Priori
642 505 728 545 sensu
753 485 913 562 Theologia
933 493 1052 544 vocatur
1072 485 1206 562 practica,
1229 503 1288 544 non
1306 487 1469 564 posteriori,

211 571 215 583 ’
265 569 334 647 quia
347 576 451 646 praeter
464 567 599 626 materias
619 585 696 624 mere
710 565 859 642 practices,
882 564 969 623 habet
983 564 1070 623 etiam
1090 564 1196 624 multas
1216 564 1392 626 theoreticae
1404 587 1471 644 qum

266 647 445 708 constituunt
459 645 596 724 dogmata
609 645 685 706 fidei.

307 727 367 788 XI.
389 726 472 786 Licet
484 726 587 786 notitia
601 725 657 784 Dei
670 734 700 785 et
713 723 915 784 attributorum
929 725 993 802 ejus
1012 725 1123 792 nonsit
1137 723 1235 784 stricte
1248 725 1384 803 practica,
1400 747 1470 804 qua-

265 815 350 882 tenus
363 805 521 885 practicum
539 813 621 866 notat
638 804 670 864 id
683 804 762 882 quod
777 813 822 878 est
835 803 1028 882 regulativum
1042 803 1165 882 alicujus
1179 805 1363 883 operationis,
1378 817 1413 866 ut
1425 827 1472 866 res

266 887 383 965 cognita
402 893 522 964 agatur;
544 895 578 945 ut
595 885 698 946 notitia
712 885 800 961 Legis
814 893 859 944 est
872 883 973 962 regula
986 883 1165 960 obedientias,
1181 893 1210 944 et
1224 893 1342 946 actuum
1356 887 1470 946 morali·

265 976 310 1026 ter
323 967 480 1044 bonorum,
502 972 547 1026 est
567 975 663 1025 tamer
681 966 814 1043 practica
830 973 915 1042 prout
928 965 1085 1041 practicam
1098 965 1169 1024 dicit
1188 964 1219 1022 id
1232 965 1312 1042 quod
1330 975 1473 1026 monetet

266 1046 389 1124 impellit
409 1046 447 1106 ad
465 1047 668 1124 operationem,
684 1055 724 1120 ut,
740 1045 765 1104 si
779 1064 825 1102 ros
839 1044 955 1122 cognita
968 1063 1026 1103 non
1039 1044 1143 1122 egitur,
1158 1053 1255 1104 tamen
1271 1044 1311 1106 ad
1328 1047 1471 1106 actionem

267 1127 405 1186 moralem
425 1126 544 1202 incitet;
567 1126 641 1185 Nam
662 1125 728 1184 ideo
742 1125 823 1184 Deus
837 1144 868 1183 se
882 1123 966 1184 nobis
980 1124 1212 1202 cognoscendum
1225 1125 1344 1202 praebet,
1359 1136 1394 1184 ut
1407 1146 1471 1186 eum

267 1208 412 1284 colamus,
434 1207 500 1265 ideo
510 1208 668 1285 potentiam
683 1225 764 1264 suam
778 1203 862 1264 nobis
875 1203 1009 1282 patefecit
1022 1214 1056 1264 ut
1065 1225 1128 1264 eam
1142 1224 1334 1281 revereamur,
1347 1217 1377 1265 et
1390 1206 1471 1266 boni·

268 1296 357 1346 tatem
370 1296 403 1346 ut
417 1306 480 1346 cam
493 1306 630 1346 amemus.

309 1367 387 1428 XII.
408 1366 569 1443 Theologia
586 1365 783 1426 consideretur
798 1364 846 1422 vel
867 1364 1009 1436 abstracte
1029 1364 1061 1422 in
1080 1363 1204 1442 objecto,
1220 1364 1267 1424 vel
1288 1365 1320 1423 in
1341 1364 1473 1444 subjecto
1569 1400 1570 1432 ι

268 1456 409 1506 concrete.
452 1445 591 1521 Quamvis
605 1445 771 1522 Theologus
791 1443 897 1521 impius
910 1463 974 1504 eam
987 1463 1046 1502 non
1059 1444 1212 1506 transferat
1225 1444 1262 1504 ed
1275 1445 1400 1523 praxim,
1415 1465 1474 1504 non
1569 1481 1570 1495 ι

269 1525 376 1586 desinit
385 1545 448 1586 esse
458 1526 584 1603 practica
597 1525 628 1584 in
642 1543 681 1602 sa,
692 1524 760 1600 quia
773 1524 880 1584 abusus
895 1523 1017 1601 subjecti
1032 1543 1089 1584 non
1100 1525 1205 1586 evertit
1214 1525 1377 1602 legitimum
1387 1545 1474 1586 usum
1569 1575 1570 1580 ,

269 1605 385 1683 objecti.

310 1684 406 1744 XIII.
427 1683 588 1761 'I'heologia
611 1683 888 1760 comprehensorum
912 1702 970 1742 non
992 1693 1087 1760 potest
1111 1683 1168 1742 dici
1192 1705 1269 1744 mara
1291 1684 1473 1759 Theoretiea
1569 1723 1570 1758 3

269 1764 338 1842 quia
360 1763 509 1824 beatitudo
530 1763 729 1841 complectitur
750 1782 808 1821 non
832 1761 917 1822 modo
942 1763 1046 1822 summi
1065 1763 1134 1824 boni
1154 1765 1403 1842 apprehensionem
1423 1785 1474 1843 per
1569 1803 1570 1812 ι

269 1844 411 1903 visionem
424 1863 489 1921 quac
500 1842 592 1936 estin
605 1843 771 1920 intellectu;
792 1842 844 1904 sed
857 1851 887 1903 et
899 1842 1150 1918 illiusfiuitiouem
1164 1864 1215 1921 per
1228 1864 1355 1905 amorem
1364 1845 1416 1923 qui
1430 1854 1474 1904 est

268 1923 582 2083 ac{SIllllu'llhtddlligia
602 2004 644 2064 ita
663 2013 708 2064 est
722 2002 1045 2079 Theoretioo·Practioa,
1061 2011 1094 2064 ut
1114 2023 1173 2063 non
1193 2003 1316 2064 dicenda
1336 2004 1376 2064 sit
1395 2024 1474 2066 mere

271 2085 411 2162 Praotiea,
426 2084 578 2146 sedetiam
592 2084 769 2160 Theoretica,
784 2092 818 2145 ut
830 2085 1032 2162 mysteriorum
1050 2084 1153 2142 notitia
1165 2103 1232 2162 pars
1246 2084 1309 2162 eJ'us
1324 2083 1362 2144 ait
1376 2104 1473 2144 essen-
1569 2127 1570 2158 .

269 2165 356 2226 tialis.
401 2169 426 2225 1.
449 2165 523 2240 Quis
543 2164 737 2242 cognitionem
750 2163 881 2223 veritatis
895 2165 976 2223 Deus
996 2183 1054 2224 non
1070 2163 1166 2223 minus
1185 2163 1315 2241 praecipit
1335 2173 1365 2224 et
1378 2173 1473 2242 urget,
1569 2207 1570 2214 .

270 2263 304 2304 ac
325 2244 517 2304 obedientiam
537 2251 753 2321 praceptorum,
775 2243 797 2303 J
799 2263 838 2302 er.
859 2243 942 2303 xxxi.
964 2246 1012 2304 34.
1055 2243 1119 2303 Imo
1133 2251 1163 2304 at
1176 2243 1237 2303 vita
1250 2253 1357 2304 aeterna
1370 2244 1402 2302 in
1416 2245 1476 2304 Dei
1569 2288 1570 2320 ι

269 2323 436 2400 cognitione
453 2323 578 2399 ponitur,
599 2322 621 2382 J
623 2342 687 2382 oen.
708 2321 779 2382 xvii
802 2324 829 2382 3.
872 2322 934 2382 Nec
951 2322 1105 2383 dicendum
1119 2343 1185 2384 cum
1201 2323 1411 2400 Schlichtingio
1424 2325 1475 2402 agi
1569 2365 1570 2376 .

270 2400 307 2460 da
320 2401 484 2478 cognitione
498 2401 656 2462 voluntatis
676 2420 728 2480 per
746 2400 891 2462 Christum
905 2402 935 2460 in
950 2403 1111 2481 Evangelio
1125 2403 1283 2480 patefacte,
1299 2403 1424 2463 sednon
1438 2405 1475 2464 de
1569 2387 1570 2460 J

269 2479 433 2558 cognitione
453 2488 580 2558 naturae;
602 2479 677 2556 Quia
696 2487 794 2540 textus
814 2480 900 2542 docet
919 2483 968 2561 agi
987 2502 1046 2542 non
1064 2491 1176 2544 tantum
1190 2483 1227 2544 de
1240 2484 1400 2561 voluntate,
1421 2483 1476 2544 sed
1569 2477 1570 2514 3

269 2560 412 2642 precipue
432 2560 469 2620 de
489 2567 599 2637 natura
621 2567 654 2620 ut
673 2570 841 2638 cognoscant
860 2569 893 2639 te,
915 2559 979 2639 dte,
1001 2563 1135 2624 nimirum
1156 2583 1219 2623 esse
1243 2583 1345 2624 verum
1367 2564 1474 2640 Deum,
1569 2609 1570 2623 .

269 2640 348 2718 quod
368 2651 500 2700 naturam
520 2660 579 2698 non
592 2641 771 2702 voluntatem
792 2647 881 2702 notat.
923 2647 951 2703 2.
973 2643 1048 2718 Quia
1067 2662 1106 2703 ex
1119 2644 1222 2704 notitia
1235 2645 1326 2704 oritm
1339 2644 1420 2721 fides,
1436 2664 1475 2704 ex
1569 2626 1570 2704 f

269 2739 328 2798 qua
347 2719 454 2798 pendet
476 2719 599 2798 Religio,
616 2719 702 2780 Rom.
716 2741 746 2780 x.
763 2723 809 2780 17.
852 2724 880 2782 3.
902 2721 977 2798 Quia
992 2722 1163 2800 Symbolum
1178 2723 1381 2801 Apostolicnm
1394 2725 1475 2803 quod
1569 2717 1570 2722 ἵ

267 2801 354 2878 juxta
376 2799 544 2860 Socinienos
565 2800 693 2860 continet
714 2801 876 2878 Religionis
896 2802 1098 2880 compendium
1118 2813 1148 2862 et
1168 2805 1232 2880 ejus
1249 2805 1398 2880 articulos,
1411 2805 1475 2882 agit

270 2888 381 2938 tantum
400 2879 437 2939 da
456 2878 613 2956 credendis,
629 2901 687 2940 non
701 2879 738 2940 de
752 2881 898 2943 faciendis.
940 2886 969 2943 4.
991 2883 1065 2958 Quia
1079 2884 1206 2960 cognitio
1222 2883 1277 2943 Dei
1290 2884 1408 2962 ponitur
1421 2905 1474 2962 pro

269 2959 405 3022 universo
420 2960 507 3036 cultu,
523 2959 586 3020 Jer.
602 2961 683 3021 xxxi.
700 2963 755 3037 34;
778 2961 818 3020 Is.
833 2961 885 3021 liii.
903 2964 956 3039 115
981 2963 1100 3024 lJoan.
1115 2963 1143 3022 ii.
1160 2966 1188 3022 3.

311 3039 383 3100 XV.
405 3040 592 3118 Ibeologiarn
606 3049 703 3100 tamen
716 3039 810 3117 magis
823 3061 886 3102 esse
900 3042 1054 3120 practicam
1065 3063 1151 3120 quam
1166 3043 1383 3121 speculativam,
1394 3053 1474 3122 petet

268 3141 306 3184 ex
311 3123 373 3202 flea
381 3123 478 3182 altimo
488 3121 538 3199 qui
552 3129 597 3181 eat
609 3121 725 3200 praxis3
746 3121 813 3182 licet
824 3123 900 3180 enim
911 3122 1008 3182 omnia
1016 3123 1154 3200 mysteria
1167 3143 1225 3183 non
1239 3125 1298 3184 sint
1312 3124 1475 3202 regulativs

268 3201 450 3278 operationis,
466 3211 534 3261 sunt
547 3209 643 3262 tamen
657 3201 812 3280 impulsiva
829 3201 867 3260 ad
881 3203 1091 3280 operationem
1114 3203 1234 3264 Nullum
1250 3203 1328 3264 enim
1349 3213 1395 3264 est
1414 3212 1472 3263 tum

269 3285 376 3359 augeb
390 3288 419 3339 et
433 3301 450 3338 a
463 3281 546 3358 praxi
561 3289 709 3356 remotum,
725 3280 796 3358 quin
815 3281 916 3342 incitet
935 3281 973 3341 ad
994 3282 1050 3340 Dei
1069 3282 1286 3343 admirationem
1299 3292 1330 3344 et
1343 3284 1472 3359 cultum

268 3377 322 3415 nec
336 3358 460 3416 Theoria
474 3359 607 3418 salutaris
628 3367 673 3418 est
693 3359 748 3419 nisi
762 3359 800 3418 nd
813 3361 926 3437 praxIm
939 3371 1098 3439 revocetur,
1114 3364 1201 3424 Joan.
1216 3363 1278 3424 xiii.
1296 3367 1351 3440 173
1374 3368 1390 3423 l
1407 3365 1471 3426 Cor.
1568 3370 1569 3389 ³

269 3435 330 3494 xrs.
346 3440 382 3513 ις
404 3436 462 3496 ιιι.
476 3437 495 3496 i.
514 3440 547 3510 1;
572 3437 690 3496 1J0an.
706 3439 735 3496 rr.
751 3440 778 3512 e,
795 3442 831 3514 43
853 3439 910 3499 nt.
925 3440 955 3499 n.
973 3443 1018 3499 ιι.

718 3677 911 3751 QUAESTIO
932 3679 1023 3739 VIII.

268 3835 315 3894 Aa
329 3837 416 3896 Ratio
430 3837 554 3894 tantona
567 3835 602 3892 sit
610 3836 792 3912 pmncipium,
808 3848 836 3896 et
847 3859 949 3898 aoruca
963 3843 1102 3917 adquam
1116 3844 1193 3919 αἰψ’
1205 3843 1303 3902 ἀιιόιιιι
1315 3844 1473 3920 Religionab

291 3915 459 3976 Christiane
473 3923 499 3974 st
511 3915 665 3991 Theoloqioe
679 3917 813 3992 dogmata
827 3939 889 3995 quse
902 3921 1046 3999 santfidei
1057 3923 1190 3998 objectam
1198 3923 1290 3982 r-N,
1303 3923 1335 3982 C.
1351 3924 1451 3984 Socra.

306 4140 313 4150 ⁴
569 4074 594 4134 Ι.
616 4073 657 4135 Ut
672 4076 845 4152 Quaestionis
860 4087 952 4138 status
965 4079 1069 4140 clarius
1083 4081 1264 4161 percipiatur,
1277 4081 1395 4142 termini
1406 4091 1473 4141 sunt

302 4133 477 4236 'mffgn‘sslffi'
527 4164 592 4214 autc
602 4157 698 4216 omnia
708 4157 880 4234 explicandi,
892 4167 922 4218 et
932 4161 1107 4236 praecognita
1117 4160 1249 4236 quadam
1263 4161 1471 4237 prastrucnda.

532 4238 556 4293 l.
578 4237 666 4294 Ratio
677 4239 800 4296 humana
811 4237 940 4312 sumitur,
951 4239 1000 4296 vel
1007 4241 1150 4313 sabastius
1158 4259 1210 4316 pro
1220 4239 1357 4300 facultate
1368 4242 1471 4300 anImae

268 4307 415 4396 rationalis
436 4329 493 4384 qua
506 4315 592 4372 homo
612 4315 747 4394 intelligit
761 4327 790 4376 et
804 4317 944 4394 dijudicet
957 4317 1151 4394 intelligibilia
1165 4319 1221 4378 sibi
1234 4319 1339 4396 oblata,
1355 4331 1471 4380 natura·

267 4383 307 4441 lia
327 4391 356 4442 et
377 4393 611 4476 supamaturalin,
627 4395 726 4452 divina
740 4401 769 4454 et
783 4397 924 4472 humana3
947 4397 1004 4455 Vel
1018 4399 1144 4473 olp'ectim
1158 4419 1210 4476 pro
1223 4399 1331 4458 lumina
1346 4400 1472 4459 naturali

267 4471 329 4521 turn
350 4471 478 4522 externus
498 4472 653 4544 proposito,
669 4483 729 4534 turn
749 4475 868 4536 heterius
882 4475 971 4535 menti
985 4477 1134 4554 impresso,
1149 4498 1207 4556 quo
1221 4479 1293 4537 ratio
1308 4477 1472 4558 disponitur

268 4541 304 4600 ad
319 4549 473 4618 concaptus
488 4547 627 4620 quosdam
638 4549 802 4612 formandos
816 4563 845 4614 et
860 4555 1058 4618 conclusiones
1072 4557 1226 4618 eliciendas
1240 4556 1277 4616 dc
1291 4557 1356 4618 Deo
1371 4559 1471 4618 rebus·

268 4640 324 4699 que
339 4620 462 4696 divinis:
486 4623 541 4682 Illa
555 4645 623 4684 voro
638 4629 741 4688 iterum
756 4634 877 4708 spectari
892 4643 987 4711 potest
1007 4635 1146 4712 bifariam,
1163 4636 1209 4695 vel
1230 4644 1262 4694 ut
1281 4657 1355 4696 eane
1377 4647 1407 4698 et
1428 4639 1470 4696 in-
