3250 5176
287 333 345 390 570
783 349 874 392 rocus
888 349 993 417 nonus.
1314 323 1448 404 [eumer.
1470 342 1507 378 x.

285 489 393 550 tionem
408 489 594 568 propositam,
603 489 718 551 Annon
731 499 850 568 peccato
859 489 980 567 originis
992 489 1116 550 liberum
1129 485 1281 570 arbitrium
1291 483 1424 544 vitiatum
1443 483 1502 554 sit,

286 567 463 647 Respondet,
481 571 669 630 “Peccatum
689 570 809 648 originis
830 570 942 630 nullum
964 589 1083 648 prorsus
1106 577 1160 644 eet,
1183 585 1272 644 quare
1291 585 1345 624 nee
1363 563 1502 622 liberum

285 649 436 709 arbitrium
450 649 552 708 vitiare
586 650 668 724 oluit,
683 670 737 709 nec
751 651 827 708 enim
841 671 860 708 a
876 649 1022 727 Scriptura
1045 648 1076 706 id
1089 655 1240 726 peceatum
1255 644 1375 724 originis
1389 641 1502 702 doceri

284 738 388 806 potest,
405 738 433 787 et
446 730 544 808 lapsus
589 729 675 805 demi,
691 749 756 790 oum
775 749 851 790 unus
864 739 946 790 actus
966 728 1061 804 fuerit,
1076 728 1137 788 vim
1158 747 1221 788 earn
1242 747 1307 804 quae
1328 725 1501 801 depravare

284 809 377 886 ipsam
391 817 523 868 naturam
538 809 654 884 Adurni,
670 809 762 870 multo
777 811 951 868 rninusvero
964 817 1144 886 posterorum
1159 806 1251 885 ipsius
1264 805 1364 885 possit,
1380 803 1500 864 habere

284 909 343 948 non
355 889 478 966 potuit.’'
520 891 548 948 3.
569 889 630 948 Nee
645 889 682 950 ab
702 890 739 948 iis
759 889 847 948 alieni
868 897 936 950 sunt
956 891 1193 963 Runoastraatm
1216 887 1267 964 qui
1287 887 1317 944 in
1338 885 1500 964 Apologia

284 987 336 1037 sna
350 989 401 1044 pro
416 975 493 1026 certo
508 976 647 1044 statuunt,
663 969 803 1047 quicquid
816 970 847 1028 in
861 969 1034 1028 contrarium
1049 967 1234 1045 Augustinus
1248 967 1354 1043 aliique
1372 963 1498 1042 judica·

282 1048 385 1121 verint,
408 1048 502 1105 Deum
516 1049 612 1106 nullos
627 1049 751 1108 infantes
766 1050 963 1126 cujuscunque
978 1048 1063 1107 sortis
1082 1057 1132 1106 aut
1146 1048 1295 1124 prosapiae,
1312 1046 1373 1104 sine
1388 1053 1496 1103 actua-

283 1126 359 1186 libus
373 1134 402 1184 et
425 1127 549 1204 propriis
570 1129 696 1204 peccatis
717 1129 880 1204 morientes,
903 1127 1017 1186 ecterrris
1038 1128 1213 1186 eruciatibus
1234 1127 1378 1185 destinare
1399 1124 1494 1199 velle,

282 1207 332 1264 aut
342 1206 408 1282 jure
423 1205 567 1264 destinare
581 1227 665 1284 posse
681 1209 718 1266 ob
732 1217 882 1284 peccatum
896 1207 974 1284 quod
988 1216 1108 1265 vocatur
1122 1207 1242 1284 originis
1254 1228 1261 1280 ;
1284 1207 1408 1264 alienam
1424 1224 1494 1262 csse

282 1286 356 1344 hanc
371 1285 536 1361 opinionem
550 1305 567 1344 a
581 1286 680 1345 divina
694 1287 822 1346 bonitate
837 1296 866 1345 et
879 1295 957 1345 recta
971 1287 1089 1362 ratione,
1105 1286 1163 1343 imo
1178 1287 1327 1360 incertum,
1343 1293 1443 1344 utrum
1459 1284 1494 1340 in

282 1385 317 1424 ea
331 1366 424 1442 major
437 1365 600 1424 absurditas
625 1386 661 1424 en
676 1367 831 1426 crudelitas
845 1365 1051 1444 praeponderet.
1096 1366 1216 1424 Cerceo.
1232 1375 1328 1441 aperte
1343 1363 1422 1422 idern
1438 1384 1493 1422 ne-

282 1453 333 1520 get
349 1445 470 1502 Dissert.
486 1449 514 1518 2,
530 1446 566 1502 de
582 1446 704 1505 Peccato
719 1446 861 1522 originali.
890 1451 918 1503 4.
932 1447 1011 1503 Inter
1027 1445 1193 1504 l'ontificios
1208 1445 1322 1520 Pighius
1336 1452 1365 1502 et
1378 1443 1492 1502 Catha-

282 1525 362 1582 rr'mts
375 1533 524 1602 peccatum
548 1525 688 1602 originale
713 1527 750 1584 ad
774 1526 865 1584 solam
889 1525 1106 1602 imputationem
1131 1524 1316 1601 restringunt,
1342 1543 1490 1600 propaga·
1597 1545 1598 1554 ³

282 1605 388 1662 tionem
404 1613 552 1680 negantes.
596 1605 797 1684 Anabaptistae
817 1604 943 1682 priorum
958 1605 1082 1681 vestigia
1096 1613 1249 1680 sequentes
1263 1611 1414 1680 peceatum
1430 1605 1490 1660 ori-

281 1683 378 1758 ginale
398 1684 548 1758 Aeqmtr'ni
561 1686 728 1762 fiprnerrtum
742 1693 857 1743 vocant.
874 1685 983 1761 Colloq.
1011 1685 1183 1742 Franeotha.
1210 1683 1298 1742 Actio
1322 1684 1352 1740 ii.
1377 1691 1432 1740 art.
1458 1687 1489 1740 4.

283 1763 373 1822 llisce
385 1781 454 1822 vero
470 1763 603 1824 omnibus
619 1765 753 1824 Ecclesia
767 1764 938 1824 Orthodoxa
952 1783 1064 1840 semper
1077 1784 1108 1824 se
1123 1763 1265 1840 opposuit,
1289 1771 1317 1822 et
1338 1761 1489 1822 affirmati-

277 1861 347 1900 .vam
362 1850 527 1902 constanter
541 1843 669 1904 retinuit.

281 1999 284 2005 ,
580 1923 635 1982 Vl.
659 1923 786 1998 Quaestio
800 1943 870 2001 ergo
885 1925 959 1982 inter
973 1923 1034 1982 Nos
1058 1932 1088 1982 et
1110 1922 1304 1982 Adversarios
1327 1930 1380 1996 est,
1407 1921 1486 1996 Non,

308 1985 488 2090 smssffinsslffi‘
539 2001 589 2060 An
604 2003 688 2062 detur
701 2013 851 2080 peccatum
864 2003 981 2080 aliquod
994 2003 1117 2079 primum
1132 2002 1279 2079 originans
1303 2002 1332 2060 in
1357 2001 1486 2075 Adamo,

539 2102 556 2140 a
570 2103 627 2159 qno
643 2083 714 2140 Ilias
728 2083 778 2142 illa
791 2084 940 2158 melorum,
952 2102 1017 2159 quae
1031 2082 1130 2160 generi
1141 2083 1266 2140 humano
1281 2081 1430 2156 incumbit,
1446 2081 1486 2140 ad

277 2181 332 2222 nos
354 2164 401 2221 vel
423 2163 556 2239 exemplo
580 2171 608 2220 et
632 2163 800 2238 imitatione,
824 2163 871 2222 vel
894 2161 1099 2240 propagatione
1124 2161 1332 2237 dimanaverit3
1356 2161 1424 2236 Sed,
1447 2182 1486 2219 an

278 2242 363 2302 detur
376 2244 481 2302 vitium
494 2241 612 2318 aliquod
626 2241 776 2318 inhaerens,
792 2243 871 2320 qnod
884 2252 1034 2319 peccatum
1055 2241 1195 2318 originale
1216 2241 1329 2316 dicitur,
1351 2241 1431 2317 qued
1445 2241 1483 2300 ab

279 2322 394 2382 Adamo
408 2323 446 2381 ad
460 2341 559 2382 ornnes
572 2321 664 2398 ipsius
677 2331 808 2398 posteros
822 2323 946 2382 natruuli
960 2323 1146 2400 generatione
1159 2321 1196 2380 ab
1210 2340 1244 2380 eo
1266 2319 1403 2380 oriundos
1417 2341 1481 2398 pro-

275 2411 406 2477 pagetur.
429 2401 545 2478 Negant
558 2401 609 2474 illi,
626 2401 687 2460 Nos
700 2402 883 2462 affirmamus.

275 2506 405 2550 Peccatum
430 2506 501 2564 ortgr-
577 2481 649 2538 VII.
673 2481 811 2541 Rationes
826 2489 901 2541 sunt.
926 2485 952 2540 l.
969 2481 1071 2555 “Quia
1085 2501 1168 2542 omne
1189 2479 1359 2556 figmentum
1373 2479 1480 2556 cogita·

304 2564 503 2666 22³3,¹,}‘¹}i²{¹¹''
537 2560 648 2698 pionrnn
663 2559 896 2698 ⁰⁰¹di⁸.h.⁰¹³,¹,i¹g³
910 2559 1015 2652 dicitur
1029 2569 1141 2620 tentum
1149 2561 1266 2653 malum,
1276 2560 1410 2698 orppihus
1421 2559 1480 2653 die·

276 2719 331 2780 Dei
345 2719 435 2798 ipsius
446 2649 645 2796 judiciuiii’dbt
654 2642 1035 2796 ppppppgrg,sedep01ppppg
1047 2643 1078 2780 ii
1090 2649 1207 2794 hidilo,
1217 2643 1480 2796 {phohdmhouiliidd

274 2807 386 2858 tantum
401 2798 545 2876 corruptio
556 2798 712 2874 hominum,
726 2797 778 2857 sed
792 2799 936 2876 corruptio
947 2800 1127 2876 universalis,
1138 2799 1362 2859 tamhabitualis
1376 2799 1476 2874 cordis,

275 2899 362 2958 quarn
376 2879 497 2940 actualis
512 2878 728 2956 cogitationum,
744 2887 773 2938 et
787 2879 904 2955 quidem
918 2879 955 2937 ab
969 2880 1032 2956 ipso
1054 2880 1122 2938 vitae
1143 2879 1300 2956 primordio
1314 2879 1397 2938 nobis
1411 2899 1476 2938 con·

275 2970 343 3020 nata
357 2970 386 3020 ct
399 2968 545 3038 perpetua.
568 2959 629 3018 Nec
644 2959 668 3018 ai
682 2959 738 3018 ista
751 2957 886 3018 dicuntur
898 2959 935 3019 de
949 2959 1034 3037 primi
1048 2959 1147 3018 mundi
1159 2959 1270 3034 incolis,
1286 2959 1421 3020 metumve
1434 2959 1476 3016 in-

274 3039 433 3118 telligenda
447 3049 514 3100 auat
528 3039 566 3100 ad
580 3039 651 3098 alios
664 3039 804 3114 homines,
819 3048 849 3100 et
862 3040 1021 3100 naturalem
1036 3059 1134 3098 corum
1149 3039 1393 3100 constitutionem.
1415 3039 1476 3098 Imo

274 3119 445 3198 hypothesis
458 3120 510 3178 illa
523 3119 720 3186 transferenda
734 3127 778 3178 est
800 3119 837 3178 ad
859 3119 972 3194 thesim,
998 3128 1028 3178 et
1051 3118 1127 3178 idern
1142 3117 1177 3178 de
1201 3119 1268 3178 eliis
1290 3118 1473 3192 inferendum,

274 3199 343 3276 quia
357 3201 478 3263 eandem
492 3209 623 3260 naturam
638 3219 737 3258 ornnes
752 3199 782 3256 in
796 3207 873 3258 stetu
882 3199 1109 3276 peccatihabent
1120 3198 1149 3256 in
1161 3218 1200 3274 se,
1217 3199 1278 3258 sine
1293 3199 1386 3275 gatis
1399 3206 1474 3258 co'er-

274 3289 366 3356 cente,
382 3280 430 3338 vel
444 3287 639 3354 convertente,
655 3277 734 3355 quod
757 3279 806 3338 vel
829 3299 866 3338 ex
889 3299 923 3337 eo
937 3287 1016 3356 patet
1040 3278 1206 3354 clarissime,
1229 3278 1309 3355 quod
1332 3299 1394 3355 cap.
1416 3277 1473 3336 viii

274 3361 322 3416 21.
337 3359 438 3418 eadem
452 3357 589 3417 dicuntur
601 3378 659 3416 non
673 3358 796 3434 amplius
811 3358 847 3417 de
861 3357 968 3416 mundo
984 3359 1034 3416 illo
1047 3358 1150 3434 prisco,
1167 3377 1253 3434 quern
1273 3357 1356 3434 aquis
1369 3358 1474 3418 ultrici·

272 3436 327 3494 bus
341 3436 378 3495 ob
393 3437 502 3494 scelera
516 3437 670 3510 deleverat,
686 3437 739 3496 sed
752 3437 788 3495 dc
802 3457 879 3496 novo
892 3438 1009 3513 mundo,
1025 3456 1110 3514 quem
1131 3458 1170 3496 ex
1194 3437 1346 3514 superstite
1367 3437 1475 3496 Noaehi

273 3515 372 3572 sobole
386 3515 631 3591 proseminaturus
645 3525 714 3574 erat.
758 3517 819 3573 Nec
833 3517 874 3575 ita
887 3525 1006 3594 peecata
1019 3517 1143 3576 actualia
1163 3515 1327 3590 innuuntur,
1342 3517 1411 3592 quin
1425 3515 1471 3574 ha-

271 3593 379 3653 bituale
393 3612 459 3654 cum
473 3593 531 3654 illis
545 3593 746 3670 conjungatur,
762 3595 830 3670 quia
853 3595 1024 3672 principiata
1038 3603 1171 3674 corrupta
1189 3616 1251 3654 esse
1275 3615 1331 3652 non
1343 3603 1469 3669 possunt,

270 3673 341 3750 quin
356 3674 418 3752 ipsa
431 3673 572 3752 principia
586 3674 643 3732 sint
667 3673 753 3734 etiarn
776 3683 927 3752 corruptn;
950 3675 1027 3734 unde
1048 3696 1105 3734 non
1130 3684 1239 3736 tantum
1263 3675 1357 3750 agitur
1376 3671 1411 3730 dc
1425 3693 1469 3731 ae·

272 3753 399 3814 tionibus
413 3753 461 3814 vel
475 3753 699 3831 cogitationibus
712 3753 805 3828 melis,
821 3752 973 3814 sedetiam
988 3754 1024 3812 dc
1038 3755 1176 3831 figmento
1190 3753 1281 3813 cerdis
1295 3752 1379 3826 malo,
1394 3753 1470 3828 quod

272 3834 372 3894 durlaci
385 3856 434 3894 aar.
449 3857 499 3909 aar,
514 3831 622 3908 (dieunt,
638 3853 695 3910 quo
720 3833 880 3910 exprimere
896 3833 989 3894 solent
1003 3835 1143 3910 originale
1157 3841 1313 3910 peccatum.
1354 3832 1399 3890 Eo
1413 3853 1469 3892 ma·

271 3913 317 3988 gia
338 3915 416 3990 quod
430 3937 488 3976 non
503 3913 607 3974 dicitur
621 3921 732 3972 tanturn
747 3913 855 3972 malum
879 3913 976 3990 aliquo
998 3921 1134 3990 tempore,
1151 3913 1202 3974 sed
1217 3913 1302 3987 omni,
1320 3921 1350 3972 et
1363 3912 1399 3970 ab
1414 3913 1472 3990 ipsa

271 3991 400 4068 infantia,
429 3996 485 4054 hoe
512 3993 589 4052 enim
609 4013 701 4054 enm
721 3993 806 4052 etiarn
832 3993 984 4068 signifieat,
1000 3993 1090 4054 Thra.
1112 3993 1151 4052 iii.
1175 3997 1223 4067 27,
1243 3993 1323 4056 dere.
1340 3991 1412 4050 xxii.
1426 3997 1469 4068 21,

272 4071 377 4132 Ezech.
393 4073 432 4132 iv.
449 4078 495 4148 14,
511 4081 539 4134 et
553 4073 614 4132 xvi.
630 4077 677 4147 22,
702 4072 767 4132 Oce.
784 4071 812 4131 ii.
840 4075 885 4147 15,
902 4092 958 4130 non
982 4093 1051 4132 vero
1064 4081 1175 4132 tantum
1197 4071 1429 4149 adolescentiam,
1442 4083 1472 4132 ut

270 4151 380 4210 vellent
396 4153 559 4214 Sociniani:
582 4153 622 4212 Et
635 4153 708 4212 ratio
723 4152 833 4226 suadet,
849 4153 917 4228 quia
931 4151 1027 4228 agitur
1040 4152 1077 4210 do
1091 4172 1178 4212 causa
1193 4151 1315 4225 Diluvii,
1330 4171 1388 4228 quo
1402 4153 1470 4230 peri-

270 4238 354 4292 erunt
368 4232 455 4292 etiarn
470 4232 524 4310 ipsi
538 4231 671 4307 infantes,
689 4233 804 4308 inques
818 4232 929 4292 malitia
943 4231 1063 4292 actualis
1078 4253 1136 4290 non
1150 4230 1235 4306 cadit,
1248 4231 1298 4308 qui
1310 4239 1406 4290 temen
1420 4251 1471 4290 non

270 4309 331 4370 sine
346 4331 433 4372 eausa
447 4320 476 4372 et
490 4311 596 4386 injuste
610 4311 704 4387 puniti
719 4320 794 4370 siant.
838 4311 917 4388 Ergo
931 4312 1041 4372 malitia
1056 4312 1204 4388 originalis
1226 4331 1292 4370 eum
1307 4311 1415 4370 actuali
1427 4311 1470 4368 de

269 4391 484 4450 boteonnotari.
526 4390 649 4466 Fingere
665 4392 711 4450 hic
734 4390 872 4466 Spiritum
889 4393 1025 4452 Sanctum
1049 4391 1234 4468 hyperbolico
1257 4391 1362 4462 veteris
1376 4389 1470 4450 mundi

269 4468 379 4543 flagitia
393 4489 578 4547 exaggerare,
594 4491 651 4528 non
674 4471 756 4546 qnasi
771 4491 870 4531 ournca
894 4471 1001 4530 suerint
1024 4471 1166 4546 flagitiosi,
1184 4469 1235 4528 sed
1256 4469 1335 4546 quod
1350 4471 1469 4528 maxima

268 4566 305 4604 ex
319 4555 399 4620 parto
414 4550 539 4625 cormpti
555 4549 667 4623 inerint,
683 4559 727 4609 ast
742 4571 902 4628 supponere
917 4551 1007 4624 gratis
1022 4551 1097 4627 qnod
1121 4549 1300 4626 probandum
1316 4561 1369 4610 est.
1400 4549 1465 4606 Naro

197 4701 202 4704 -
267 4624 433 4697 hyperbolis
448 4627 563 4689 domurn
577 4629 658 4690 loeus
673 4639 716 4690 est
740 4631 769 4688 in
784 4630 881 4704 aacris,
910 4630 958 4688 nbi
974 4629 1062 4690 verba
1086 4630 1123 4688 ad
1147 4631 1259 4690 literani
1284 4637 1409 4707 accepta,
1427 4629 1466 4688 vel
