3174 5174
163 319 166 324 ·
249 303 308 360 446
743 313 835 358 rocus
850 313 971 358 sexsus.
1262 294 1396 376 {cumen
1413 315 1462 354 ιιι.

246 458 333 520 modo
342 459 456 534 passive
468 457 523 536 p'ro'
534 457 598 536 ipss
612 457 811 535 complexione
831 463 861 516 et
880 449 1069 534 dispositione
1089 475 1242 518 csussrum
1262 455 1394 514 omnium
1415 455 1460 516 ed

249 558 318 600 suos
331 538 459 615 effectus,
475 547 562 616 prout
575 557 592 596 e
607 535 861 615 Dei-providentis
879 535 1053 595 immutabili
1072 535 1217 630 pendent3
1239 543 1269 594 et
1288 533 1331 610 its
1351 533 1461 594 (listin-

249 619 349 697 guitur
362 617 399 676 eb
413 627 535 694 es,'tum
548 618 660 676 retions
678 619 798 693 sub’ccti,
824 618 894 694 quie
916 615 1105 674 Providentia
1126 623 1172 674 est
1191 616 1223 673 in
1249 613 1320 690 Deo,
1348 615 1462 674 Fctum

249 717 320 758 vero
334 717 352 756 e
366 698 430 756 Deo
444 698 474 754 in
488 695 584 756 causis
598 695 742 771 secundis
757 705 820 756 tum
839 693 951 756 ratione
965 697 1082 770 ecem,
1097 695 1166 772 quin
1186 695 1293 753 Fctum
1313 713 1331 752 e
1353 693 1464 754 Provi-

250 778 349 838 dentis
368 775 484 854 pendet,
506 793 565 837 non
579 785 698 853 contre;
720 785 782 836 tum
796 778 906 852 obiecto,
927 775 997 852 quis
1018 774 1213 833 Providentiae
1234 771 1331 832 omnis
1356 773 1463 852 subje-

251 867 325 930 cent,
342 855 465 915 sednon
481 857 564 931 Fato,
579 875 615 914 es
627 865 706 934 putee
721 875 787 933 qun
801 875 819 914 e
833 856 897 914 Deo
911 853 1077 914 immediate
1090 853 1172 913 fiunt.
1214 855 1348 913 Boetius
1361 853 1416 912 lib.
1427 873 1461 913 v.

251 937 288 996 de
302 936 437 995 Consule.
453 935 564 994 Philus.
580 934 622 994 sic
635 935 745 1009 definit,
761 937 907 994 Inboercns
920 935 1002 993 rebec
1015 933 1160 993 motibhue
1179 933 1324 992 immobile)
1338 932 1462 1010 curpett

251 1017 298 1094 c‘o,
309 1035 366 1091 per
379 1034 466 1092 quom
480 1015 576 1074 diuina
590 1015 773 1073 Prouidentia
786 1015 843 1073 rub
856 1033 973 1090 qumque
986 1016 1071 1072 nectit
1082 1013 1234 1072 ordimbrc.

293 1095 368 1154 VII.
391 1095 490 1172 Atque
512 1095 580 1153 hinc
595 1094 678 1153 lscile
693 1091 847 1172 colligitur,
864 1094 936 1171 quid
949 1093 1183 1172 respondendum
1205 1093 1243 1152 sit
1261 1091 1300 1150 etl
1314 1091 1464 1166 Questio·
1574 1113 1575 1116 ¹

252 1195 318 1234 nem
332 1175 527 1252 propositem3
552 1174 600 1232 An
615 1173 804 1233 Providentia
816 1181 894 1232 recte
908 1173 1021 1232 dicetur
1036 1173 1150 1249 Fctum,
1166 1171 1215 1230 vel
1238 1169 1288 1229 An
1302 1189 1374 1230 voce
1389 1169 1464 1268 ren

251 1255 325 1312 bene
338 1254 484 1331 possimus
497 1254 540 1312 uti
554 1254 585 1311 in
609 1253 665 1312 hoc
689 1261 869 1330 argumento.
912 1253 995 1311 Licet
1016 1253 1093 1311 enim
1116 1269 1188 1311 seno
1212 1269 1300 1310 sensu
1323 1267 1462 1328 usurpem

251 1332 451 1407 concedemus,
468 1353 521 1391 nec
536 1333 671 1410 cuiquem
684 1341 836 1410 propterea
848 1332 930 1392 litem
944 1331 1144 1391 intentsndsm
1163 1349 1226 1390 esee
1247 1329 1410 1406 credemus,
1435 1331 1463 1390 si

252 1411 287 1470 de
301 1431 332 1470 re
346 1411 410 1488 ipse
423 1420 545 1487 constet,
561 1419 591 1470 ct
613 1412 686 1470 nihil
710 1412 790 1472 uliud
814 1413 869 1470 hec
893 1429 973 1486 voce,
997 1429 1085 1488 quem
1109 1411 1200 1468 fetum
1220 1410 1419 1469 otthonum
1442 1431 1463 1469 s

251 1490 336 1550 nobis
359 1493 422 1568 jam
443 1493 506 1568 jem
527 1493 693 1569 expositum
717 1491 915 1568 intelligetur3
947 1491 1051 1550 'lutius
1073 1499 1172 1550 temen
1194 1489 1368 1548 arbitramur
1391 1507 1462 1549 cum

253 1570 374 1629 Calvino
387 1570 439 1629 lib,
453 1571 472 1628 i.
489 1570 572 1629 Iusti.
588 1591 613 1630 c.
631 1574 677 1630 16.
693 1589 716 1629 s.
732 1573 760 1647 8,
786 1573 823 1629 eb
846 1572 901 1628 heo
914 1587 987 1629 voce
1008 1570 1152 1630 obstinere
1174 1569 1205 1626 in
1229 1567 1344 1628 Schelle
1359 1569 1462 1628 Chris·

251 1650 347 1709 tinnis.
391 1649 497 1723 Primo,
508 1649 577 1727 quie
591 1649 716 1710 Ethnice
730 1651 933 1728 superstitione
948 1657 977 1709 et
986 1650 1138 1727 'impietate
1152 1657 1197 1708 est
1209 1649 1415 1722 connminetn,
1431 1653 1463 1708 et

252 1738 297 1788 est
311 1747 349 1786 ex
362 1747 460 1787 esrum
475 1745 605 1804 numero,
620 1747 742 1808 querum
755 1729 891 1807 prusenus
905 1729 1050 1789 novitates
1063 1728 1195 1805 refugere
1208 1745 1263 1786 nos
1273 1727 1361 1806 jubet
1382 1727 1461 1788 Peu-

252 1809 308 1867 lus.
352 1807 494 1884 Secundo,
508 1809 577 1886 quis
597 1809 785 1887 opportunior
805 1818 851 1869 est
870 1809 1022 1868 columniis
1044 1807 1297 1883 Adversariorum,
1321 1807 1459 1885 quicum

252 1887 369 1947 nomine
383 1888 470 1948 etism
482 1887 643 1948 doctrinam
656 1889 750 1967 ipsem
763 1907 816 1949 nos
830 1889 974 1966 recepisse
988 1888 1184 1962 criminentur,
1200 1895 1230 1946 et
1250 1887 1292 1946 sio
1306 1889 1372 1965 ejus
1391 1886 1458 1946 odio

253 1976 395 2027 conentur
409 1987 531 2046 gravere
557 1969 612 2027 Dei
626 1969 787 2028 veritatem.
830 1968 892 2027 Nec
914 1967 1015 2028 ecdem
1035 1975 1215 2046 potestesse
1235 1967 1311 2025 ratio
1324 1965 1463 2025 vocebnli

255 2047 460 2123 Providentiae,
477 2047 555 2125 quod
569 2049 656 2108 etiem
671 2048 804 2109 Ethnicis
817 2056 987 2126 usurpatum
1002 2057 1048 2106 est
1060 2047 1099 2106 ed
1118 2047 1258 2124 figmento
1280 2065 1334 2105 sue
1357 2045 1463 2106 confir·

255 2127 371 2202 mendo,
388 2128 456 2204 quie
470 2129 527 2186 hoc
541 2127 571 2186 in
587 2128 735 2207 Scriptum
749 2129 812 2206 ipse
825 2127 957 2204 truditur,
973 2127 1065 2186 fetum
1079 2145 1149 2187 vero
1163 2145 1357 2204 nequaquem.
1388 2123 1462 2186 Hec

255 2205 310 2267 fuit
325 2206 486 2284 Augustini
500 2209 652 2283 sententis,
666 2209 717 2268 lib.
733 2207 772 2267 V.
787 2208 823 2268 de
838 2209 910 2268 cl).
927 2229 951 2267 c.
967 2209 986 2267 i.
1001 2208 1037 2266 Si
1048 2208 1110 2284 quis
1122 2207 1214 2283 mecm
1227 2207 1287 2264 Dei
1293 2213 1463 2282 potestatem
1574 2291 1575 2300 ἱ

253 2289 299 2344 ‘vet
310 2287 550 2361 wlcntctcmfcti
555 2289 671 2346 *nemrim
684 2289 818 2365 appellet,
833 2289 998 2348 eentmtnm
1013 2295 1114 2365 teneat,
1126 2287 1251 2363 ὶιιιφιιαπι
1265 2287 1404 2364 corripe&

724 2523 919 2600 cumerio
941 2525 1002 2610 ιιι.

647 2701 688 2742 ns
702 2700 832 2764 oncscro
845 2700 1068 2746 metrumne.

254 2841 303 2899 An
316 2839 412 2900 omnia
423 2839 529 2900 ertbeint
537 2843 723 2921 Proeidcntoe,
740 2852 798 2903 tom
812 2839 936 2921 minima,
952 2863 1039 2921 qnam
1052 2844 1189 2920 maxine,
1201 2853 1259 2904 tum
1273 2844 1463 2922 continpcntr'c

479 2924 615 3001 ctlrbm,
631 2924 1112 3024 quamcctcpbbetnecescwict
1157 2923 1217 2983 Aff.

282 3145 303 3191 0
361 3146 367 3158 ,
563 3084 588 3142 1.
611 3082 732 3144 Occasio
747 3082 921 3158 Questionis
935 3083 1027 3143 oritur
1040 3103 1078 3174 gx
1091 3081 1136 3159 iis,
1153 3083 1203 3160 qni
1215 3079 1286 3141 licet
1300 3081 1461 3141 Providen-

305 3159 383 3192 ΜΟ
396 3145 475 3196 ‘²³⁸⁵'
522 3163 593 3222 tism
622 3163 678 3222 Dei
700 3159 854 3223 videsntur
881 3180 1047 3241 agnoscere,
1076 3182 1141 3222 sem
1168 3172 1265 3222 temen
1289 3161 1462 3221 arctioribus

338 3205 421 3250 nonu.
521 3242 663 3302 limitibus
677 3261 764 3320 quem
777 3262 830 3320 per
853 3251 898 3302 est
919 3242 1080 3319 includunt,
1106 3242 1176 3302 dum
1198 3261 1261 3301 cem
1275 3241 1326 3300 vel
1347 3241 1386 3300 sd
1405 3261 1461 3300 οω-

254 3319 342 3379 lentie
355 3328 468 3380 tentum
482 3323 669 3400 restringunt,
684 3330 718 3382 ut
743 3325 773 3381 in
788 3323 992 3382 sublunaribus
1005 3324 1087 3383 locus
1112 3323 1151 3382 sit
1174 3321 1253 3381 cauri
1278 3330 1308 3381 et
1329 3321 1462 3397 fortuna

254 3417 291 3456 ec
306 3400 512 3476 contingentiae
526 3419 630 3476 rerum,
645 3410 680 3460 ut
700 3401 904 3480 Peripatetici3
926 3402 984 3462 Vel
1005 3402 1043 3462 sd
1064 3401 1232 3462 sublunarie
1252 3402 1340 3462 etism
1360 3409 1461 3460 exten·

256 3477 339 3552 dunt,
355 3477 407 3535 ssd
421 3479 572 3553 naturalia,
588 3499 646 3538 non
670 3480 763 3539 libere
777 3489 806 3540 et
820 3481 1026 3560 contingentis,
1041 3490 1075 3541 nt
1089 3479 1247 3559 Pelsgisni,
1263 3481 1315 3559 qui
1332 3490 1368 3540 nt
1387 3479 1461 3540 fece·

256 3564 322 3615 rent
336 3557 468 3615 homines
482 3557 597 3633 liberos,
613 3559 744 3619 lecerunt
765 3561 868 3620 sscrile
909 3579 941 3638 s;
963 3562 1021 3621 Vel
1045 3561 1083 3620 sd
1107 3580 1154 3620 res
1178 3577 1299 3639 magnes
1324 3559 1461 3635 rclsrrmt,

256 3635 366 3696 vilibus
380 3643 409 3695 et
422 3637 542 3696 minutis
556 3637 624 3696 inde
638 3639 790 3716 exemptis,
805 3657 864 3718 quo
897 3647 964 3719 post
976 3640 1191 3720 Peripateticos,
1206 3642 1364 3701 voluerunt
1376 3639 1464 3700 etiem

255 3715 375 3794 quidem
389 3735 429 3775 ex
445 3716 640 3792 Scholasticis,
655 3726 686 3778 et
699 3719 827 3780 Thomas
840 3720 989 3798 imprimis,
1003 3721 1055 3799 qui
1068 3721 1087 3779 i.
1102 3741 1130 3799 q.
1145 3725 1194 3797 23,
1210 3720 1291 3780 srtic.
1306 3723 1335 3796 t,
1351 3720 1463 3796 usserit,

258 3795 454 3874 “quodlicet
469 3797 549 3856 Deus
563 3798 637 3857 sciet
657 3817 808 3858 numerum
822 3799 1046 3878 individuorum,
1061 3817 1197 3860 numerus
1211 3809 1309 3860 tumen
1326 3800 1416 3860 boum
1434 3807 1464 3857 et

256 3875 392 3951 culicum,
407 3876 573 3936 stallorum
587 3877 755 3956 hujusmodi
774 3897 833 3938 non
854 3879 893 3940 sit
911 3879 1121 3958 praeordinatus
1142 3899 1160 3940 s
1181 3881 1275 3940 Deo.”
1317 3879 1381 3939 Noe
1394 3895 1463 3938 vero

254 3956 356 4014 omnin
369 3957 432 4016 sine
453 3957 632 4035 exceptione,
655 3958 717 4018 sire
738 3959 875 4034 coelestis,
898 3959 960 4018 sive
981 3959 1157 4034 sublunaris,
1180 3960 1242 4019 sive
1262 3977 1380 4037 magne,
1402 3959 1463 4018 sive

258 4053 358 4112 perro,
375 4036 438 4096 sive
462 4035 547 4113 bone,
564 4038 626 4097 sive
650 4039 735 4113 mels,
751 4038 814 4098 sive
834 4039 996 4098 necessarie
1017 4047 1047 4098 et
1066 4039 1217 4115 neturulin,
1240 4039 1303 4098 sive
1323 4039 1417 4098 libere
1434 4043 1464 4096 ct

257 4113 467 4193 contingentis,
484 4117 679 4177 Providentiae
693 4117 800 4177 divine
814 4118 933 4178 subesse
947 4119 1100 4194 credimus,
1116 4127 1150 4178 ut
1163 4119 1237 4178 nihil
1249 4117 1281 4178 iu
1295 4137 1394 4178 rerum
1413 4135 1462 4176 ns

256 4201 323 4254 tura
336 4195 430 4272 possit
442 4193 506 4254 deri
519 4196 568 4256 vel
581 4197 706 4274 evenire,
722 4196 800 4274 quod
814 4197 852 4256 sb
866 4217 901 4257 es
910 4217 968 4257 non
1018 4197 1116 4258 ndeat.

337 4339 343 4352 ,
559 4276 602 4335 11.
625 4278 765 4336 Rationes
778 4285 854 4336 sunt.
898 4280 925 4336 1.
939 4278 1015 4354 Quis
1029 4279 1111 4338 Deus
1124 4276 1221 4337 omnic
1234 4275 1363 4342 creavit:
1384 4275 1463 4354 Ergo

271 4337 484 4444 Offidfflm
518 4364 548 4415 et
568 4357 665 4414 omnia
685 4365 775 4416 curat.
818 4357 893 4418 Num
918 4357 1022 4416 siDeo
1046 4357 1205 4435 gloriosum
1225 4357 1281 4417 tuit
1301 4377 1337 4417 ee
1357 4375 1462 4430 creme,

517 4436 688 4512 probrosum
702 4455 761 4494 non
774 4435 862 4496 debet
882 4456 945 4497 esse
962 4437 1007 4496 illi
1027 4457 1062 4497 ee
1082 4457 1192 4497 curere.
1234 4437 1299 4496 Imo
1319 4445 1354 4496 ut
1374 4435 1464 4495 eemel

255 4514 374 4588 creavit,
390 4515 527 4575 continuo
542 4535 712 4574 conservare
727 4523 756 4575 et
775 4535 875 4592 regere
895 4525 1017 4592 tenetur,
1033 4517 1176 4596 siquidem
1191 4517 1272 4576 Deus
1291 4535 1366 4594 opus
1380 4533 1464 4575 suum

257 4607 404 4664 nunquam
417 4593 533 4668 deserit,
551 4595 601 4652 sed
616 4595 658 4652 illi
672 4603 810 4672 perpetuo
825 4595 926 4656 edesse
941 4595 1035 4674 debet,
1051 4615 1087 4658 no
1102 4597 1131 4656 in
1145 4597 1266 4658 nihilum
1282 4597 1437 4656 relabetur.
