3044 5180
710 355 801 395 nocue
815 351 959 403 oussrus.
1250 329 1373 412 [eumer.
1386 349 1434 392 rx.

702 573 897 649 cumerio
920 571 981 630 rx.

590 751 630 792 DE
651 749 944 792 monumentorum
957 747 1097 790 omero.

238 892 285 952 An
302 894 441 970 Objcctum
450 893 710 953 stoedestinatiom's
722 893 758 950 sit
771 893 852 950 horno
865 890 1002 966 creabitis,
1017 898 1069 948 out
1084 888 1175 947 tabum
1185 911 1199 961 ,·
1218 888 1268 946 An
1280 907 1345 948 occu
1358 889 1442 946 tomo

488 975 622 1049 conditus,
638 982 666 1032 ct
678 974 796 1050 lapsus!
818 971 902 1031 Prius
916 989 993 1048 neg,
1009 970 1112 1028 Postcr
1124 965 1197 1028 sffir.

541 1133 567 1192 1.
583 1133 741 1210 Postquam
755 1131 791 1190 dc
802 1129 1059 1190 Prodestinationc
1073 1127 1257 1204 Angelorum
1265 1125 1374 1186 dictum
1388 1137 1443 1202 est,

269 1197 451 1302 mm&
502 1211 552 1271 Ad
578 1211 863 1271 Prodestinstionem
885 1209 1034 1269 hominum
1055 1216 1099 1268 est
1121 1206 1316 1266 veniendcmr
1346 1207 1446 1265 Prima

400 1287 407 1300 '
501 1293 623 1370 questio
643 1290 760 1369 respicit
780 1291 843 1368 ejus
865 1291 1013 1366 Objcctum,
1035 1289 1111 1348 circs
1131 1287 1218 1365 quod,
1240 1285 1313 1362 quie
1330 1287 1447 1346 uniens

240 1369 368 1448 ipsorum
382 1373 469 1430 etiem
484 1372 717 1432 Orthodoxorum
732 1369 890 1446 sententie,
905 1369 992 1446 psulo
1006 1367 1170 1427 distinctius
1183 1366 1221 1424 de
1241 1385 1278 1426 so
1299 1365 1444 1444 egendum

241 1459 294 1510 est.

284 1530 326 1589 11.
348 1531 414 1590 Non
435 1531 574 1609 queritur
594 1529 769 1608 simpliciter,
788 1530 938 1596 Quodnam
960 1527 998 1586 sit
1018 1520 1165 1604 objectum
1179 1523 1447 1584 Prodestinstionis

240 1608 351 1669 ratione
364 1619 492 1685 neturoe3
515 1611 635 1670 Constat
649 1609 725 1668 enim
738 1609 786 1667 hic
806 1609 855 1686 egi
876 1607 912 1666 de
933 1625 1038 1684 genere
1058 1607 1193 1679 hnmano,
1215 1624 1275 1663 non
1290 1604 1445 1682 Angelieo,

240 1687 277 1748 de
291 1709 349 1768 quo
364 1709 449 1768 supre
459 1691 568 1749 dictum
582 1698 643 1765 eet;
661 1689 719 1748 Sed
732 1687 824 1755 Quoto
834 1687 907 1746 illud
922 1688 960 1746 sit
973 1687 1084 1746 ratione
1098 1684 1255 1764 qualitatis,
1266 1684 1306 1742 id.
1322 1685 1447 1761 qusliter

241 1768 328 1828 homo
343 1770 540 1830 consideratus
554 1771 593 1829 sit
612 1769 642 1827 in
656 1777 752 1828 mente
766 1769 823 1827 Dei
836 1767 1075 1845 predestinentis,
1090 1774 1121 1825 et
1133 1765 1241 1842 quibus
1256 1764 1447 1842 qualitatium

242 1849 367 1908 vestitus
378 1872 386 1926 ;
409 1850 459 1908 An
472 1859 538 1909 ente
553 1849 734 1924 creationem,
746 1856 775 1908 st
788 1849 910 1925 lapsum,
926 1847 976 1905 An
989 1865 1059 1906 vero
1071 1853 1148 1923 post.

285 1928 346 1990 111.
370 1929 526 1990 Sententiae
540 1929 754 2006 'theologorum
767 1926 804 1986 sd
818 1935 877 1986 tres
891 1925 1006 1985 ordines
1019 1933 1141 2003 possunt
1153 1923 1263 1982 referri.
1286 1923 1351 1982 Alii
1371 1925 1446 1983 euim

243 2029 334 2086 cupra
349 2013 459 2086 lapsum
479 2009 646 2084 escendunt,
661 2007 739 2068 unde
759 2015 789 2066 ct
802 2008 1022 2084 Suprolopsosii
1040 2005 1119 2079 dicti,
1135 2004 1185 2081 qui
1205 2003 1355 2081 objectum
1371 2004 1449 2062 Prn-

241 2087 443 2148 destinetionis
456 2091 559 2148 volunt
572 2108 634 2148 csse
653 2087 871 2163 hominem,ch
891 2085 1018 2145 nondum
1036 2093 1172 2157 ereetum,
1188 2081 1238 2142 vel
1256 2083 1363 2142 scitem
1376 2103 1446 2142 non·

243 2165 313 2226 dum
328 2169 448 2246 lapsum.
491 2169 553 2226 Alii
566 2169 645 2242 infra
658 2170 787 2244 Lopeum
807 2165 993 2239 descendunt,
1009 2173 1038 2224 et
1055 2164 1201 2222 hominem
1213 2181 1273 2220 non
1286 2171 1403 2222 tantm
1418 2171 1448 2221 ut

242 2245 365 2323 lspsum,
391 2247 443 2305 ssd
465 2247 551 2305 etiem
574 2255 607 2304 ut
629 2247 808 2323 redemptum
829 2265 882 2322 per
904 2245 1057 2318 Christum,
1080 2253 1110 2303 et
1132 2244 1181 2301 vel
1202 2243 1380 2316 credentem,
1403 2242 1448 2300 vei

242 2323 430 2398 incredulum,
441 2325 587 2402 objectum
599 2325 865 2384 Prndcstinstionis
879 2333 1017 2384 statuunt
1045 2323 1108 2382 Alii
1121 2321 1249 2381 medinm
1263 2323 1448 2397 occentent·

242 2404 326 2478 lapsu
348 2403 516 2477 subsistunt,
541 2412 571 2461 et
592 2404 737 2462 hominem
759 2403 872 2480 lapsum
896 2405 960 2463 Deo
982 2402 1198 2481 praedestinanti
1221 2401 1311 2478 objici
1333 2411 1447 2478 perten-

242 2479 324 2540 dunt.
346 2479 392 2540 De
402 2481 528 2541 secmds
539 2482 681 2540 sententie
688 2491 791 2560 postes
798 2491 915 2560 segetum
930 2501 1007 2542 nunc
1020 2483 1112 2561 prims
1125 2491 1156 2542 et
1167 2481 1255 2540 tertis
1264 2481 1447 2540 excutienda

242 2567 319 2618 sunt.

283 2639 339 2698 IV.
361 2638 397 2698 In
417 2647 599 2698 antecessum
612 2659 683 2699 vero
703 2640 925 2716 observandum,
947 2641 1155 2722 qualiscunque
1176 2640 1215 2699 sit
1230 2639 1448 2718 Theologormn

241 2717 296 2776 hec
309 2718 340 2776 in
353 2727 434 2796 perte
448 2718 611 2795 diversitos,
630 2739 746 2779 monere
759 2729 856 2780 umen
877 2721 954 2800 opud
967 2730 1105 2798 utrosque
1126 2719 1240 2778 salvom
1253 2718 1324 2778 fidei
1345 2719 1447 2779 fonds·

241 2807 379 2873 mentum,
395 2808 476 2858 etex
489 2818 573 2876 equo
587 2800 660 2859 istos
674 2800 780 2877 opponi
794 2799 905 2860 exitiali
920 2800 1141 2878 Pelagianorum
1154 2808 1184 2860 et
1200 2799 1448 2876 Scmipelsginno-

241 2895 305 2935 rum
320 2878 425 2955 errori,
448 2879 523 2937 Nem
537 2888 567 2938 ct
580 2880 624 2938 illi
634 2880 684 2957 qui
697 2880 729 2937 in
742 2881 798 2939 hoc
811 2881 929 2958 negotio
942 2881 1030 2939 eitius
1043 2878 1212 2954 escendunt,
1227 2887 1258 2937 et
1270 2879 1447 2938 creationem

242 2965 293 3016 sut
305 2957 418 3036 lapsum
432 2959 557 3018 hominis
571 2959 601 3017 in
611 2959 876 3019 Prsedestinsticnis
889 2959 1005 3018 decreto
1017 2959 1178 3033 includunt,
1188 2967 1218 3018 et
1228 2958 1279 3036 qui
1293 2967 1448 3037 utrumque

243 3047 416 3115 supponunt,
432 3039 462 3097 in
476 3059 511 3098 co
525 3057 625 3098 omncs
636 3040 819 3112 conveniunt,
831 3039 909 3116 quod
922 3038 1053 3097 homines
1064 3039 1127 3096 Deo
1136 3057 1235 3114 pares,
1250 3057 1311 3096 non
1323 3039 1449 3115 nepem

243 3115 393 3193 objiciunt,
406 3127 435 3178 st
448 3118 522 3178 tales
536 3139 659 3197 quorum
673 3119 808 3179 discretio
826 3139 844 3178 s
858 3119 920 3178 solo
935 3119 998 3176 Deo
1007 3117 1149 3195 pendeat,
1165 3117 1447 3194 equotundsmento

242 3195 381 3255 recedunt
396 3217 495 3256 omncs
510 3199 633 3259 sectarii.

283 3273 322 3332 V.
345 3275 427 3334 Licet
440 3296 510 3335 vero
523 3297 583 3335 non
597 3277 777 3336 incommode
788 3277 910 3355 gemines
923 3275 1006 3334 istius
1020 3275 1171 3336 sententie
1184 3275 1353 3334 concilietis
1366 3275 1446 3336 insti·

243 3356 341 3408 tuetur
354 3371 371 3409 s
385 3353 567 3430 quibusdem,
583 3376 621 3414 ex
641 3357 751 3430 latiore,
767 3357 816 3415 vel
836 3355 978 3414 strictiore
996 3357 1078 3414 vocis
1093 3354 1364 3414 Prudentinstionis
1383 3375 1446 3430 usu,

242 3429 548 3569 iiiiii‘i‘ii'i‘i
555 3435 810 3592 iiffiiffi
821 3432 1447 3574 pppmppppmffispffl

242 3593 290 3644 tur
299 3585 446 3647 decretum
457 3589 494 3647 tle
505 3592 630 3649 creando
640 3535 770 3668 hominm}
778 3603 807 3652 et
819 3593 1012 3672 permittendo
1022 3593 1087 3670 ejus
1100 3532 1213 3686 ipsc}
1229 3593 1279 3652 vci
1286 3533 1448 3670 mgnum

242 3663 280 3722 eb
294 3665 366 3742 istis,
381 3687 434 3745 pro
448 3669 569 3728 consilio
585 3671 640 3729 Dei
655 3671 691 3731 de
706 3673 856 3731 sere-endis
869 3673 1034 3731 hominibus
1055 3691 1094 3731 ex
1114 3672 1307 3746 misenccdis,
1323 3681 1354 3732 ct
1367 3673 1446 3732 dem-

241 3744 346 3804 nendis
360 3763 397 3805 ex
407 3747 531 3824 justitie,
547 3766 605 3826 quo
618 3749 706 3808 modo
726 3752 881 3811 resolvitur
899 3751 930 3809 in
944 3751 1126 3810 Eiectionem
1145 3760 1176 3811 ct
1190 3751 1446 3828 Reprobetionem,

241 3831 271 3881 ct
285 3843 337 3901 pro
351 3826 465 3902 objecto
482 3825 570 3887 hebet
583 3829 729 3888 hominem
742 3831 864 3908 lapsum.
905 3829 980 3904 Quin
999 3839 1096 3889 umen
1109 3831 1189 3908 prior
1201 3830 1253 3890 ills
1271 3831 1447 3908 significetis

240 3921 299 3961 non
313 3912 358 3963 est
371 3925 409 3964 ex
422 3925 478 3964 usu
493 3907 656 3984 Scriptura,
672 3919 703 3969 et
715 3909 865 3969 confundit
882 3927 969 3986 opere
984 3919 1095 3969 nemra
1115 3919 1146 3969 et
1158 3910 1268 3988 gretie,
1285 3910 1447 3970 Orestioms

241 3989 271 4039 et
285 3981 504 4061 Redemptionie
523 3985 670 4064 ordinem
692 3989 838 4048 lubentius
852 3989 1061 4065 acquiescimus
1075 3989 1105 4047 in
1119 3989 1272 4065 posteriori
1292 3990 1446 4062 sententie,

240 4079 328 4152 quom
344 4062 480 4138 Synodns
495 4065 680 4125 Dordnscene
694 4067 838 4144 sapienter
851 4087 888 4126 ex
903 4067 1002 4126 Verbo
1023 4067 1079 4126 Dei
1093 4067 1226 4141 sancivit,
1241 4077 1385 4145 tanquam
1399 4089 1446 4128 ve·

240 4155 354 4216 norem,
370 4149 399 4200 et
413 4142 450 4200 sd
469 4145 660 4204 conscientias
674 4145 910 4224 nunquiilendes,
932 4155 962 4204 et
983 4147 1089 4206 cavillo
1107 4147 1354 4206 Adversariorum
1369 4168 1446 4207 emo·

239 4213 344 4292 lionds,
358 4223 588 4312 commodiorem.
611 4225 685 4318 Earn
699 4243 769 4283 vero
783 4245 846 4318 esse
861 4226 1031 4284 sententiam
1044 4225 1165 4318 p'ynpdi,
1181 4245 1218 4284 ne
1231 4227 1300 4317 quis
1313 4227 1446 4286 dubitare

239 4301 1447 4460 ssssnss,tessun-nunnus,cusentinsu

240 4450 328 4508 tronis
355 4461 384 4510 et
407 4455 630 4532 Reprobetionis
653 4460 683 4517 in
697 4461 797 4518 Verbo
819 4460 876 4520 Dei
897 4461 1088 4535 revelatum,”
1112 4463 1152 4520 Et
1169 4462 1264 4521 Artic.
1281 4467 1309 4536 ⁷,
1334 4464 1446 4523 Electio

241 4519 376 4586 definitur
386 4532 591 4595 “immutabile
601 4536 657 4596 Dei
667 4539 920 4618 propositumque
930 4549 997 4600 ente
1004 4540 1191 4620 jectemnndi
1199 4541 1400 4620 fundamentn
1411 4562 1446 4601 ex
