3174 5174
116 368 228 418 ounsr.
246 347 315 429 vn]
625 365 664 404 os
678 365 812 406 suanus.
1260 353 1316 408 497

111 519 141 569 et
155 509 369 582 eminentiores,
385 515 417 566 ut
432 507 507 565 inter
521 505 670 566 Ministros
687 507 794 583 ltegios
806 505 910 565 dantur
921 507 1036 584 quidam
1049 509 1156 568 intimae
1168 510 1318 570 admissio-

109 591 166 664 nis,
190 589 270 666 quod
283 587 400 646 videtur
420 587 556 645 haustum
577 605 613 644 ex
629 585 711 644 Tobi.
735 585 784 644 xii.
803 589 847 662 15,
871 587 920 648 ubi
942 591 1075 664 liapheri
1095 589 1164 649 dicit
1179 609 1208 650 se
1225 594 1317 651 “esse

111 689 201 728 unum
216 689 255 727 ex
273 677 383 746 septem
398 667 523 744 Angelis
538 667 653 740 sanctis,
670 667 718 743 qui
736 664 862 724 referunt
882 687 981 743 preces
999 669 1176 746 Sanctorum,
1193 679 1222 730 et
1236 691 1316 750 egre-

110 749 232 808 diuntur
246 767 343 807 coram
365 747 458 824 gloria
481 746 579 805 Sancti
589 747 617 822 ;”
642 746 699 804 Sed
720 747 781 804 hrec
802 748 898 804 omnia
919 747 1056 824 figmenta
1071 759 1138 808 sunt
1158 751 1315 828 hominum,

111 829 172 888 otio
186 837 215 887 et
234 829 352 906 ingenio
373 847 425 886 suo
446 827 633 900 abutentium,
657 826 707 904 qui
723 829 740 857 “
752 834 857 884 temere
880 847 910 885 se
932 828 1066 904 ingerunt
1088 831 1117 886 in
1132 847 1165 888 ca
1179 849 1243 908 quae
1258 850 1315 891 non

111 907 257 984 viderunt,
273 907 366 966 inflati
380 907 475 966 camis
490 925 548 965 suae
564 907 679 982 sensu,'’
696 906 757 965 Col.
772 906 801 964 ii.
820 907 865 964 18.

416 987 454 1046 V.
478 987 538 1044 Nee
563 985 678 1044 difficile
696 991 739 1044 cst
759 987 814 1044 hoc
836 1005 991 1063 agnoscere
1013 989 1055 1046 illi
1077 990 1126 1066 qui
1147 1009 1207 1049 rem
1228 993 1315 1069 paulo

110 1053 159 1103 0¹¹¹
170 1067 218 1100 ”⁰¹¹
229 1057 271 1157 ἓξ,
279 1055 354 1098 ‘³³⁸⁰'
376 1067 514 1126 attentius
534 1065 710 1143 perpendere
724 1067 858 1125 voluerit.
901 1067 983 1142 Nam,
999 1077 1031 1126 ut
1046 1068 1082 1128 de
1096 1071 1233 1147 Dionysio
1254 1073 1313 1148 illo,

187 1127 243 1170 W
272 1143 277 1154 '
375 1147 425 1223 qui
447 1147 572 1205 eoelestis
593 1147 677 1204 istius
699 1145 877 1204 Hierarchiae
892 1148 995 1206 author
1015 1151 1189 1225 perhibetur,
1205 1151 1316 1230 aliquid

110 1227 204 1285 obiter
218 1228 415 1302 observemus,
438 1225 511 1284 falso
532 1245 635 1284 nomen
650 1227 830 1303 Areopeyr'trc
850 1227 894 1284 illi
915 1227 1003 1286 tribui
1024 1229 1122 1288 multis
1137 1232 1315 1308 argumentis

110 1313 243 1366 constare
264 1314 369 1382 potest,
385 1313 415 1364 ct
434 1305 508 1362 nihil
528 1307 623 1364 minus
644 1325 716 1380 esse,
738 1327 824 1384 quam
846 1307 927 1364 illum
949 1307 985 1365 de
1008 1328 1074 1385 quo,
1091 1309 1158 1370 Aet.
1179 1311 1249 1370 xvii.
1265 1315 1313 1388 34,

109 1396 208 1445 nonar
223 1387 320 1446 Lucas
335 1386 426 1444 Paulo
447 1385 614 1462 praedicanti
635 1385 799 1461 adhaesisse,
820 1386 957 1464 quiequid
972 1390 1124 1464 Baroaius,
1140 1391 1313 1468 Posieuinus,

111 1467 313 1540 Bellerrnr'nas,
328 1466 421 1524 etalii
441 1485 479 1523 cx
495 1465 654 1524 Pontificiis
674 1467 704 1522 in
719 1467 892 1524 contrarium
906 1467 1035 1542 afferant,
1051 1469 1156 1544 quibus
1170 1490 1314 1548 opponere

109 1563 273 1622 possumus,
291 1547 318 1604 1.
333 1546 434 1604 Testes
449 1545 630 1618 domesticos,
643 1545 692 1622 qui
714 1565 771 1602 non
785 1545 871 1604 modo
893 1547 1060 1606 dubitarunt
1078 1548 1114 1607 de
1134 1548 1314 1626 hujuscem-

110 1627 201 1684 menti
214 1626 346 1699 veritate,
370 1625 421 1684 scd
443 1633 472 1683 et
494 1636 592 1702 aperte
615 1625 684 1683 fassi
706 1633 774 1684 sunt
799 1626 972 1703 Dionysium
992 1627 1069 1686 hunc
1090 1627 1178 1687 alium
1199 1649 1262 1688 esse
1276 1632 1313 1688 ab

112 1705 300 1783 Areopagites,
324 1711 353 1763 et
373 1705 460 1782 longe
480 1706 676 1780 recentiorem,
699 1706 800 1781 quales
821 1715 888 1764 sunt
904 1708 1055 1782 Ouy'eturruc
1069 1708 1184 1767 Cardia.
1200 1710 1229 1767 in
1244 1709 1312 1770 Aet.

110 1785 192 1859 xvii,
218 1784 352 1845 (iodellus
371 1785 534 1862 Episcopus
548 1785 728 1860 Veneicnsis,
750 1785 818 1844 hist.
841 1787 952 1844 Eccles.
969 1787 1056 1846 Galli.
1078 1789 1097 1847 l.
1118 1789 1136 1847 i.
1157 1808 1203 1848 an.
1224 1810 1248 1849 e.
1264 1791 1312 1865 99,

111 1865 194 1942 cnjus
209 1864 299 1923 verba
313 1865 426 1939 referre,
442 1866 510 1941 quia
530 1866 629 1942 paucis
643 1865 734 1923 multe
748 1865 984 1942 complectuntur,
1000 1885 1057 1924 non
1078 1868 1197 1945 pigebit
1239 1871 1259 1904 “
1269 1869 1314 1928 De

111 1944 222 2020 libris,''
236 1945 341 2022 inquit,
365 1947 383 1978 “
394 1946 444 2022 qui
467 1945 602 2021 Dionysii
622 1944 737 2003 nomine
757 1945 1002 2020 circumferuntur,
1018 1947 1103 2004 valde
1118 1947 1233 2006 diversa
1247 1959 1314 2007 sunt

112 2024 260 2083 hominum
279 2024 399 2102 judicia,
421 2025 491 2082 mibi
513 2025 590 2083 docti
611 2041 684 2101 pene
704 2043 803 2083 omnes
818 2024 948 2083 dubitare
963 2025 1106 2099 ridentur,
1122 2045 1159 2084 an
1173 2047 1241 2086 vere
1256 2028 1314 2087 sint

113 2104 266 2180 Dionysii3
282 2105 382 2181 negari
396 2104 524 2181 profecto
538 2125 596 2163 non
610 2111 713 2182 potest,
729 2105 800 2181 quin
814 2104 851 2162 ab
866 2103 1028 2182 Apostoliei
1049 2105 1128 2163 illius
1145 2107 1234 2165 seculi
1245 2107 1312 2164 sim-

109 2184 239 2260 plicitate
262 2203 437 2260 magnopere
462 2185 499 2243 sit
522 2186 633 2244 alienus
660 2185 813 2261 Scriptoris
837 2185 939 2260 stylos,
964 2185 1126 2261 aequiorum
1151 2194 1312 2263 temporum

113 2262 322 2322 Platonismurn
337 2265 478 2338 redolens,
502 2265 553 2322 scd
574 2281 667 2341 neque
688 2263 772 2322 facile
794 2264 881 2322 fuisse
896 2265 1019 2336 videtur,
1036 2274 1068 2323 ut
1082 2265 1160 2324 illius
1175 2267 1239 2341 aevi,
1254 2287 1312 2344 quo

111 2344 219 2402 vixisse
234 2345 339 2403 author
352 2343 465 2418 dieitur,
482 2344 613 2403 Ecclesia
624 2358 723 2402 omnes
737 2343 801 2402 illas
813 2343 990 2402 caerimonias
1000 2345 1061 2421 jam
1073 2346 1225 2424 usurparit,
1241 2365 1314 2424 quas

15 2439 16 2490 j
30 2417 35 2427 “
109 2423 158 2482 ille
167 2430 266 2482 narrat
276 2431 362 2499 etque
374 2424 493 2500 exponit
503 2423 766 2502 mirabiliter,·quod
777 2441 839 2482 eam
850 2424 1030 2501 ffisciplinam
1038 2433 1066 2482 et
1075 2425 1112 2482 ab
1123 2425 1205 2484 initio
1216 2427 1313 2485 statim

110 2509 215 2563 coo‘rtee
236 2503 451 2582 persecutiones
470 2504 617 2562 observari
638 2505 853 2582 prohibuerunt,
876 2513 905 2563 et
920 2504 1011 2564 serius
1031 2524 1132 2563 revera
1152 2506 1312 2566 institutam

110 2583 198 2642 fuisse
223 2584 471 2660 exscriptoribus
493 2585 658 2660 appareat.'’
701 2585 736 2641 ln
761 2584 860 2643 eedem
883 2592 950 2644 sunt
974 2585 1116 2643 sententia
1137 2583 1311 2662 simmacus,

110 2663 224 2722 dissert.
240 2662 277 2721 dc
292 2663 405 2721 duobus
420 2663 542 2741 Dionys.
558 2683 619 2740 cap.
636 2659 663 2722 8³.
699 2665 835 2738 Petaurus,
848 2663 900 2722 To.
916 2665 956 2723 iii.
971 2665 1071 2723 Theol.
1088 2665 1201 2742 dogma.
1217 2667 1267 2726 lib.
1283 2667 1312 2727 ii.

110 2761 173 2820 cap.
189 2748 215 2801 l.
254 2745 407 2818 manopera
429 2743 568 2801 Serbonae
588 2744 698 2802 Doctor
717 2745 747 2800 in
762 2745 823 2802 vita
845 2745 966 2821 Dionys.
989 2745 1096 2822 Areop.
1131 2747 1263 2804 Moribus
1277 2745 1312 2804 de

110 2822 190 2881 Ordi.
213 2843 241 2899 p.
264 2823 294 2880 ii.
316 2843 340 2880 e.
366 2825 390 2896 l,
414 2823 520 2898 etalii,
543 2831 576 2882 ut
597 2824 643 2882 hie
664 2825 827 2899 Erasmurii,
856 2826 975 2896 Vallum,
999 2826 1195 2900 Rhodiyinum,
1218 2827 1312 2884 Nicol.

15 2959 16 2968 ,
111 2903 247 2977 Febrem,
264 2911 293 2961 et
306 2903 404 2979 plures
419 2903 492 2961 alios
505 2905 563 2961 non
577 2921 750 2978 recenseam,
766 2904 815 2979 qui
830 2901 907 2960 idem
922 2913 1103 2962 censuerunt.

15 2979 16 3040 Ῠ
150 2978 206 3041 vi.
231 2982 373 3056 Secundo,
392 2982 424 3040 Si
442 2983 512 3059 quid
526 2983 563 3040 ab
579 2983 756 3059 Areopagitae
770 2983 828 3040 tale
843 2983 979 3058 scriptum
993 2982 1103 3056 fuisset,
1120 2981 1239 3042 dubium
1254 3003 1312 3041 non

15 3085 16 3090 ¹
110 3070 162 3135 cst,
178 3062 280 3138 quine
301 3071 360 3120 tarn
374 3063 482 3138 multis,
503 3069 620 3139 tamque
640 3062 763 3120 diversis
784 3061 894 3121 Graecis
916 3061 1085 3137 Latinisque
1109 3061 1310 3139 Scriptoribus,

110 3143 209 3218 aliqui,
225 3143 284 3200 imo
298 3143 395 3218 piures
417 3142 504 3202 futuri
520 3143 649 3216 hilesent,
666 3142 715 3218 qui
730 3141 893 3200 istiusmodi
907 3140 982 3215 libri,
998 3148 1027 3198 et
1043 3140 1183 3199 Authoris
1197 3142 1312 3200 nomine

15 3255 16 3260 κ
110 3229 139 3280 et
154 3229 256 3299 suopte
277 3221 396 3298 ingenio
420 3241 453 3281 ec
473 3223 574 3282 merito
589 3221 815 3294 celebratissimi,
839 3221 940 3278 facturi
961 3219 1082 3278 fuissent
1104 3221 1211 3279 alicubi
1233 3241 1311 3280 men-

110 3302 227 3374 tionem,
243 3310 276 3360 ut
295 3311 324 3360 et
343 3302 465 3360 eliorum
485 3303 550 3380 ejus
571 3302 760 3379 scriptorem
783 3321 848 3359 cum
869 3308 965 3358 tamen
987 3319 1039 3376 per
1052 3301 1179 3378 quinque
1200 3302 1314 3361 circiter

111 3382 220 3455 secula,
233 3381 348 3458 pertitus
367 3381 468 3459 ignota
485 3382 599 3456 fuerint,
616 3389 645 3440 et
659 3381 783 3456 indicta,
808 3380 894 3440 Unde
908 3399 961 3439 nec
976 3381 1111 3439 Eusebiae
1132 3382 1162 3438 in
1183 3382 1311 3457 historio,

109 3479 163 3518 nec
178 3461 377 3537 Hieronymus,
392 3481 446 3520 nee
463 3462 635 3537 Gennadius,
651 3463 701 3539 qni
716 3461 855 3520 Veterum
875 3460 965 3519 libros
986 3459 1206 3538 diligentissime
1226 3463 1312 3521 collo-

111 3549 224 3616 gerunr,
240 3540 329 3598 ullam
343 3541 446 3600 horum
459 3541 599 3600 librorum
613 3543 787 3601 mentionem
803 3543 919 3600 faciunt.
962 3541 1000 3599 Et
1015 3561 1052 3599 cx
1066 3543 1186 3616 irenoeo,
1202 3544 1311 3619 Aspers-

15 3673 16 3676 ,
110 3621 175 3695 tino,
190 3621 298 3696 Gyaris>
310 3621 573 3697 Hierosolymitano,
589 3630 618 3680 et
632 3623 704 3697 aliis,
717 3621 801 3680 facile
815 3621 928 3681 ostendi
942 3629 1038 3698 potest
1051 3621 1210 3681 inauditam
1225 3621 1313 3680 fuisse

109 3709 200 3758 totam
224 3699 305 3758 illam
327 3701 473 3760 coelestem
499 3701 707 3760 Hierarchiam.
731 3701 838 3776 Tertio,
865 3703 958 3778 stylus
979 3700 1118 3759 librorum
1140 3701 1195 3758 hoc
1218 3701 1312 3776 ipsum

109 3779 268 3853 confirmat,
283 3781 333 3856 qui
347 3797 405 3838 rron
419 3785 464 3840 est
478 3782 600 3858 simplex
615 3789 644 3840 et
657 3781 846 3855 inaffectatus,
862 3780 1036 3839 conveniens
1051 3780 1174 3837 sennoni
1187 3779 1312 3854 Aposto-

110 3859 211 3933 lorum,
231 3859 280 3916 vel
295 3857 432 3918 Virorum
448 3861 691 3938 Apostolicorum,
713 3860 763 3918 sed
784 3859 925 3936 turgidus,
948 3858 1072 3932 inflatos,
1089 3867 1118 3916 et
1131 3869 1260 3934 argutus,
1283 3860 1313 3916 in

109 3955 167 4014 quo
182 3939 299 3997 Aether
322 3941 506 4000 sublimitatis
529 3941 653 4018 speciem
676 3937 827 4015 captando,
843 3939 976 3996 vitiosam
999 3936 1143 4012 quandam
1166 3937 1311 4014 grandilo-

109 4019 257 4093 quentiam
272 4023 398 4078 sectatos
413 4031 464 4095 cst,
480 4029 517 4095 et,
534 4023 565 4079 ut
579 4039 646 4078 vere
662 4019 797 4077 observat
811 4018 967 4093 Maximus,
985 4013 1027 4073 >rat
1043 4021 1215 4082 conversata
1230 4017 1313 4090 λέξω,

109 4104 195 4156 nno?
207 4122 248 4155 ro
262 4099 343 4167 aar..
360 4101 495 4177 conparis
505 4101 594 4160 umbri
608 4101 700 4157 multila
714 4099 843 4157 obscurat
854 4117 1016 4173 sermonen,
1032 4107 1062 4154 et
1075 4105 1212 4156 consueta
1226 4105 1312 4174 atque

109 4197 163 4235 usu
179 4177 319 4237 Ecclesiae
334 4189 448 4258 recepta
472 4181 614 4239 vocabula
629 4177 757 4239 studiose
777 4177 892 4254 refugit,
914 4185 1051 4254 tanquam
1072 4177 1110 4235 ed
1130 4177 1211 4235 illum
1226 4197 1312 4256 quem

108 4259 258 4334 quaerebat
282 4257 355 4330 lyco
377 4276 478 4338 parurn
493 4260 686 4334 accomodata,
707 4259 736 4316 in
751 4259 848 4316 verbis
862 4257 1014 4335 lingendis,
1030 4257 1060 4314 in
1074 4256 1209 4334 epithetis
1223 4277 1311 4334 expo·

107 4337 221 4412 liendis,
239 4339 268 4395 in
284 4341 416 4398 sensibus
431 4340 650 4417 exaggerandis,
663 4347 692 4398 et
703 4357 833 4398 sermone
848 4345 908 4396 toto
919 4337 956 4396 ad
970 4354 1103 4416 pompam
1115 4337 1313 4416 componendo

107 4419 291 4492 potissimum
305 4419 448 4494 laborans,
465 4441 484 4478 a
496 4439 552 4497 qno
564 4419 660 4479 studio
672 4419 857 4498 Apostolicos
867 4417 953 4476 Viros
964 4415 1118 4494 plurimum
1130 4417 1312 4476 abhorruisse

107 4507 231 4556 constat.
276 4498 393 4574 Quarto,
410 4501 439 4557 in
460 4501 490 4559 li'.
506 4500 542 4560 de
558 4501 671 4558 Hieran
687 4501 750 4559 coel.
766 4499 857 4557 multa
871 4498 971 4556 scribit
985 4496 1020 4555 dc
1037 4499 1165 4574 Tempta,
1181 4497 1217 4555 dc
1232 4497 1311 4556 Arra-

107 4576 191 4652 ribrrs,
209 4577 246 4636 de
261 4579 345 4638 Locis
359 4579 464 4656 Sacris,
481 4581 517 4639 dc
534 4581 636 4656 Olore,
653 4579 689 4638 de
705 4579 913 4640 Cutechumenr's
934 4583 1017 4637 extra
1038 4577 1114 4636 iores
1128 4577 1241 4655 Templi
1255 4587 1311 4637 sta·

105 4658 233 4733 tuendis,
250 4675 315 4734 quse
336 4661 433 4719 locum
454 4661 560 4719 habere
581 4679 637 4717 non
662 4667 794 4738 poterant
808 4668 891 4719 aetate
906 4659 967 4718 veri
989 4657 1132 4735 Dionysii,
1148 4679 1213 4718 cum
1228 4654 1312 4736 c'oge-

1069 4743 1113 4799 21
