3152 5178
230 375 287 432 162
711 391 803 432 rocus
817 391 952 434 renerus.
1267 369 1395 452 [eumer.
1413 390 1449 429 rr.

230 541 308 610 cunt,
323 533 400 593 unde
414 532 481 592 telis
495 541 587 592 terror
601 532 670 590 oriri
683 541 782 610 posset
795 533 853 593 nisi
866 553 904 592 ex
918 549 1006 592 sensu
1019 532 1041 592 J
1044 531 1150 592 nstitise
1165 530 1230 608 Dei,
1246 551 1311 609 quae
1325 531 1453 590 illorum

229 613 420 673 conscientias
433 633 469 672 eo
482 613 576 691 msgis
589 613 729 690 percellit,
744 633 803 691 quo
816 615 910 691 magis
923 612 1057 691 refugere
1070 621 1221 689 conentur,
1233 619 1267 672 ut
1279 611 1328 671 hic
1341 631 1455 672 revers

226 697 291 754 irio
303 719 329 753 τι
343 695 461 754 subesse
475 713 593 753 necesse
608 693 668 752 sit?

271 775 344 834 VII.
367 777 395 834 3.
411 774 486 848 Quis
508 783 568 832 tsm
590 773 666 834 clerc
689 773 815 852 scipsum
837 774 868 832 in
882 773 1026 852 Operibus
1038 772 1183 852 patefecit,
1197 779 1231 832 nt
1244 771 1376 832 homines
1398 771 1456 831 vel

230 855 376 934 palpando
398 874 464 913 eum
489 855 620 914 invenire
644 854 765 931 possint,
790 853 860 914 Act.
874 855 946 914 xvii.
961 857 1010 930 96,
1026 858 1075 930 27,
1098 862 1128 914 et
1141 873 1200 912 non
1213 853 1325 931 possint
1344 853 1456 912 oculos

231 937 341 1014 operire
356 935 426 1012 quin
439 935 513 994 tenti
526 934 653 994 numinis
672 935 809 1011 majestas
828 943 858 994 et
878 934 1015 1012 splendes
1036 953 1087 994 eos
1109 931 1208 994 stetim
1226 933 1340 992 efficiet.
1384 933 1456 992 Nec

231 1016 405 1095 particulari
419 1014 478 1098 iga,
494 1035 551 1093 que
564 1015 656 1074 utitur
670 1015 775 1092 Apost.
798 1015 828 1074 in
851 1014 971 1074 dubium
995 1023 1113 1076 revocet
1136 1014 1322 1074 revelationis
1336 1013 1455 1072 divinae

232 1095 409 1156 evidentiam
423 1107 453 1156 et
466 1095 677 1172 certitudinem,
694 1094 746 1154 sed
759 1094 798 1153 ed
810 1095 1018 1172 inquirentium
1032 1103 1178 1172 stuporem
1192 1103 1224 1154 et
1235 1093 1452 1171 negligentiam

234 1177 368 1254 pertinet,
384 1185 418 1237 nt
432 1177 500 1236 Act.
516 1175 577 1234 viii.
593 1179 641 1234 it.
685 1175 733 1236 Its
753 1175 833 1252 quod
846 1175 963 1234 additur
983 1174 1021 1234 de
1040 1175 1194 1252 praesentis
1217 1174 1283 1249 Del,
1307 1193 1366 1251 qus
1386 1193 1452 1233 non

234 1259 322 1336 longe
336 1258 413 1317 ebsit
426 1257 464 1317 eb
478 1275 652 1334 unoquoque
666 1263 806 1331 nostrum
821 1255 1041 1332 promissionem
1056 1255 1157 1332 gretise
1178 1253 1353 1332 pecrrlierem
1373 1254 1452 1314 fide·

231 1338 308 1398 libus
324 1338 380 1398 Dei
394 1337 553 1398 cultoribus
566 1355 626 1395 non
638 1341 729 1412 notet,
744 1335 796 1395 sed
809 1335 981 1396 beneficium
996 1335 1191 1395 Providentiae
1205 1335 1338 1394 omnibus
1352 1335 1451 1392 homi-

232 1419 319 1478 nibus
333 1437 485 1478 commune
499 1416 602 1476 innuit.

272 1500 364 1558 VIII.
387 1499 522 1576 Cognitis
536 1497 598 1556 haec
614 1496 671 1555 Dei
684 1496 825 1574 acquisitu
838 1495 945 1574 triplici
958 1495 1008 1556 vis
1021 1495 1096 1556 solet
1109 1495 1234 1555 obtineri
1249 1495 1450 1572 Oousalitatir,

232 1581 408 1655 Eminentius,
424 1577 598 1657 Nepationr'o.
641 1577 697 1636 Per
710 1577 789 1636 viem
805 1577 1010 1650 Camelitatis5
1030 1593 1120 1654 quum
1135 1595 1172 1635 ex
1186 1575 1297 1635 effectis
1307 1575 1451 1653 intelligi-

232 1681 297 1720 mus
320 1680 446 1736 censsm‚
472 1669 501 1718 et
523 1679 542 1716 s
560 1657 656 1717 censis
678 1654 814 1716 secundis
835 1657 1018 1718 escendimus
1040 1656 1078 1714 sd
1101 1656 1233 1734 primurn,
1257 1656 1305 1714 Ps.
1320 1657 1400 1714 xclv.
1416 1659 1449 1716 9.

233 1743 387 1801 Plantator
406 1741 497 1818 auris,
519 1759 615 1797 menon
628 1739 731 1814 medin,
755 1748 783 1797 ct
795 1741 945 1814 serenator
958 1738 1033 1798 ocati
1052 1757 1149 1796 annon
1171 1732 1346 1796 intuebitur!
1386 1736 1450 1795 Per

233 1823 311 1881 viem
336 1821 513 1896 Eminentia,
535 1817 674 1896 quicquid
688 1827 733 1878 est
749 1819 934 1896 perfectionis
955 1819 986 1877 in
999 1818 1087 1877 rebus
1100 1817 1215 1893 creetis,
1237 1818 1394 1878 eminenter
1416 1825 1451 1878 et

233 1903 291 1962 ω’
305 1905 387 1981 izozei
409 1903 473 1962 Deo
487 1899 648 1960 tribuimus.
692 1899 750 1959 Per
774 1899 852 1958 viem
876 1898 1043 1975 Nepotionis
1065 1917 1247 1956 removemus
1269 1917 1288 1956 s
1301 1897 1366 1957 Deo
1378 1917 1450 1974 quae

233 1984 478 2062 imperfectionem
492 1987 594 2040 notent
606 1981 638 2042 in
652 1981 799 2056 creaturis,
814 1987 849 2039 ut
861 1999 951 2057 quum
965 1979 1071 2038 dieitur
1084 1977 1250 2054 invisibilis,
1264 1978 1448 2053 immortalis,

234 2055 434 2125 immutabilis
475 2063 533 2120 Per
555 2061 633 2119 viem
656 2059 819 2138 negationis
845 2060 1015 2120 devenimus
1042 2057 1080 2116 sd
1107 2059 1302 2136 cognitionem
1322 2058 1449 2117 sttm'bn-

234 2154 328 2205 torum
343 2144 553 2222 negativorum.
597 2141 654 2199 Per
663 2141 741 2198 viem
753 2141 923 2216 eminentie,
940 2135 1142 2218 cognoscimus
1156 2139 1295 2198 sttribnts
1308 2138 1449 2215 positiva.

235 2225 275 2284 Et
288 2245 340 2303 per
353 2225 431 2284 viem
445 2221 622 2283 causalitetis
636 2219 819 2279 escendimus
833 2220 871 2279 sd
884 2220 1016 2279 notitiem
1030 2219 1233 2278 attributorum
1247 2219 1447 2278 relativorum.

543 2299 603 2358 IX.
626 2300 722 2375 Quum
743 2299 858 2376 dicitur,
881 2301 958 2359 Pssl.
980 2300 1042 2358 xiv.
1059 2301 1085 2358 l.
1100 2300 1222 2360 Stultum
1242 2300 1272 2358 in
1292 2302 1377 2358 corde
1396 2319 1453 2360 suc

254 2369 456 2472 Ὲωιζξῃῇιθιῑιεῦ·
497 2379 590 2438 dicere
602 2400 659 2438 oon
673 2397 731 2437 cccc
750 2381 853 2454 Deum,
876 2397 936 2439 non
948 2388 1009 2438 tarn
1030 2379 1203 2439 describitur
1219 2388 1298 2438 certe
1310 2387 1341 2438 et
1360 2379 1449 2438 firme

382 2462 389 2474 '
496 2459 645 2536 persuasio
658 2457 785 2517 hominis
806 2458 897 2518 Athei
919 2460 1015 2518 Deum
1035 2459 1179 2538 negantis,
1193 2479 1281 2537 quem
1301 2459 1449 2520 dubitatio

234 2544 263 2598 et
277 2545 397 2597 conotus
411 2537 537 2597 hominis
550 2539 632 2615 impii
653 2537 793 2598 suffecere
806 2539 926 2599 nitentis
947 2540 1023 2599 hene
1043 2539 1184 2599 notitiem.
1227 2539 1300 2598 Ideo
1312 2557 1372 2599 non
1392 2541 1448 2616 sit,

235 2619 324 2678 credit
337 2624 363 2677 et
375 2618 472 2677 ιιαιιιὶι
479 2643 491 2692 ,·
512 2617 564 2678 scd
578 2619 653 2694 dicit,
669 2617 708 2677 id.
723 2637 822 2678 seeum
835 2621 923 2680 tecite
936 2620 1073 2698 loquitur,
1089 2628 1119 2679 et
1132 2619 1189 2680 sibi
1201 2620 1375 2698 persusdere
1389 2621 1450 2680 hoc

233 2699 343 2758 nititur.
359 2702 387 2756 2.
398 2697 465 2756 Non
478 2706 574 2776 potest
586 2699 635 2758 hic
648 2699 773 2778 intelligi
787 2699 903 2760 Atheus
918 2700 1114 2778 speculetirus
1127 2699 1262 2774 dimonis,
1271 2699 1340 2777 quis
1348 2700 1449 2778 egitur

233 2778 264 2837 in
279 2797 385 2857 genere
399 2778 436 2837 de
449 2778 546 2857 impiis
559 2785 589 2839 et
601 2779 810 2858 peccatoribus,
825 2789 859 2840 ut
872 2789 986 2840 constet
1004 2801 1042 2839 ex
1056 2780 1153 2840 collot.
1167 2801 1234 2840 cnm
1248 2781 1303 2840 Ro.
1318 2780 1358 2839 iii.
1402 2781 1449 2841 At

234 2868 353 2936 certum,
367 2879 428 2918 non
440 2879 525 2938 posse
540 2875 639 2919 omnes
653 2867 819 2938 peccatores
834 2860 891 2920 diei
905 2862 962 2921 hoc
975 2879 1062 2920 sensu
1072 2860 1193 2920 Atheos.
1209 2861 1371 2920 3.Hicncn
1384 2869 1448 2920 tem

235 2939 365 3000 innuitur
377 2940 494 3018 negatio
509 2941 680 3016 existentiae,
695 2959 782 3017 quom
804 2939 1000 3001 Providentiae
1018 2941 1083 3017 Dei,
1098 2951 1131 3000 ut
1144 2949 1270 3018 petetex
1286 2941 1334 3000 Ps.
1349 2959 1381 2999 x.
1392 2941 1448 3000 ubi

235 3021 314 3100 quod
328 3021 404 3080 dixit
417 3041 446 3080 v.
461 3025 490 3097 4,
506 3021 542 3082 de
557 3021 660 3099 Impio,
676 3023 754 3099 quod
765 3021 795 3080 in
809 3022 955 3081 altitudine
968 3042 1021 3081 sna
1034 3042 1090 3081 noo
1103 3022 1227 3098 inquirit,
1238 3042 1330 3081 omncs
1338 3021 1446 3097 cogita-

235 3103 322 3162 tiones
332 3105 390 3178 ejas
400 3105 472 3178 ccc,
482 3123 538 3162 non
547 3105 682 3178 cstDcus,
695 3122 724 3160 v.
738 3105 773 3160 11
789 3101 876 3161 refert
884 3101 922 3160 sd
930 3101 1114 3180 negationem
1124 3099 1326 3176 Providentia,
1337 3103 1405 3160 dicit
1415 3103 1446 3160 in

234 3186 384 3242 cordetuo
398 3183 496 3242 oblitus
510 3193 549 3241 cst
562 3185 651 3259 Deus,
667 3183 922 3258 mondbsacicm
936 3201 1028 3259 suone
1040 3203 1097 3242 non
1109 3183 1212 3242 viden
1222 3182 1254 3241 in
1263 3191 1444 3260 perpetuum.

237 3261 316 3321 Hinc
331 3271 409 3324 recte
423 3263 571 3339 Ovvenus,
586 3261 638 3322 lib.
652 3263 694 3323 iii.
710 3263 797 3340 Epig.
811 3263 848 3322 de
863 3263 971 3322 Atheo.

396 3421 536 3498 Incipiens
549 3421 579 3481 in
592 3424 677 3481 corne
690 3443 751 3498 suo,
765 3443 821 3482 non
836 3433 876 3483 cst
888 3426 977 3499 Deru,
992 3423 1091 3500 inquit,

477 3501 571 3577 Dixit,
587 3512 615 3560 et
626 3504 679 3560 hoc
691 3505 784 3561 onitu
798 3505 918 3564 credidit
932 3504 1063 3580 incipietis
1073 3527 1086 3576 ,-

396 3579 536 3657 Insr'prsbm
549 3591 703 3658 nepotesue
717 3585 813 3642 Deum
825 3585 852 3642 si
863 3603 953 3660 nemo,
968 3585 1030 3661 quis
1044 3601 1112 3660 erpo

477 3660 583 3720 Atticm
596 3663 657 3722 oeti
677 3665 787 3742 nulum
801 3665 851 3741 qui
862 3665 928 3724 uelit
940 3683 997 3723 csse
1009 3666 1114 3724 Deum.

276 3820 319 3880 X.
342 3817 434 3880 Aliud
448 3827 492 3881 est
505 3821 633 3882 exterior
647 3823 703 3883 Dei
716 3823 842 3902 negatio,
857 3824 906 3884 vel
927 3821 1049 3884 streties
1061 3831 1174 3883 tentum
1195 3821 1333 3902 cogitatio
1347 3829 1377 3882 et
1389 3822 1443 3881 du·

234 3900 337 3962 bitetio
351 3901 388 3961 de
404 3901 467 3961 Deo
481 3923 489 3979 3
512 3902 605 3962 Aliud
624 3903 685 3963 fixe
698 3913 727 3964 et
742 3913 877 3964 constans
897 3906 928 3963 iu
949 3905 1035 3963 corde
1051 3904 1189 3982 negatio:
1231 3904 1361 3962 Priorem
1381 3902 1448 3962 deri

233 4001 318 4062 posse
332 3982 364 4041 in
376 3983 493 4042 homine
506 4003 565 4042 non
579 3983 743 4060 diffitemur,
758 3985 810 4044 sed
823 3984 1011 4063 posteriorem
1024 4003 1176 4062 negemus.

275 4063 335 4122 XI.
358 4063 503 4142 Quicquid
524 4065 649 4125 occurrit
669 4065 746 4143 apud
767 4065 915 4126 riuthores
935 4064 972 4123 de
993 4064 1182 4127 suffocatione
1199 4070 1229 4124 et
1242 4063 1448 4124 obliteratione

232 4143 352 4203 luminis
365 4141 505 4204 neturelis
519 4145 557 4204 ed
571 4145 689 4224 aliquod
705 4154 819 4224 tempus
833 4147 863 4204 iu
877 4163 1053 4223 pmcxysmc
1074 4145 1189 4220 furoris,
1204 4153 1234 4205 et
1254 4143 1395 4222 quicquid
1409 4144 1448 4204 dc

234 4223 417 4284 conscientie
431 4225 661 4302 centeriuetione,
675 4226 809 4304 lethargo
823 4234 853 4286 et
866 4223 1010 4304 ιιιιιιιηιᾳ
1028 4225 1142 4300 dicitur,
1158 4225 1258 4285 referri
1278 4243 1337 4284 non
1358 4224 1451 4284 debet

235 4301 273 4360 ed
293 4304 412 4363 totalem
433 4305 607 4384 cognitionis
627 4306 711 4366 istius
731 4306 871 4367 netumlis
891 4306 1107 4381 extinctionem,
1129 4325 1183 4365 nec
1200 4305 1238 4364 sd
1258 4325 1396 4364 mscnsus
1416 4313 1448 4364 et

233 4382 428 4456 persuasionis
443 4386 593 4445 contrnrics
606 4385 802 4448 certudinem:
823 4385 875 4447 sed
889 4386 927 4446 sd
940 4385 1173 4464 suppressionem
1181 4395 1212 4446 et
1226 4385 1447 4445 offuscetionern

234 4459 360 4535 aliquem
374 4461 491 4524 luminis
506 4465 589 4525 istius
604 4475 633 4526 et
647 4467 829 4544 cognitionis,
852 4486 910 4545 qne
923 4466 1005 4544 Impii
1023 4466 1157 4524 homines
1170 4467 1313 4525 ectnelem
1326 4464 1364 4523 de
1380 4465 1448 4524 Deo

234 4536 446 4618 cogitationem,
469 4555 610 4622 quantum
629 4546 693 4606 fieri
733 4555 808 4608 otest
821 4547 971 4626 abjiciunt,
986 4554 1016 4606 et
1036 4546 1092 4604 sibi
1112 4545 1286 4624 persusdere
1302 4553 1449 4606 coneum

232 4633 293 4674 non
307 4635 370 4677 esse
386 4620 499 4700 Decm;
521 4645 575 4685 nec
590 4627 647 4686 Dei
660 4567 777 4688 Juriicis
791 4627 950 4688 vindictum
964 4625 1094 4702 credunt,
1110 4634 1161 4686 ent
1172 4626 1396 4687 exhorrescunt.

275 4695 353 4756 XII.
375 4699 486 4762 Gentes
499 4703 635 4766 dicuntur
652 4705 725 4784 ¹item,
742 4708 818 4787 pr.
833 4707 926 4786 ule,
947 4727 1007 4768 non
1020 4705 1100 4785 qnod
1113 4705 1225 4768 nullum
1246 4725 1365 4785 prorsru
1380 4706 1445 4766 Nu·
