3158 5190
248 332 288 392 94
733 345 825 388 cocus
839 343 998 388 ssouuous.
1266 323 1393 406 [coner.
1408 343 1461 385 rx.

246 507 290 547 ναι
303 497 333 548 01
345 487 485 561 Danielis,
501 504 574 564 quos
587 485 619 544 in
632 503 783 544 numerum
792 485 999 545 Osnonicomm
1015 482 1142 542 relcnmt
1156 481 1318 542 Pontificii:
1340 483 1402 543 Nos
1413 483 1460 542 cb

247 567 298 625 illo
312 586 363 626 eos
376 564 574 641 excludimus;
596 583 654 624 non
668 563 747 642 qnod
760 564 852 624 multe
864 583 934 624 vere
947 572 977 622 et
989 563 1038 641 pic
1051 561 1087 621 iis
1102 581 1159 620 non
1174 562 1386 639 contineantur,
1400 561 1461 622 sed

247 645 326 724 quod
339 645 478 704 librorum
492 643 701 703 canonicorum
709 652 798 702 notes
812 662 870 701 non
883 642 1016 702 hcbcent.

549 722 611 781 III.
629 722 769 782 Rationes
783 729 850 781 sunt
863 720 960 780 verite.
997 723 1023 778 1.
1039 719 1113 795 Quia
1127 719 1249 778 ecclesis
1263 718 1392 779 Judeies
1404 719 1461 778 cui

246 796 297 844 ⁰¹³
323 795 394 842 ffibfl
423 797 488 854 Ape
508 801 662 861 commisse
684 808 751 860 eunt
773 801 898 879 Eloquia
920 800 984 875 Dei,
1009 799 1094 857 Rom.
1114 798 1155 855 iii.
1178 801 1206 872 2,
1229 817 1381 874 nunquam
1401 816 1459 856 eos

273 869 316 956 {17
328 853 490 956 fflfflssm
508 880 611 940 hebuit
623 899 675 958 pro
687 879 847 954 (lenonicis,
859 878 983 938 eundem
992 877 1143 936 nobiscum
1155 876 1303 935 (lenonem
1314 876 1456 951 retinens,

508 967 542 1018 ut
561 966 685 1018 testetur
695 960 804 1035 Jcaept
819 959 847 1017 c·
865 959 891 1035 1,
906 966 1006 1016 contra
1018 957 1183 1034 epponem,
1198 962 1228 1014 et
1241 954 1350 1015 fatetur
1362 956 1456 1014 Boou.

246 1037 349 1096 Manu.
366 1037 463 1096 Contr.
485 1037 515 1098 li.
533 1040 559 1111 l,
579 1057 604 1096 c.
626 1040 653 1113 1,
674 1046 705 1096 et
716 1038 840 1113 Saplcto.
861 1044 902 1095 to.
919 1039 947 1110 1,
965 1035 996 1094 li.
1011 1039 1040 1094 3.
1062 1035 1160 1093 Contr.
1182 1036 1210 1109 5,
1232 1053 1258 1092 c.
1275 1037 1325 1094 14.
1366 1033 1456 1108 Quod

245 1114 309 1174 fieri
322 1134 380 1174 non
400 1115 542 1192 petiisset
555 1115 617 1174 sine
630 1117 714 1192 gravi
728 1116 855 1190 crimine,
871 1115 895 1174 si
914 1114 981 1173 libri
995 1113 1039 1172 illi
1052 1133 1111 1172 non
1124 1113 1221 1171 minus
1233 1131 1269 1170 sc
1282 1113 1381 1171 caeteri
1393 1112 1456 1190 ipei

245 1194 402 1253 concrediti
416 1193 555 1271 fuissent;
576 1193 656 1270 quod
668 1202 765 1254 temen
784 1194 841 1271 ipsi
860 1213 914 1251 nec
927 1212 946 1251 c
960 1193 1083 1268 Christo,
1104 1211 1158 1250 nec
1178 1191 1215 1250 cb
1229 1189 1384 1267 Apostolis
1397 1209 1454 1249 un·

245 1292 333 1350 quem
354 1273 520 1350 impactum.
561 1273 662 1350 Neque
675 1273 724 1332 bic
738 1273 838 1332 Cenon
851 1271 1022 1333 Judseorum
1042 1291 1060 1330 c
1080 1271 1196 1330 Oenone
1218 1269 1455 1330 Christianorum

245 1350 387 1428 distingui
407 1351 510 1428 debct;
531 1351 600 1428 quis.
621 1351 776 1411 Christiani
796 1369 850 1411 nce
869 1359 991 1430 possunt
1012 1368 1065 1408 nec
1085 1349 1192 1408 debent
1211 1356 1364 1425 acceptare
1377 1347 1453 1406 elios

245 1429 337 1489 libros
350 1430 389 1489 V.
403 1430 438 1490 Τ.
458 1448 512 1509 pro
533 1431 693 1506 canonicis,
715 1450 802 1507 quem
822 1450 896 1508 quos
917 1437 1088 1508 occeperunt
1101 1448 1121 1487 e
1132 1427 1246 1487 Judecis
1259 1445 1362 1486 eorum
1376 1427 1451 1504 (lep-

246 1509 339 1583 scriis,
354 1517 389 1568 ut
401 1517 487 1569 vocet
501 1528 551 1568 eos
564 1510 638 1585 Aup.
660 1509 690 1566 in
705 1507 753 1568 Pe.
769 1509 820 1584 xl,
836 1510 886 1586 qui
903 1509 1073 1568 eludendus
1091 1507 1169 1566 cobis
1184 1505 1300 1566 codice
1316 1514 1450 1582 portant

245 1591 274 1647 2.
297 1587 372 1661 Quin
391 1606 533 1666 nusquam
551 1587 679 1647 citantur
698 1587 844 1646 cChristo
859 1597 888 1648 et
904 1587 1056 1664 Apostolis
1073 1592 1108 1645 ut
1128 1585 1265 1644 Canonici
1285 1603 1347 1644 non
1365 1604 1452 1644 secus

244 1685 279 1724 cc
293 1666 405 1742 coeteri,
428 1665 486 1723 imo
506 1665 576 1723 dum
597 1665 729 1724 Christus
747 1684 848 1724 omncs
861 1667 899 1725 V.
912 1666 945 1725 T.
962 1666 1074 1741 Libros,
1091 1665 1162 1724 Luc.
1176 1665 1259 1722 xxiv.
1273 1665 1324 1739 44,
1346 1662 1378 1721 in
1390 1671 1452 1722 hes

245 1744 360 1804 Classes
381 1743 512 1821 pertitur,
537 1743 655 1821 Legem,
679 1743 819 1821 Pselmos,
842 1752 872 1803 et
893 1744 1061 1822 Prophetas,
1083 1762 1142 1803 non
1161 1742 1282 1802 obscure
1301 1743 1451 1801 (lenonem

245 1822 416 1884 Judaeorum
437 1823 549 1901 probat,
571 1831 602 1882 et
622 1822 712 1881 libros
734 1822 805 1882 istos
829 1822 879 1900 qui
902 1823 954 1881 ills
976 1821 1119 1882 divisione
1141 1840 1201 1879 non
1225 1819 1411 1880 continentur
1432 1840 1452 1879 e

244 1902 362 1962 Conone
384 1900 522 1962 excludit.
574 1903 602 1961 3.
624 1899 700 1976 Quia
719 1901 850 1960 Ecclesia
873 1901 1036 1961 Chriedene
1055 1919 1108 1978 per
1131 1901 1191 1959 400
1214 1919 1307 1958 ennos
1329 1898 1450 1959 eosdem

244 1981 403 2056 nobiscum,
419 1990 449 2040 et
468 2000 528 2040 non
547 1981 620 2039 elios
639 1979 729 2039 libros
743 1980 903 2040 canonicos
917 1979 1054 2057 agnovit,
1075 1985 1156 2057 petet
1173 1998 1212 2037 ex
1226 1978 1312 2039 (lonc
1327 1979 1450 2038 Ιιαοάἰε.

244 2079 270 2118 0.
285 2062 334 2135 59,
355 2060 489 2120 Melitene
511 2058 647 2119 Serdensi
668 2060 813 2140 Episcopo
833 2059 883 2136 qui
903 2059 980 2118 vixit
999 2077 1025 2117 e.
1048 2057 1080 2118 C.
1097 2059 1142 2132 16,
1158 2059 1240 2133 apud
1250 2058 1356 2116 Euseb.
1370 2059 1450 2116 Hr'st.

242 2138 308 2197 14.
331 2159 357 2199 0.
378 2140 427 2198 25.
468 2138 633 2216 Epipnhaoio
652 2139 682 2197 in
702 2138 805 2198 heresi
827 2137 1051 2216 Epicureorum,
1072 2137 1247 2212 Hierongpno
1268 2135 1300 2193 in
1319 2135 1451 2214 Prologo

244 2217 369 2293 geleeto,
390 2217 546 2276 Athanasio
566 2216 597 2274 in
618 2218 746 2295 synopsi,
762 2214 817 2276 &c
857 2220 886 2275 4.
908 2215 983 2291 Quie
1003 2235 1058 2274 nec
1079 2215 1214 2275 authores
1235 2213 1354 2276 firenmt
1376 2215 1449 2273 Pro·

243 2295 338 2372 phetes
352 2304 382 2354 et
394 2295 460 2353 Viri
472 2294 637 2370 &irtaco-m,
653 2315 718 2354 cum
732 2295 831 2373 scripti
845 2295 903 2354 sint
914 2303 981 2372 post
990 2293 1164 2353 Malachiam
1174 2293 1308 2354 ultimum
1318 2293 1450 2372 Prophe·

243 2381 356 2448 terum;
381 2390 435 2430 nec
456 2373 572 2450 Lingua
592 2373 740 2432 Hebraico
761 2373 872 2432 excreti
895 2373 962 2448 sint,
984 2379 1018 2432 ut
1042 2373 1123 2431 Libri
1136 2372 1176 2431 V.
1198 2373 1232 2431 T.
1256 2371 1310 2430 sed
1330 2371 1447 2432 Graeca.

245 2449 332 2510 Unde
345 2450 368 2509 J
369 2450 494 2528 osephus
506 2451 572 2510 loco
586 2451 673 2510 citeto
686 2451 818 2528 agnoscit
831 2471 866 2510 ec
879 2471 944 2530 quae
958 2450 1035 2528 spud
1049 2469 1117 2511 suos
1131 2451 1238 2529 scripte
1250 2450 1368 2510 firerunt
1381 2461 1450 2528 post

244 2526 419 2586 Artaxerxis
432 2535 570 2605 tempore,
584 2547 644 2587 non
657 2531 734 2606 peris
748 2548 810 2588 esee
823 2529 892 2590 fidei
905 2538 935 2589 et
945 2531 1127 2590 authoritatis
1137 2549 1203 2591 cum
1215 2529 1449 2608 precedentibus

242 2603 286 2666 >trs
298 2611 326 2664 ‘ri
338 2609 374 2682 pti
387 2605 493 2677 portetur
505 2610 547 2669 riv
559 2633 606 2666 rm
619 2611 747 2688 πςιφητῧι
760 2613 853 2689 ingatii
865 2606 989 2686 laedones.

285 2685 341 2743 IV.
366 2685 441 2759 Quin
459 2689 545 2762 stylus
562 2695 592 2746 ct
611 2687 732 2747 materia
753 2688 905 2748 Librorum
926 2708 976 2747 eos
1000 2689 1141 2748 humanos
1160 2706 1224 2747 esse
1248 2706 1308 2746 non
1329 2687 1448 2747 divinos

243 2763 377 2839 clement,
392 2771 425 2824 ut
445 2765 562 2824 minime
581 2783 714 2842 segscem
734 2775 865 2844 oporteat
885 2786 948 2826 esse
968 2787 1044 2842 eum,
1065 2767 1116 2846 qui
1133 2786 1192 2825 non
1208 2767 1313 2826 sentiet
1335 2787 1387 2826 eos
1409 2767 1448 2827 eb

241 2841 368 2902 bumana
395 2841 538 2920 profectos
564 2843 713 2922 industris,
742 2845 811 2904 licet
835 2845 885 2904 elii
908 2845 974 2904 eliis
1001 2846 1059 2905 sint
1084 2845 1317 2925 prsestebiliores.
1370 2846 1447 2905 Nem

242 2929 434 3000 praeterquam
456 2922 535 2999 quod
557 2923 651 3000 stylus
674 2943 733 2983 non
754 2924 854 3002 resipit
876 2925 1057 3001 majestatem
1080 2931 1110 2984 et
1133 2925 1348 3002 simplicitatem
1374 2925 1447 3004 styli
1471 2955 1479 2968 ·

242 2999 343 3076 divini,
360 2999 412 3060 sed
424 3001 535 3060 redolet
548 3002 621 3061 vitis
634 3009 663 3061 et
681 3002 861 3062 infirmitctes
882 3003 991 3080 ingenii
1003 3002 1130 3080 humani,
1148 3004 1180 3063 in
1193 3003 1329 3079 venitote,
1345 3023 1445 3064 essen·

241 3079 360 3155 tatione,
389 3080 562 3158 curiositate,
585 3080 774 3160 affectatione,
803 3081 1006 3160 intempestive
1026 3081 1196 3141 eruditionis
1217 3090 1247 3140 et
1270 3082 1447 3160 eloquentie
1574 3096 1575 3100 ’

242 3157 432 3236 affectatione,
447 3180 512 3239 qnae
526 3179 585 3220 non
597 3180 662 3220 rcro
676 3170 846 3222 occurrunt:
867 3161 897 3218 in
911 3160 970 3218 illis
982 3168 1028 3219 tot
1040 3170 1149 3236 extent,
1164 3180 1223 3220 non
1236 3160 1323 3219 modo
1339 3160 1448 3220 frirolc
1573 3201 1574 3207 .

242 3245 273 3295 et
285 3237 418 3312 absurdo,
434 3239 486 3298 sed
499 3248 529 3298 et
542 3238 623 3315 feles,
638 3240 836 3318 superstitiose
848 3246 879 3299 et
888 3237 1116 3315 contradictorie,
1131 3247 1164 3298 ut
1176 3239 1260 3298 focile
1273 3247 1372 3316 petest
1385 3259 1446 3299 non

242 3313 343 3372 divine
356 3315 408 3374 sed
425 3317 550 3376 humane
568 3336 632 3376 csse
653 3319 709 3378 scri
728 3327 768 3378 tc.
809 3318 907 3377 Peuce
927 3337 943 3376 e
963 3317 1062 3377 multis
1082 3317 1184 3377 dsmm
1198 3319 1336 3377 Erromm
1351 3320 1444 3398 speci·

241 3391 328 3448 mine.
372 3395 473 3452 Poena
495 3395 677 3454 mendacium
750 3397 815 3473 gelo
837 3397 940 3456 tribuit
960 3397 1011 3473 qui
1033 3396 1125 3474 ccpitc
1147 3397 1175 3472 5,
1196 3416 1226 3456 v.
1249 3399 1295 3474 15,
1318 3397 1390 3457 dicit
1411 3417 1444 3457 se
1573 3436 1576 3447 ›

242 3467 380 3526 Azeriem
401 3469 525 3529 Ananiae
545 3471 645 3547 filium,
667 3481 697 3532 et
716 3493 779 3551 cep.
796 3476 842 3549 12,
867 3477 913 3549 15,
936 3474 1113 3552 Repheblem
1134 3473 1282 3552 Angelum
1305 3475 1443 3548 Domini:

242 3545 325 3604 Idem
339 3545 431 3623 capite
446 3551 474 3624 6,
489 3549 640 3609 consilium
654 3551 799 3626 magicum
813 3552 863 3611 det
884 3551 921 3611 de
940 3551 1068 3630 lugendo
1089 3553 1218 3614 demone
1239 3553 1319 3613 fumo
1338 3555 1444 3632 piscini

240 3624 354 3701 hepatis
365 3633 465 3684 contre
478 3625 551 3685 illud
565 3627 681 3704 Christi,
694 3629 767 3688 Met.
781 3630 853 3689 xvii.
865 3632 914 3690 21.
946 3631 1010 3690 sibi
1023 3631 1124 3692 tribuit
1137 3633 1311 3692 oblationem
1324 3652 1444 3710 precum

241 3703 293 3762 uni
306 3703 421 3762 Christo
434 3705 586 3781 propriam,
602 3725 664 3783 cap.
676 3707 727 3766 xii.
741 3709 788 3767 12.
823 3707 911 3768 Liber
920 3710 1023 3769 Judr'tlt
1032 3710 1140 3770 fectum
1152 3712 1294 3771 Simeonis
1305 3711 1442 3786 celebret,

241 3803 267 3842 c.
281 3782 322 3840 ix.
337 3784 365 3857 2,
381 3783 459 3858 quod
472 3783 602 3843 Jccobue
616 3784 682 3844 serit
695 3787 886 3863 anathemate,
902 3788 1008 3848 Genes.
1028 3789 1105 3864 xlix;
1127 3788 1237 3849 frendis
1250 3798 1280 3848 et
1293 3789 1445 3848 mendacis

241 3862 263 3922 J
264 3859 372 3920 uditbae
385 3859 492 3937 laudet,
504 3881 529 3920 0.
541 3863 582 3920 xi.
597 3881 663 3938 que
672 3865 747 3924 mele
756 3867 932 3926 conveniunt
945 3867 1061 3944 pietati,
1083 3869 1167 3945 pejus
1181 3869 1283 3943 edhuc,
1299 3868 1379 3946 quod
1392 3869 1444 3927 illc

240 3939 390 3999 fraudibus
410 3947 440 3998 et
459 3939 616 4000 mendaciis
631 3941 691 4002 suis
711 3943 941 4004 benedictionem
954 3965 972 4004 c
986 3945 1050 4005 Deo
1069 3947 1150 4023 petit,
1166 3967 1191 4005 0.
1206 3947 1247 4007 ix.
1264 3949 1310 4006 13.
1354 3946 1444 4006 Nulls

241 4020 379 4077 Remotio
392 4018 471 4077 urbis
484 4019 515 4076 in
531 4019 686 4098 Scripturis
700 4023 816 4098 mentio,
832 4042 886 4083 nec
899 4023 948 4082 vel
961 4022 1039 4101 spnd
1046 4025 1068 4085 J
1069 4026 1208 4101 oeephum
1216 4025 1265 4084 vel
1280 4025 1443 4102 Philonem,

241 4097 292 4174 qni
305 4095 342 4156 de
355 4097 441 4157 rebus
454 4098 477 4157 J
478 4097 591 4158 udeicis
605 4099 788 4177 scripserunt,
799 4101 892 4160 ullum
900 4100 1058 4178 vestigium
1072 4103 1196 4163 occurrit
1208 4104 1388 4163 liberationis
1401 4104 1447 4164 ibi

240 4185 414 4236 memorate.
456 4177 573 4237 Author
585 4179 737 4255 Sapientis
756 4179 830 4239 falso
851 4199 882 4239 se
904 4181 1015 4256 Regem
1035 4181 1066 4239 in
1087 4181 1197 4240 lercele
1218 4182 1307 4240 brisso
1328 4183 1442 4258 asserit,

240 4253 321 4343 cix.
333 4258 361 4328 7,
377 4256 405 4330 8,
417 4263 451 4314 ut
463 4275 515 4333 pro
527 4255 680 4317 Salomone
693 4257 841 4332 habeatur,
854 4278 919 4318 cum
933 4267 1030 4318 temen
1040 4279 1065 4318 c.
1079 4259 1119 4317 iv.
1131 4263 1159 4335 2,
1175 4259 1443 4321 011υά01010οώ-

240 4347 319 4387 mme
332 4331 469 4392 athletice
478 4335 606 4394 nondum
619 4335 650 4394 in
660 4355 715 4395 usu
724 4337 801 4414 cpud
810 4337 929 4396 Grteeos
942 4337 1104 4397 Salomonis
1114 4345 1259 4417 tempore3
1277 4337 1352 4398 adde
1363 4339 1444 4416 quod

241 4405 464 4484 Pythagorieem
478 4413 601 4473 edstnrit
612 4412 809 4491 μιπμψῦῃνω
822 4435 847 4474 0.
859 4415 920 4475 viii.
931 4417 978 4492 19,
991 4419 1039 4490 20,
1054 4416 1166 4476 etfelss
1174 4427 1272 4477 narret
1282 4417 1318 4476 dc
1329 4417 1443 4495 origine

240 4483 398 4561 Idolorum,
419 4507 445 4546 c.
467 4490 527 4549 xiv.
551 4493 597 4568 15,
620 4496 667 4554 16.
708 4494 998 4570 Syracidec.x1vi.
1020 4497 1068 4569 20,
1093 4495 1220 4556 801111ιὸΙί
1240 4495 1341 4554 tribuit
1362 4495 1444 4634 ‹puod

239 4561 347 4624 lectum
361 4574 405 4625 est
419 4584 436 4624 e
451 4567 656 4630 Ceeodeemone
677 4571 761 4633 melis
781 4572 892 4633 artibus
913 4581 1043 4652 erocsto,
1060 4577 1076 4630 1
1094 4573 1171 4634 Sem.
1186 4574 1289 4634 xxviii.
1306 4577 1353 4651 11,
1380 4575 1445 4634 slss
