3160 5194
55 333 64 352 ⁸
120 371 240 421 eumer.
257 349 323 432 nc]
639 370 677 410 ne
691 370 869 414 curensem.

612 589 806 666 QUAESTIO
827 591 887 652 IX.

176 753 224 812 Aa
238 752 366 812 [lationi
377 751 519 827 judicium
532 750 651 828 aliquod
662 753 842 830 compotatio
855 753 936 812 raom
947 753 1043 831 fidoi!
1083 753 1129 813 Aa
1142 774 1208 814 cero
1222 757 1315 814 nolon

583 831 695 892 omniuo
707 835 766 908 ejus
779 833 815 894 eit
827 852 893 892 trem
905 835 919 892 ,Ι

452 990 476 1049 Ι.
500 990 566 1050 Duo
580 999 710 1050 extrema
723 991 770 1052 hie
789 999 857 1054 suut
870 991 1005 1070 vitande3
1031 991 1166 1054 Alterum
1185 1013 1285 1056 eorum
1306 993 1357 1072 qui

169 1055 357 1162 sffffim·
411 1070 442 1128 in
456 1090 568 1129 ccccm
581 1081 710 1149 peccent,
732 1072 852 1132 nimium
866 1072 1026 1134 tribuentes
1041 1073 1170 1167 Rationi,
1183 1084 1213 1135 et
1226 1093 1290 1134 uem
1303 1092 1355 1151 pro

412 1149 573 1227 Religionis
594 1159 624 1210 et
636 1150 705 1210 fidei
719 1152 827 1212 Norma
839 1152 995 1230 habentes;
1018 1152 1096 1231 quod
1116 1153 1226 1215 facrunt
1248 1153 1355 1214 Scrini-

140 1229 204 1304 oni,
218 1237 318 1288 conns
332 1247 409 1306 quos
423 1239 518 1290 ectum
532 1229 587 1290 fuit
601 1230 765 1306 Questione
778 1231 970 1311 praecedenti:
1001 1232 1136 1294 Alterum
1149 1253 1248 1294 eorum
1262 1234 1313 1312 qui
1326 1233 1356 1292 in

141 1311 255 1384 deseces
274 1319 380 1384 errent,
396 1309 456 1387 qui,
480 1330 516 1369 ne
530 1309 684 1372 videantur
705 1318 830 1373 statuere
850 1313 991 1372 rationem
1012 1333 1065 1392 pro
1082 1313 1191 1373 Nonne
1210 1313 1287 1389 fidei,
1309 1314 1358 1374 vel

140 1408 249 1468 perum
257 1388 310 1448 ,vel
323 1388 398 1448 nihil
411 1389 515 1449 reticui
529 1390 706 1468 concedunt,
729 1391 759 1450 in
772 1413 831 1470 qua
850 1393 992 1454 sententie
1011 1401 1080 1453 sunt
1098 1413 1158 1453 non
1178 1393 1264 1453 modo
1277 1394 1356 1452 Ano·

141 1469 275 1545 ὸαγᾱὶίω
286 1478 318 1528 et
335 1471 510 1548 Weiqelioni,
533 1470 585 1530 eed
599 1473 806 1548 censuerant,
828 1480 858 1532 et
871 1473 1019 1553 Pontificio,
1041 1473 1092 1551 qui
1105 1474 1216 1534 vellent
1228 1473 1356 1533 testimo·

142 1549 228 1608 nium
243 1549 378 1610 Rationis
400 1568 459 1609 non
481 1569 545 1610 esse
558 1550 742 1628 audiendum,
765 1552 879 1629 quoties
895 1552 1009 1631 judicet
1021 1553 1059 1613 de
1074 1553 1225 1633 Mysteriis
1238 1553 1356 1631 quibus·

144 1628 215 1690 dem
228 1627 316 1704 fidei3
337 1629 420 1688 verbi
441 1629 541 1708 mus,
562 1649 652 1708 quum
671 1630 779 1710 dogma
798 1633 1112 1694 transubstentiationis
1125 1634 1175 1693 vel
1188 1633 1358 1710 ubiquitatis

144 1727 207 1770 non
220 1708 287 1768 vult
307 1707 469 1787 admittere,
490 1710 559 1787 quie
576 1711 696 1771 rationis
716 1720 802 1772 recte
821 1712 924 1772 lumini
944 1721 1105 1792 repugnat:
1132 1713 1172 1772 Et
1191 1713 1276 1773 nobis
1290 1713 1359 1790 quia

144 1807 234 1850 usum
257 1787 378 1848 rationis
400 1789 485 1867 plane
509 1809 568 1848 non
591 1791 784 1869 repudiamus,
812 1791 907 1852 dicam
934 1794 1022 1854 telem
1045 1800 1196 1872 propterea
1217 1793 1357 1869 scribunt,

143 1867 233 1947 queri
246 1869 393 1946 nosipsos
406 1869 615 1930 constituamus
628 1871 650 1932 J
651 1870 751 1930 udices
764 1881 794 1932 et
808 1871 944 1932 Arbitros
958 1873 1074 1933 ultimos
1088 1873 1119 1930 in
1133 1872 1220 1932 rebus
1232 1872 1309 1949 fidei,
1329 1879 1360 1931 et

143 1949 191 2008 sic
205 1947 327 2027 pulchro
340 1957 485 2042 praetextp
497 1949 597 2010 orbem
611 1949 797 2029 decipiemus,
820 1950 890 2010 dum
904 1971 958 2012 nos
971 1953 1063 2012 solam
1083 1952 1261 2030 Scripturam
1280 1951 1358 2030 judi·

144 2029 656 2186 eerpleglpgzcggaegrlffiprjudido
676 2109 831 2185 decisiones
852 2128 911 2187 quo
930 2108 1045 2188 publice
1066 2107 1274 2196 determinatio
1291 2129 1359 2169 con·

146 2189 292 2248 troversia
306 2187 422 2267 eliqua:
464 2189 531 2248 Hoc
544 2208 629 2250 nemo
642 2197 774 2248 nostrum
788 2188 907 2250 Reticni
914 2189 1032 2266 tribuit;
1056 2188 1115 2248 Sed
1127 2188 1177 2247 vel
1191 2187 1255 2248 Dec
1265 2189 1321 2250 soli
1330 2191 1361 2249 in

147 2268 302 2347 Scriptura
314 2268 454 2346 loquenti,
469 2269 494 2329 si
507 2268 544 2328 de
558 2289 671 2329 summo
684 2277 796 2347 agenn,
811 2269 860 2328 vel
874 2268 1043 2330 Pectoribus
1057 2269 1088 2328 in
1108 2269 1241 2328 Ecclesia
1254 2271 1360 2329 consti·

146 2349 230 2426 tutis,
246 2348 273 2408 si
285 2347 322 2406 de
336 2349 632 2427 subalternoqueestic
642 2349 697 2410 sit:
741 2349 800 2410 Sed
809 2349 948 2430 queritur
955 2357 1067 2410 tantum
1076 2348 1112 2408 de
1118 2349 1228 2426 judicio
1236 2350 1362 2426 privam

146 2429 331 2504 damnem
347 2449 406 2506 quo
419 2448 520 2489 verum
534 2449 551 2488 a
564 2428 637 2489 falso
650 2429 831 2506 discernitur,
866 2429 981 2508 uodque
999 2429 1104 2490 rationi
1120 2429 1270 2489 illustrate
1283 2437 1362 2490 reete

146 2507 241 2569 tribui
254 2527 414 2569 censemus.
456 2512 484 2568 2.
507 2509 543 2568 In
554 2508 665 2587 judicio
679 2450 916 2588 distinguendum
929 2518 974 2571 est
986 2511 1135 2586 euwain
1156 2509 1218 2570 sive
1231 2510 1362 2588 potentia

146 2607 340 2666 cognoscens,
355 2607 374 2646 a
386 2591 501 2648 Norma
514 2608 567 2649 seu
579 2588 645 2667 lege
659 2597 688 2649 et
702 2589 888 2650 Fundamenta
902 2609 960 2668 quo
974 2590 1076 2651 nititur
1089 2589 1261 2666 intellectum,
1276 2598 1310 2649 ut
1323 2609 1362 2648 ex

147 2669 231 2728 illius
243 2667 412 2748 prescripto
422 2668 543 2747 judicet.
586 2671 614 2730 3.
627 2671 749 2745 Noctua,
761 2689 813 2747 pro
824 2669 934 2729 ratione
945 2668 1060 2747 Objecti
1067 2667 1228 2747 judicandi,
1239 2668 1288 2728 vel
1301 2687 1360 2728 res·

146 2748 224 2828 picit
253 2748 406 2808 veritatem
434 2749 649 2825 sententiarum,
672 2749 720 2809 vel
750 2749 901 2808 veritatem
928 2749 1160 2810 connexionum:
1203 2747 1361 2808 Sententia

146 2847 261 2904 rursus,
275 2826 325 2888 vel
339 2836 407 2888 sunt
419 2848 515 2890 rerum
528 2836 631 2890 netum
643 2838 785 2908 comtum,
799 2829 849 2890 vel
858 2837 970 2890 tentum
980 2849 1018 2891 ex
1032 2827 1243 2908 supernaturali
1251 2827 1361 2889 revela-

146 2908 240 2970 tione.

192 2987 256 3047 111.
278 2985 345 3048 Hoc
358 2986 471 3066 positor
493 2987 611 3050 Retioni
624 2987 690 3049 dico
702 2997 865 3067 competere
874 2985 1018 3066 judicium
1031 2985 1214 3047 discretionis
1230 2985 1262 3045 in
1275 2985 1362 3048 rebus

148 3066 239 3144 fidei3
261 3075 324 3128 tum
335 3067 488 3144 affective,
503 3067 571 3146 quia
583 3068 748 3129 intellectus
762 3068 852 3128 solius
860 3077 906 3128 est
915 3065 1090 3144 cognoscere
1104 3075 1134 3128 et
1143 3067 1305 3125 discernere
1316 3083 1362 3124 res

150 3146 236 3223 fidei;
258 3155 322 3208 tum
331 3148 517 3224 Nor-molitor,
529 3156 559 3208 et
573 3148 690 3225 quidem
703 3155 837 3226 respectu
845 3147 976 3206 veritatis
989 3145 1211 3221 connexionum,
1226 3145 1257 3204 in
1270 3143 1362 3203 omni·

149 3227 209 3288 bus
222 3227 341 3288 omnino
353 3225 611 3304 enunciationibus,
626 3227 690 3288 sive
703 3247 745 3288 ere
759 3234 862 3286 natura
874 3233 952 3286 note
964 3224 1032 3302 sint,
1044 3225 1107 3285 sire
1116 3244 1155 3284 ex
1168 3222 1361 3302 revelatione;

151 3305 214 3370 sed
234 3314 368 3384 respectu
389 3307 520 3368 veritatis
542 3307 757 3382 sententiarum,
780 3313 893 3368 tautum
914 3303 945 3363 in
965 3303 1002 3366 iis
1023 3324 1089 3384 quae
1110 3303 1278 3366 naturaliter
1294 3312 1364 3364 note

150 3395 230 3464 eunt,
245 3385 406 3464 etquidem
419 3405 486 3446 cum
498 3386 605 3466 triplici
617 3388 673 3448 hec
692 3385 835 3450 cautione.
878 3387 905 3446 1.
926 3402 964 3445 ne
976 3403 1030 3463 pro
1048 3385 1210 3446 necessario
1222 3383 1364 3445 habeatur

149 3465 181 3526 id
199 3465 346 3545 judicium
365 3466 493 3542 rationis,
514 3467 598 3545 qussi
619 3466 780 3544 lbeologin
800 3464 911 3543 absque
924 3483 959 3525 eo
980 3484 1118 3526 essenon
1137 3464 1238 3543 possit.
1279 3467 1309 3524 2.
1329 3471 1364 3524 ut

150 3547 286 3606 Verbum
296 3545 353 3606 Dei
365 3545 396 3604 in
409 3565 468 3624 quo
481 3547 568 3606 etiem
581 3547 719 3606 veritates
732 3547 797 3606 iste
810 3545 945 3606 revelate
954 3553 1028 3621 sunt,
1039 3565 1091 3624 pro
1100 3545 1238 3623 primaria
1250 3563 1364 3622 semper

150 3639 257 3686 norma
268 3625 417 3702 habeatur,
441 3625 528 3686 Retio
540 3644 610 3686 vero
623 3645 676 3704 pro
690 3625 867 3686 secundaria.
909 3627 937 3685 3.
952 3633 985 3686 ut
998 3644 1088 3702 quum
1101 3625 1233 3686 Verbum
1253 3621 1364 3700 aliquid

151 3706 235 3766 addit
248 3705 292 3764 rei
304 3714 408 3764 natura
421 3712 506 3780 nota,
519 3705 600 3783 quod
619 3713 722 3766 natura
735 3705 799 3784 ipsa
818 3705 941 3782 ignorat,
956 3712 1018 3764 tum
1032 3703 1069 3764 de
1082 3723 1117 3764 ea
1129 3723 1188 3763 non
1202 3723 1241 3763 err
1260 3710 1363 3761 neture

151 3795 203 3846 aut
216 3783 339 3860 ratione,
354 3783 408 3844 sed
426 3802 465 3844 en
488 3784 588 3844 Verbo
606 3783 761 3862 judicetur,
777 3804 836 3844 nou
855 3783 939 3863 quasi
961 3783 1092 3844 Verbum
1105 3792 1136 3843 et
1154 3781 1229 3841 ratio
1242 3781 1318 3840 inter
1331 3799 1362 3838 se

151 3873 294 3944 pugnent,
316 3863 369 3924 sed
389 3863 458 3940 quia
471 3863 544 3923 ratio
557 3883 576 3923 a
589 3863 689 3924 Verbo
707 3862 872 3941 perficitur;
894 3863 938 3922 At
956 3862 989 3922 in
1001 3863 1089 3922 rebus
1101 3870 1215 3922 tentum
1227 3859 1305 3918 notis
1325 3875 1363 3916 ex

152 3943 341 4020 revelatione,
356 3950 390 4003 ut
403 3943 435 4000 in
448 3943 591 4021 Mysterio
604 3943 762 4020 Trinitatis
785 3941 1004 4018 Ineamationie,
1019 3939 1075 4000 dee.
1090 3940 1153 4000 sola
1166 3939 1276 3997 Norma
1288 3935 1361 3996 Ver·
1379 4005 1383 4012 ¹

152 4025 221 4084 bum
237 4024 296 4083 Dei
309 4031 364 4098 eet,
378 4022 456 4082 ultre
467 4031 636 4162 autAErlaeter
648 4042 735 4100 quam
748 4030 866 4082 nonest
878 4020 1057 4099 sapiendum.

192 4105 240 4164 IV
241 4150 250 4165 .
272 4103 341 4162 Non
355 4101 502 4179 queritur,
581 4101 720 4180 mysteria
732 4101 801 4162 fidei
814 4101 873 4160 sint
886 4119 973 4178 supra
988 4099 1138 4171 renonem,
1153 4093 1210 4170 rel,
1226 4092 1276 4152 An
1288 4093 1363 4152 ratio

152 4185 201 4244 ille
214 4182 334 4260 assequi
355 4182 470 4258 possit?
511 4182 621 4242 Demus
640 4180 718 4241 enim
738 4179 822 4242 facile
842 4198 907 4240 esse
920 4198 967 4238 res
980 4197 1045 4254 qua
1058 4174 1227 4251 longissime
1247 4181 1363 4250 captum

152 4285 208 4324 non
222 4274 340 4325 tentum
354 4261 521 4337 humanum,
536 4261 588 4322 sed
602 4261 777 4340 Argolicum
786 4265 931 4336 superent,
943 4266 973 4318 et
986 4256 1024 4315 ed
1033 4273 1156 4333 quarum
1169 4253 1362 4332 cognitionem

153 4363 223 4422 opus
236 4344 294 4404 fuit
308 4339 522 4418 supernaturali
544 4340 738 4400 revelatione:
780 4338 918 4398 Fetemur
937 4337 1025 4396 etiam
1043 4334 1182 4395 rationem
1199 4354 1257 4392 non
1276 4331 1365 4392 modo

151 4424 318 4502 incapacem
333 4439 402 4480 esse
416 4438 451 4478 ea
463 4421 611 4497 retegeudi
625 4421 682 4480 nisi
701 4416 916 4490 revelarentur3
938 4435 997 4478 non
1010 4414 1096 4474 modo
1117 4413 1258 4472 infirmem
1272 4412 1310 4471 ed
1330 4431 1364 4470 ee

151 4504 291 4583 capienda
311 4509 472 4579 postquam
492 4501 620 4560 revelate
633 4507 717 4573 sunt;
741 4495 893 4556 sedetiam
915 4494 1054 4556 lubricam
1075 4502 1106 4554 et
1118 4493 1276 4567 sdlibilem,
1298 4511 1364 4568 ques

148 4585 229 4646 facile
243 4577 439 4644 mendacium
451 4577 514 4638 loco
524 4579 663 4653 veritatis,
679 4587 709 4637 et
719 4577 869 4636 veritatem
882 4574 947 4635 loco
958 4573 1099 4635 mendeeii
1109 4573 1245 4651 seqnitur,
1261 4579 1289 4629 ct
1300 4588 1365 4645 quse

148 4685 296 4746 nmquam
313 4657 422 4720 Verbo
440 4655 494 4716 Dei
513 4660 633 4736 ejusque
654 4656 800 4734 mysteriis
820 4654 956 4732 erederet,
972 4653 1168 4731 nisiSpiritus
1189 4649 1281 4726 matie
1302 4665 1365 4703 eom
