3158 5190
271 359 329 418 110
737 371 828 416 cocus
842 371 1001 417 secessus.
1285 351 1411 436 [cumr.
1428 374 1485 418 ιιι.

267 515 365 578 omnia
377 514 495 576 omnino
509 513 694 594 exemplaria,
710 515 759 575 rel
773 533 808 576 es
821 515 940 593 ratione,
955 521 988 574 ut
1002 513 1082 574 nullo
1102 509 1190 572 modo
1204 513 1318 574 mertui
1331 522 1363 575 et
1374 516 1487 595 corrigi

266 597 379 677 possint
392 615 430 654 ex
444 595 598 655 collatione
612 595 757 656 variorum
772 594 911 655 Codicum
925 604 955 655 et
967 595 1058 672 ipsius
1071 595 1236 671 Scripturas.

308 677 381 736 XV.
405 675 489 735 Licet
501 675 576 735 bene
590 675 720 735 dicamus
736 675 913 753 scripturam
927 676 1066 736 incertam
1079 673 1161 733 reddi
1175 692 1227 750 per
1240 673 1371 734 diverses
1384 677 1486 735 varim

265 756 405 817 lectiones
432 774 471 814 ex
493 756 582 815 variis
605 755 823 834 Interprctibus,
847 753 962 818 nonnisi
983 773 1035 832 per
1056 753 1252 830 conjecturam
1275 763 1392 832 erutes;
1415 757 1485 814 Non

266 836 365 896 statim
378 835 489 895 incerta
502 835 638 896 reddetur
651 855 689 896 ex
703 833 827 896 diversis
848 833 1140 912 interpretationibus,
1163 833 1231 910 quie
1246 834 1426 912 Interpretes
1440 837 1485 894 illi

265 915 461 974 diversimode
472 936 510 974 ex
523 933 581 975 uno
590 924 619 976 et
628 915 729 976 eodem
740 916 837 976 Textu
851 924 918 975 sunt
928 914 1116 993 interpretati.
1155 913 1183 971 N
1184 933 1230 971 am
1245 914 1287 974 sic
1302 933 1405 973 sensus
1419 917 1484 993 qui-

265 995 332 1054 dem
346 995 477 1055 redditur
491 995 597 1055 dubius
611 1005 641 1056 et
654 995 789 1072 incertus,
805 995 857 1054 sed
870 1014 929 1054 non
937 995 1025 1054 lectio
1036 995 1189 1053 verborum
1203 1000 1233 1053 et
1246 993 1414 1072 pbresium3
1430 996 1485 1054 ssd

265 1073 466 1134 difficillimum
480 1083 525 1136 est
538 1075 641 1153 positis
654 1083 698 1136 tot
712 1077 802 1136 verde
816 1083 846 1136 et
858 1074 976 1134 incertis
989 1074 1163 1135 lectionibus
1176 1081 1206 1132 et
1219 1074 1404 1152 conjecturis,
1420 1093 1482 1134 cer·

264 1154 419 1215 titudinem
433 1155 513 1215 illius
526 1155 602 1215 tueri
613 1179 620 1233 ;
642 1155 712 1233 quis
724 1156 772 1214 hic
786 1155 902 1233 gemine
915 1155 1062 1216 inducitur
1075 1153 1249 1213 incertitudo
1260 1162 1290 1212 et
1304 1153 1440 1214 lectionis
1453 1165 1485 1214 ct

265 1253 385 1312 sensus;
408 1235 475 1294 Illic
495 1235 715 1296 fundumentum
736 1243 847 1295 cenum
866 1235 994 1318 positum
1009 1243 1061 1311 est,
1077 1233 1115 1293 ad
1128 1232 1207 1311 quod
1228 1233 1408 1310 Interpretes
1422 1233 1482 1293 dis·

265 1315 423 1375 sentientes
445 1315 683 1393 adstringuntur3
706 1315 758 1375 sed
779 1316 827 1375 hic
849 1315 961 1374 nullum
982 1323 1093 1375 certum
1117 1312 1338 1374 undamentum
1354 1313 1483 1392 ponium

264 1403 318 1472 est,
334 1393 387 1454 sed
400 1415 418 1455 a
428 1394 533 1473 judicii
545 1395 665 1455 humani
679 1395 797 1455 arbitrio
811 1403 842 1455 et
855 1394 1001 1454 decisione
1015 1393 1112 1454 omnia
1126 1393 1350 1470 suspenduntur.

268 1493 273 1504 ·
305 1473 397 1534 XVI.
420 1475 463 1535 Ut
478 1475 610 1535 adstricti
630 1475 720 1535 simus
742 1475 843 1536 Oodiei
855 1474 1004 1551 hodierne,
1019 1493 1078 1534 non
1091 1493 1164 1552 opus
1178 1481 1231 1548 est,
1245 1481 1280 1532 ut
1292 1481 1482 1568 repraesentet

161 1551 165 1560 '
264 1553 349 1614 nobis
362 1553 457 1634 ipsum
472 1555 565 1614 liceis
578 1563 609 1615 et
623 1555 832 1633 Prophetarum
845 1553 1005 1636 utet-mo
1024 1555 1085 1614 eine
1099 1554 1160 1613 ullo
1176 1553 1225 1612 vel
1237 1552 1359 1612 miuimo
1379 1553 1481 1613 discur-

264 1634 361 1694 miue:
402 1633 477 1694 Nam
491 1635 530 1693 ed
542 1634 680 1695 tuendam
694 1643 826 1694 exactem
841 1635 1049 1712 exemplarium
1062 1651 1129 1695 cnm
1142 1632 1309 1710 archetypis
1326 1633 1480 1692 conformi·

264 1719 363 1791 tatem,
379 1713 485 1774 sufficit
497 1723 530 1775 nt
544 1714 653 1775 eedem
672 1714 730 1774 sint
743 1713 897 1792 utrobique
918 1733 1006 1775 voces
1020 1714 1083 1774 sine
1095 1713 1202 1791 quibus
1222 1730 1326 1772 sensns
1338 1731 1398 1772 non
1411 1733 1479 1773 con·

264 1803 331 1870 stat,
347 1801 376 1854 et
390 1813 456 1854 oum
468 1793 591 1855 vocibus
604 1813 719 1872 quoque
739 1794 831 1854 litera
845 1795 907 1853 sine
921 1794 1028 1872 quibus
1047 1812 1106 1854 non
1120 1799 1253 1852 constant
1266 1811 1364 1868 voces,
1386 1811 1482 1872 neque

264 1873 352 1935 scribi
366 1883 416 1935 sut
429 1875 543 1934 exarari
562 1883 693 1953 possunt,
708 1873 777 1936 licet
789 1873 922 1954 quaedam
945 1873 1145 1954 discrepantia
1166 1872 1280 1952 possint
1297 1871 1330 1931 in
1350 1872 1482 1935 minutiis
1574 1879 1575 1904 ³

266 1954 332 2014 aliis
345 1962 375 2014 et
388 1955 510 2035 spiculis
524 1973 682 2016 occurrere.

306 2035 415 2096 XVII.
437 2035 578 2112 Quemvis
598 2036 705 2114 sepius
724 2033 893 2114 profiteatur
906 2033 946 2094 V.
968 2035 1007 2094 D.
1021 2032 1178 2093 Versiones
1202 2049 1304 2092 ornnes
1323 2051 1363 2092 ex
1383 2031 1483 2092 Texta

266 2113 414 2175 Hebraico
429 2116 593 2176 authentico
604 2115 778 2193 judicendes
798 2133 862 2174 esse
876 2123 906 2174 et
919 2113 1113 2192 mulgendas,
1128 2113 1281 2192 ipsumque
1300 2112 1483 2190 quibuslibet
1565 2162 1569 2175 .

264 2195 502 2255 translationibus
525 2215 589 2255 esse
612 2194 840 2274 praeferendum
862 2193 929 2253 Non
949 2193 1085 2254 continuo
1103 2192 1219 2252 liberari
1239 2200 1337 2270 potest
1357 2211 1376 2251 a
1396 2193 1484 2272 culpe
1565 2190 1570 2261 ἐ

263 2290 330 2352 qna
349 2274 394 2332 illi
414 2273 592 2352 impingitur,
615 2276 695 2350 quod
716 2273 874 2334 Versicnss
897 2273 1020 2334 Veteres
1034 2273 1141 2333 'Iextui
1158 2271 1294 2349 originali
1311 2271 1481 2350 equiparent,
1564 2266 1571 2287 '

263 2351 322 2410 imo
337 2361 367 2411 et
380 2353 552 2445 quaudoque
566 2354 720 2431 preferat:
761 2353 908 2446 Quiuopcr
927 2354 1054 2414 Textum
1075 2353 1254 2411 Hebraicum
1267 2367 1327 2410 non
1341 2353 1483 2431 intelligit
1564 2356 1571 2387 ⁸

263 2429 390 2490 'I'extum
411 2431 581 2508 originalem
601 2431 849 2510 hodiernum,an
866 2434 994 2492 omnium
1014 2432 1148 2492 menibus
1168 2431 1346 2491 teritur-tam
1359 2431 1480 2492 Jndsso
1567 2450 1572 2459 ·

262 2527 328 2568 rum
341 2527 428 2588 quam
444 2509 679 2584 Christianorum,
696 2511 749 2572 sed
761 2511 888 2571 Textum
902 2511 1061 2572 Hebraeum
1069 2511 1101 2570 in
1114 2529 1228 2590 genere,
1244 2529 1331 2588 quem
1341 2511 1408 2571 vult
1420 2513 1479 2571 col·

262 2587 355 2666 ligere
369 2595 432 2648 tum
446 2607 484 2647 ex
499 2588 605 2649 Codice
618 2590 767 2666 hodierno,
783 2597 897 2650 tumen
912 2591 1068 2652 (lodicibus
1088 2591 1235 2652 veteribus
1249 2590 1359 2668 quibus
1372 2607 1479 2670 suppo·

262 2667 307 2728 nit
322 2667 497 2746 interpretes
511 2687 580 2729 usos
600 2669 699 2746 luisse,
742 2669 808 2746 uod,
823 2679 956 2731 utentes
976 2671 1094 2748 dictum,
1117 2670 1179 2731 sine
1192 2671 1253 2730 ullo
1267 2669 1363 2730 solido
1376 2671 1479 2731 firnds·

262 2755 360 2806 mento
375 2747 530 2809 asseritur:
571 2747 612 2810 Et
625 2769 726 2810 omnes
766 2750 883 2830 hcologi
897 2752 947 2829 qui
961 2752 1018 2811 huc
1032 2770 1124 2830 usque
1144 2751 1181 2810 de
1195 2751 1292 2810 Textu
1307 2751 1438 2811 chreso
1451 2761 1481 2812 ct

262 2825 333 2966 qjqq
342 2825 511 2968 suthanttilqn
504 2827 696 2908 disputarunt,
711 2830 824 2892 nullum
838 2831 927 2892 alium
940 2831 1147 2893 intellexerunt
1160 2849 1246 2909 quem
1255 2847 1441 2896 communem
1451 2840 1481 2892 et

284 2927 302 2967 o
334 2925 350 2966 e
364 2927 448 2987 recep
513 2952 521 2967 .

303 2985 430 3048 XVIII.
452 2989 500 3048 Ex
514 2987 629 3128 qqibus,
651 3007 689 3050 ne
709 2985 792 3068 plure
802 2990 864 3068 jam
887 2989 1035 3068 addamus,
1058 2989 1170 3068 liquere
1184 2989 1255 3050 satis
1268 2997 1375 3068 potest,
1390 3009 1478 3070 ([ιιιιιιι

262 3067 632 3228 ffidrduffddiosditubiqub).
639 3068 872 3226 rbddrddbbsdsbd
873 3075 1016 3225 escqquta
1016 3087 1102 3227 qdldld1
1118 3069 1480 3228 ἓξιῖῗιῗιῖἶιᾙᾶἳζὲε

263 3226 382 3305 aliquod
395 3227 463 3289 inde
484 3249 572 3288 censa
592 3229 648 3288 Dei
673 3229 876 3290 detrimentum
897 3235 1051 3307 pateretur,
1073 3238 1103 3289 et
1118 3247 1156 3288 ne
1176 3225 1366 3289 Adversariis
1380 3240 1480 3291 conce

262 3305 374 3442 Teqths
390 3307 421 3367 S.
434 3311 570 3380 ιῦθιηιιν,
584 3309 652 3369 licet
659 3310 761 3389 procul
774 3309 863 3370 dubio
876 3315 981 3389 praeter
992 3309 1058 3387 ejus
1071 3316 1205 3386 mentem,
1215 3327 1296 3368 arma
1312 3311 1478 3389 suppedite-

261 3401 314 3443 ren
362 3428 370 3442 .

303 3461 399 3522 XIX.
423 3461 541 3543 Siquis
566 3484 653 3544 porro
674 3467 758 3544 plura
785 3465 938 3544 desideret,
967 3467 1100 3528 consulat
1122 3466 1310 3528 celeberrimi
1333 3471 1481 3562 Berctorpti

263 3539 491 3632 riuti-Orite'cum,
507 3563 594 3623 quam
608 3545 657 3604 isti
671 3545 785 3606 critice
799 3546 837 3606 V.
853 3547 891 3607 D.
903 3547 1045 3627 opposuit,
1056 3547 1087 3605 in
1099 3565 1158 3624 qua
1171 3555 1305 3608 accurate
1319 3557 1351 3608 at
1365 3549 1477 3610 solidre
1566 3538 1570 3557 ¹

263 3638 335 3679 srme
348 3627 441 3680 totum
463 3623 519 3682 hoc
540 3632 741 3701 argumentum
764 3635 904 3686 executus
926 3633 979 3687 est.
1030 3627 1154 3686 Possunt
1175 3635 1205 3686 ct
1226 3627 1285 3686 ulis
1305 3647 1477 3706 magnorum

263 3697 400 3760 Vmorem
421 3699 516 3761 efferri
536 3704 709 3782 testimonie,
732 3705 838 3783 quibus
860 3714 975 3766 constet
995 3715 1172 3784 quantopere
1192 3707 1263 3784 ipsis
1285 3709 1432 3768 sententia
1450 3715 1479 3768 et

264 3780 410 3860 Scriptum
424 3779 463 3842 V.
479 3783 517 3843 D.
532 3782 720 3860 displicuerit
763 3785 806 3845 Ut
820 3786 925 3846 summi
938 3786 1004 3845 Viri
1016 3788 1121 3846 Jacodi
1136 3787 1245 3846 Uesere'i
1256 3785 1478 3866 Archiepiscopi

264 3860 449 3940 Armucbani,
465 3861 516 3941 qui
530 3883 656 3923 errorem
671 3865 937 3941 periculosetse'mum
958 3867 1104 3925 continere
1125 3864 1174 3942 eit,
1190 3866 1237 3925 cui
1250 3875 1365 3926 mature
1379 3887 1477 3928 occur·

262 3942 384 4002 rendum
399 3941 445 4020 sit,
460 3942 627 4022 priusquam
641 3943 729 4004 latius
743 3953 847 4024 serpet,
862 3945 893 4004 in
907 3947 1040 4022 Epistola
1053 3947 1095 4004 ud
1106 3945 1248 4005 Bootium.
1291 3947 1333 4006 Et
1345 3948 1477 4024 ejusdem

264 4022 364 4084 Amet.
379 4024 477 4083 Bootr'e‘
488 4023 519 4082 in
532 4021 665 4101 Epistola
685 4025 723 4085 ed
742 4025 938 4085 venerandum
952 4025 1034 4084 illum
1057 4023 1222 4102 Pressulem,
1238 4031 1268 4086 et
1281 4021 1313 4084 in
1326 4026 1394 4104 ejus
1413 4027 1478 4087 Via·

262 4101 350 4180 diciie,
365 4103 515 4182 inquibus
529 4103 565 4164 de
579 4103 635 4162 boc
649 4123 734 4184 opere
752 4105 888 4184 loquitur,
904 4113 1041 4182 tunquam
1062 4107 1097 4164 de
1116 4106 1221 4182 empto
1228 4106 1476 4183 perniciosissimo,

262 4179 292 4239 in
305 4203 361 4259 quo
374 4181 486 4244 atteret
499 4186 572 4261 tyele,
588 4203 655 4263 pag.
671 4188 724 4262 ⁵13
744 4185 822 4264 quod
836 4191 922 4244 vocet
935 4184 1071 4260 eiuselicem
1084 4194 1112 4243 et
1122 4201 1187 4245 cere
1199 4205 1315 4246 sumum
1331 4185 1476 4262 ortumve,

261 4264 744 4342 qwemtentiumsummesalsam
764 4273 791 4324 et
809 4265 840 4324 in
858 4265 1045 4323 eccumDei
1068 4265 1188 4323 Verbum
1209 4264 1289 4324 unice
1310 4266 1477 4340 injuriosam

256 4351 411 4427 proponat,
426 4363 493 4421 pag.
509 4347 547 4404 tr
560 4367 567 4422 ;
590 4344 682 4423 Cujus
696 4345 813 4404 Autbor
831 4344 962 4404 Veritatis
975 4344 1130 4403 Hebraico
1149 4345 1187 4402 eit
1200 4345 1402 4419 ὸιΐωιιίιιίιηιω
1414 4349 1475 4406 toe-

197 4421 201 4430 '
261 4422 304 4486 tu,
320 4419 370 4491 qua·
381 4423 458 4479 omni
469 4441 532 4482 eam
552 4426 716 4484 certitudine
729 4433 756 4484 et
768 4425 937 4484 autumate
948 4431 1041 4499 emeat,
1057 4443 1086 4502 p.
1103 4426 1137 4499 13
1152 4430 1182 4482 et
1195 4424 1319 4483 allorum
1332 4440 1392 4484 non
1406 4443 1476 4503 peu·

261 4509 359 4586 corum
373 4497 424 4573 qui
437 4499 552 4576 publice
562 4502 604 4597 de
618 4521 652 4563 eo
666 4505 816 4598 conquesti
831 4511 910 4597 sunt.¹
942 4502 1101 4600 'Sedncbits
1112 4503 1317 4598 nuncnquidem
1332 4503 1477 4598 sufficiant

260 4579 1475 4742 tttttttttlttfttttttltttttttttttttttlttt
