3158 5180
105 345 228 396 ochsn.
244 323 323 405 ma]
598 341 637 382 ns
652 342 830 385 oassrrons.
1259 333 1318 392 435

106 495 139 546 et
154 483 344 560 materialem,
359 481 448 544 habet
461 481 548 542 etiam
568 471 734 562 interitum3
758 483 817 544 Sed
830 482 926 542 anima
939 483 1027 544 habet
1040 491 1135 546 ortum
1149 497 1319 566 supernatu-

107 565 251 703 ml{an
273 640 357 702 Licet
370 640 401 698 in
415 641 511 700 anima
525 650 656 719 separata
669 639 757 702 nullae
770 641 884 720 possint
897 662 961 702 esse
975 642 1087 721 species
1101 663 1152 705 seu
1165 643 1239 706 ideae
1253 667 1317 708 sen·

109 723 223 800 sibiles,
238 742 303 800 qnae
324 721 454 780 oriantru
473 742 491 779 a
504 721 772 799 phantasmatibus;
800 742 859 782 non
874 723 1004 800 sequitur
1018 723 1113 782 nullas
1133 724 1195 785 lore
1212 726 1318 787 intelli·

109 802 228 880 gibilcs,
250 822 316 881 quae
336 801 368 859 in
388 801 485 860 anima
498 800 561 878 ipsa
574 801 788 878 subjectcntur3
805 803 880 862 Nam
893 810 998 880 prester
1009 803 1091 868 surde
1100 803 1192 881 irruite,
1202 825 1267 883 quse
1281 808 1319 868 ab

110 883 197 942 initio
210 883 267 960 ipsi
281 882 428 958 impressa
442 889 518 957 sunt,
528 880 646 940 habitus
654 879 719 940 vitii
729 901 803 957 quos
817 883 961 942 contraxit
974 883 1005 940 in
1016 902 1143 961 corpore,
1159 893 1189 943 ct
1201 885 1319 948 habitus

110 962 347 1040 supernaturales
360 957 510 1036 vinctum,
531 979 604 1037 quos
620 960 700 1020 Deus
718 961 845 1021 infundit
864 963 895 1019 in
909 962 997 1021 corda
1009 961 1147 1040 fidelium,
1163 963 1270 1025 debant
1288 965 1319 1025 in

110 1063 150 1101 ea
163 1059 320 1179 remanebrc.
350 1040 426 1177 lece
439 1039 513 1099 fides
526 1048 556 1099 et
569 1039 695 1100 charitas
710 1040 799 1102 semel
812 1041 843 1100 in
857 1040 954 1100 anima
966 1041 1116 1120 productae
1129 1061 1182 1121 pcr
1195 1045 1319 1122 gratiam

223 1129 268 1182 ta
301 1139 337 1180 ea
370 1118 448 1178 eeri.

111 1141 234 1260 Ἢ.
257 1199 397 1276 Qrmmvis
410 1197 506 1272 anima
520 1205 651 1276 separata
663 1218 723 1257 non
735 1197 842 1258 habeat
856 1218 965 1276 organa
978 1208 1008 1259 ct
1021 1199 1231 1279 phantasmata,
1246 1222 1318 1281 quo·

112 1301 179 1340 rum
193 1281 358 1339 interventu
379 1276 540 1356 intelligat3
561 1297 620 1336 non
642 1277 773 1356 sequitur
793 1299 857 1338 eam
876 1287 990 1356 torpere
1003 1289 1033 1339 et
1052 1280 1174 1340 otiosam
1193 1301 1319 1360 manere,

111 1361 185 1438 quia
212 1360 286 1420 alius
314 1364 359 1418 est
386 1357 489 1417 modus
516 1357 698 1434 intelligendi
719 1359 750 1416 in
776 1359 873 1418 anima
900 1359 981 1418 emita
1004 1359 1127 1437 corpori,
1151 1361 1227 1420 alius
1249 1381 1319 1423 vero

112 1439 252 1577 iAnnaoippa
266 1446 406 1516 separata,
420 1445 450 1496 et
462 1443 559 1514 potest
572 1437 635 1497 sine
648 1437 701 1497 tali
713 1438 948 1516 phantasmatum
961 1438 1091 1499 subsidio
1099 1440 1271 1518 intelligere,
1286 1450 1321 1502 ut

156 1539 253 1656 {cn
274 1595 353 1655 Alia
366 1601 434 1656 sunt
447 1594 622 1672 opwationoe
635 1597 784 1674 ονραηὶσω,
800 1603 830 1656 et
843 1595 1005 1657 materiales
1018 1596 1163 1676 hominis3
1184 1596 1263 1658 Aliae
1276 1599 1318 1659 ia·

113 1679 259 1755 orpoaicoe
271 1684 302 1735 et
314 1675 526 1750 immateriales,
542 1695 594 1734 seu
608 1675 790 1753 spirituales:
812 1676 885 1753 Illae,
895 1686 928 1737 ut
937 1677 1072 1753 sensatio,
1087 1677 1171 1755 visio,
1187 1677 1242 1737 &a
1256 1687 1321 1740 uta

114 1777 236 1835 corpore
249 1755 384 1834 pendent,
396 1755 438 1813 ita
448 1754 605 1832 incorpore
615 1763 729 1816 tautum
741 1754 841 1834 perfici
853 1763 993 1835 possunt;
1010 1757 1069 1817 Sed
1081 1757 1146 1818 istae
1159 1765 1244 1818 extra
1256 1777 1319 1819 cor-

115 1856 174 1915 pus
188 1837 274 1896 ctiam
288 1842 474 1913 peragrmtur.

160 1915 271 1974 XXII.
294 1910 433 1991 Quamvis
453 1922 488 1973 nt
509 1912 665 1990 plurimum
685 1913 759 1974 nihil
780 1912 818 1974 sit
837 1912 868 1972 iu
890 1913 1048 1991 intellectu,
1063 1915 1142 1992 quod
1162 1915 1243 1994 prius
1262 1933 1322 1977 non

117 1995 249 2055 fueritin
262 2013 357 2070 sensu,
373 1993 442 2071 quia
454 1992 558 2068 anima,
579 1992 718 2070 quamdiu
735 2001 781 2052 est
792 1993 824 2051 iu
837 2013 872 2052 oo
925 2013 964 2071 rc,
979 1993 1071 2054 utitur
1091 1995 1208 2072 organis
1222 2014 1322 2073 corpo·

117 2076 177 2134 reis
204 2075 242 2133 ad
262 2071 440 2134 exercendas
462 2072 651 2150 operationes,
675 2071 781 2132 sinon
805 2091 881 2150 quos
923 2081 1005 2132 actus
1027 2073 1148 2150 elicitos,
1172 2083 1203 2134 at
1225 2074 1323 2152 quoad

117 2164 201 2214 actus
219 2155 383 2232 imperatos,
398 2160 428 2212 et
448 2151 591 2211 ordinarie
605 2152 855 2229 phantasmatibus
869 2160 1007 2230 tanquam
1021 2153 1144 2231 objectis
1164 2161 1233 2231 eget
1246 2153 1323 2213 eirca

116 2255 185 2314 qua
202 2242 351 2310 versetur;
378 2232 434 2291 hoo
453 2241 550 2291 tarum
571 2231 702 2290 absolute
724 2240 754 2291 ct
774 2231 943 2308 simpliciter
962 2250 1064 2292 verum
1083 2252 1143 2292 non
1163 2242 1227 2309 est3
1255 2253 1323 2292 nam

119 2315 201 2374 Deus
215 2313 266 2392 qni
280 2321 325 2372 cst
337 2313 369 2371 iu
382 2310 540 2386 intellectu,
554 2329 702 2386 nunquam
716 2318 813 2370 umen
826 2311 881 2370 fuit
901 2311 932 2369 in
953 2330 1058 2388 sensu;
1087 2321 1117 2372 et
1136 2313 1240 2389 anima,
1257 2333 1323 2391 quse

116 2394 244 2472 seipsam
264 2393 400 2468 intuetur,
428 2399 459 2450 et
479 2409 565 2469 supra
585 2389 708 2468 seipsam
728 2390 892 2467 reflectitur,
913 2411 972 2451 non
993 2400 1089 2469 potest
1102 2391 1161 2451 dici
1182 2391 1272 2452 fuisse
1291 2393 1323 2452 in

118 2493 218 2534 seusu
1394 2501 1400 2514 ·

160 2551 293 2612 XXIII.
324 2549 419 2626 Quum
445 2547 578 2608 homines
605 2547 741 2609 (licuntur
770 2551 886 2628 spirim
918 2553 1033 2628 cadens,
1062 2560 1090 2610 et
1119 2571 1176 2611 aon
1202 2551 1322 2627 redies,

1 2681 2 2684 ,
120 2631 231 2692 Psalm.
251 2629 368 2690 lxxviii.
390 2631 438 2704 39,
461 2648 513 2706 per
540 2627 673 2706 spiritum
693 2649 753 2689 non
774 2629 943 2707 designatur
965 2631 1069 2707 anima,
1093 2631 1269 2707 sedeamus,
1290 2639 1325 2690 nt

119 2713 191 2774 vite
204 2711 338 2771 hnmana
350 2709 480 2769 brevitas
493 2715 524 2767 et
536 2707 679 2785 fragilitas
699 2717 823 2786 notetur,
839 2708 941 2769 similis
955 2719 1053 2787 vento,
1069 2711 1120 2788 qui
1138 2709 1195 2770 cito
1210 2710 1322 2788 transit,

117 2791 268 2871 quomodo
281 2789 389 2865 Iobus,
403 2788 453 2848 vii.
469 2791 497 2863 ’1,
512 2789 653 2848 Manena
666 2789 729 2864 mci,
743 2788 846 2867 iuquit,
861 2789 929 2866 queo
941 2799 1037 2849 centu
1047 2799 1088 2849 eet
1099 2791 1158 2849 cita
1170 2809 1242 2849 mea

161 2870 290 2930 XXIV.
312 2869 407 2944 Quum
428 2867 534 2927 monui
553 2866 689 2928 dicuntur
711 2867 845 2944 dormire,
868 2867 938 2928 Joh.
958 2868 999 2927 xi.
1022 2871 1068 2945 11,
1091 2871 1106 2926 l
1128 2868 1193 2929 Gor.
1212 2869 1254 2930 xl.
1274 2870 1323 2944 30,

122 2954 138 3010 l
155 2951 259 3010 Thess.
281 2949 321 3008 iv.
338 2951 384 3024 15,
400 2956 430 3007 ct
450 2946 528 3023 alibi,
543 2945 599 3004 hoc
619 2965 678 3005 non
691 2953 826 3024 respectu
839 2946 943 3006 animae
956 2947 1177 3024 intelligendum
1190 2955 1244 3023 est,
1259 2966 1325 3024 qna

119 3030 261 3108 recipitur
269 3029 300 3088 in
316 3029 429 3103 coelum,
445 3025 563 3086 atrivit
577 3045 642 3085 oum
654 3025 777 3102 Christo,
793 3025 845 3085 aed
857 3034 989 3104 respectu
1004 3026 1132 3105 corporis
1144 3025 1224 3102 quod
1237 3025 1268 3084 in
1281 3025 1325 3084 vi-

120 3120 182 3169 tam
190 3107 385 3169 revocandum
394 3114 446 3182 est,
456 3113 490 3166 ut
500 3123 517 3164 a
526 3123 627 3164 somno
635 3105 673 3163 ad
681 3104 830 3182 vigiliam3
846 3113 880 3164 ut
888 3124 964 3182 saepo
972 3105 1038 3164 ideo
1051 3123 1130 3163 mors
1143 3123 1244 3164 somno
1258 3123 1326 3162 con·

121 3189 191 3249 ferri
205 3190 288 3266 solet,
304 3188 355 3265 qui
367 3187 455 3246 frater
468 3186 532 3262 ejus
553 3192 583 3243 et
602 3185 699 3261 imago
713 3183 827 3244 dicitur.
870 3183 957 3244 Unde
971 3183 1041 3243 alibi
1054 3183 1189 3243 dicamur
1202 3183 1328 3244 domm

122 3269 152 3328 in
160 3273 290 3346 pulvere,
308 3267 383 3327 Dan.
398 3265 449 3325 xii.
464 3269 492 3340 2,
508 3263 587 3343 quod
600 3263 715 3323 nonnisi
729 3264 767 3322 ad
779 3282 885 3341 corpus
897 3262 998 3322 referri
1011 3269 1116 3342 potest.

162 3348 273 3408 XXV.
296 3346 367 3405 Alia
379 3345 453 3405 ratio
470 3352 515 3403 cst
527 3344 704 3403 bwtiacdias's
714 3344 858 3420 inchoata,
874 3343 932 3402 alia
945 3351 1164 3417 consummem
1183 3341 1249 3403 loca
1261 3359 1328 3420 quse

121 3429 299 3506 pollicentur
311 3425 520 3486 beatitudinem
533 3431 599 3500 post
619 3423 865 3500 resurrectionem,
885 3443 944 3482 non
962 3424 1089 3484 inferunt
1105 3423 1204 3483 statim
1216 3421 1328 3482 mimas

121 3509 259 3582 dormire,
273 3506 324 3566 vel
338 3503 455 3564 excludi
468 3524 486 3563 a
498 3501 611 3562 visione
626 3502 683 3562 Dei
696 3513 763 3564 ante
776 3502 850 3564 illud
862 3511 977 3582 tempus
988 3526 996 3581 3
1012 3503 1072 3564 Sed
1143 3511 1177 3563 nt
1190 3501 1226 3563 de
1236 3502 1327 3563 felici·

119 3589 190 3649 tatis
204 3585 462 3662 consummatione,
477 3603 542 3662 qua
551 3582 615 3661 jam
629 3582 763 3645 inchoata
775 3583 831 3644 fuit
843 3585 941 3644 statim
954 3584 992 3644 ab
1006 3584 1088 3645 obitu
1121 3583 1239 3645 delium.
