3152 5178
148 329 250 382 osser
276 309 316 393 r]
584 332 624 372 nn
638 332 697 374 nno
712 332 780 388 osc,
797 333 834 374 nr
848 332 946 374 curuo.

403 473 488 532 Metu
501 473 582 534 tutet
594 473 732 548 attonitos,
747 483 774 532 et
786 475 873 532 surdo
886 475 1000 534 verbm
1013 475 1095 533 cudit

241 631 248 646 ·
406 555 551 614 Occultum
565 555 703 630 quatiente
716 553 811 612 auimo
825 563 930 614 tortore
935 556 1091 632 flocellum,
1108 551 1162 614 dcc.

194 631 280 694 ond·
297 632 526 773 Facto-om
540 733 623 789 meus,
639 713 780 790 uterique
792 734 846 772 creo
859 723 906 789 est,
922 715 963 773 ito
977 713 1097 790 concipit
1108 715 1185 774 intro

483 795 614 870 Pectora,
624 813 683 870 pro
688 797 771 869 sacto
784 813 914 870 epmrque
927 803 1081 871 cretumque
1094 813 1153 854 ruo.

163 952 244 1014 Unde
255 959 382 1012 terrores
397 951 441 1011 illi
455 952 638 1013 conscientie
648 951 826 1030 trepidantes
835 952 873 1012 ed
887 954 1028 1014 atrociora
1041 953 1168 1012 facinore
1180 953 1237 1014 nisi
1251 973 1366 1016 esensu

159 1034 281 1110 alicujus
295 1031 433 1090 Vindicis
452 1041 482 1092 et
494 1033 619 1108 Judicis,
638 1053 724 1110 quem
745 1033 801 1092 etsi
821 1053 879 1092 non
892 1033 981 1108 videt,
1003 1034 1111 1111 ubique
1132 1041 1228 1093 temen
1248 1053 1364 1111 persen-

160 1113 259 1172 tiscit?
294 1113 344 1170 Illi
358 1113 437 1170 enim
450 1121 576 1172 terrores
585 1121 733 1190 nequeunt
746 1113 898 1191 provenire
912 1114 949 1172 eb
963 1114 1060 1191 aliquo
1074 1121 1154 1174 metu
1168 1114 1280 1192 Legum
1294 1117 1365 1174 civi-

155 1193 238 1268 lium,
255 1211 308 1252 seu
322 1193 490 1270 temporalis
508 1193 630 1271 alicujus
650 1211 744 1270 poenae
760 1202 811 1253 cut
831 1192 973 1270 infundes,
995 1203 1057 1252 tum
1070 1194 1139 1270 quis
1158 1193 1221 1254 haec
1234 1215 1292 1254 non
1306 1215 1365 1255 me-

158 1281 281 1334 tuuntur
293 1272 351 1332 nisi
370 1273 409 1332 ob
427 1271 579 1332 meleisctc
598 1272 758 1348 manifeste,
778 1293 843 1350 quse
864 1273 926 1332 sols
945 1274 1026 1351 leges
1039 1273 1149 1349 civiles,
1164 1282 1194 1333 et
1208 1274 1366 1335 secundnm

158 1371 209 1412 eus
222 1353 245 1412 J
246 1353 347 1412 udices
361 1353 464 1429 punire
479 1361 618 1429 possunt;
638 1361 701 1412 tum
714 1353 883 1430 quinctium
897 1362 1038 1431 occupent
1051 1371 1101 1413 eos
1115 1354 1165 1431 qui
1179 1355 1321 1414 neminem
1336 1355 1367 1414 in

159 1432 244 1492 terris
259 1432 437 1509 superiorem
451 1440 619 1510 agnoscunt,
635 1433 743 1510 quiquo
763 1432 829 1502 ideo
843 1453 860 1492 c
873 1433 987 1493 nemine
1003 1433 1129 1511 judicari
1149 1444 1287 1511 possunt:
1310 1435 1366 1510 Qui

158 1512 193 1570 fit
213 1512 295 1587 nlius,
311 1522 344 1570 ut
358 1531 447 1588 quum
468 1512 656 1589 improvisum
676 1513 786 1590 ingruit
806 1513 973 1590 periculum,
989 1514 1037 1573 vel
1057 1514 1224 1591 repentinus
1238 1515 1367 1574 oboritur

159 1601 261 1666 terror,
283 1592 306 1648 ii
326 1591 377 1668 qui
398 1610 512 1650 omnem
527 1592 718 1652 Divinitstem
735 1613 772 1652 ex
791 1593 886 1651 snimo
901 1593 1044 1654 delevisse
1058 1593 1239 1669 videbuntur,
1261 1595 1366 1655 iratum

160 1671 278 1730 Numen
299 1671 528 1748 perhorrescent,
543 1680 573 1732 et
586 1673 779 1750 ejaculetoriis
800 1672 933 1750 precibus
947 1682 976 1732 et
990 1673 1121 1751 suspiriis
1135 1694 1220 1752 opem
1236 1675 1299 1752 ejus
1314 1676 1365 1734 im-

159 1752 302 1828 plorent?
322 1751 401 1825 Quid
410 1770 480 1810 vero
494 1771 544 1810 eos
557 1751 700 1828 trepidare
714 1751 790 1830 iacit,
806 1752 857 1829 qui
870 1762 920 1812 eut
934 1753 965 1810 in
979 1754 1092 1812 occulto
1103 1762 1132 1812 et
1142 1753 1241 1812 abdito
1254 1755 1368 1832 profani

158 1841 238 1904 sung
261 1839 312 1890 ent
333 1831 410 1889 intre
430 1831 557 1892 animum
579 1851 663 1892 suum
685 1839 798 1892 tentmn
821 1833 917 1892 Deum
939 1851 1002 1892 esse
1020 1837 1150 1909 negent?
1170 1834 1273 1894 Venus
1294 1835 1368 1894 forte

161 1911 242 1970 dices
260 1921 307 1969 est
328 1919 441 1986 metus;
463 1910 506 1971 At
520 1911 545 1970 si
559 1931 651 1971 venus
665 1920 717 1986 est,
733 1911 811 1970 unde
825 1915 891 1970 est?
912 1911 971 1970 Cur
991 1911 1064 1970 sdeo
1085 1913 1219 1988 pertinax
1238 1922 1268 1972 et
1285 1914 1367 1974 inex-

154 1989 330 2068 pugnabilis
344 1999 397 2065 est,
412 1991 499 2050 etiem
513 2010 578 2050 cum
592 1991 672 2050 nullu
684 1990 833 2050 metuendi
847 2010 934 2049 censs
946 1994 1013 2050 est?
1034 1991 1105 2065 Quis
1118 2000 1169 2050 eut
1182 1991 1253 2068 quid
1266 1994 1368 2052 metui-

160 2079 209 2130 tur
222 2070 261 2128 ab
275 2089 320 2145 co,
336 2070 387 2147 qui
408 2070 464 2128 sibi
485 2071 563 2130 solus
582 2071 791 2148 cogitationum
810 2089 927 2129 suerum
941 2069 1073 2130 conscius
1087 2079 1140 2144 est,
1156 2071 1206 2147 qui
1226 2072 1369 2132 neminem

159 2150 313 2224 arbitrum,
328 2157 379 2208 eut
392 2157 504 2225 testem,
519 2159 570 2209 ent
586 2150 716 2228 judicem
731 2169 829 2208 esrum
843 2169 906 2209 esse
921 2167 1075 2226 persuasus
1089 2153 1156 2208 est?
1178 2149 1370 2227 Seipsumne?

163 2229 206 2288 At
221 2230 277 2289 sibi
291 2229 483 2288 amicissimus
497 2239 550 2290 est.
572 2230 717 2290 Aliosne?
738 2228 782 2288 At
795 2229 840 2288 illi
853 2230 996 2308 ignorent,
1008 2229 1079 2307 quid
1093 2229 1189 2288 animo
1204 2230 1313 2307 cogitet
1320 2241 1371 2291 cut
1465 2231 1468 2240 '

162 2309 309 2370 molietur.
350 2309 426 2368 Tum
440 2309 465 2367 si
479 2309 534 2370 tuti
549 2328 612 2368 esse
626 2309 726 2383 velint,
742 2329 791 2368 ore
811 2309 935 2388 probent
955 2309 1034 2386 quod
1054 2309 1140 2368 corde
1153 2319 1271 2387 negent.
1313 2312 1371 2371 Cur

162 2391 258 2448 securi
282 2399 352 2448 tunc
373 2409 433 2448 non
455 2389 536 2448 sint?
565 2390 645 2468 Ergo
663 2389 755 2448 velint
775 2389 869 2449 nolint
892 2389 987 2448 Deum
1014 2389 1140 2466 aliquem
1168 2410 1231 2449 csse
1252 2391 1371 2452 credunt

160 2479 285 2546 oportet,
301 2487 388 2546 quem
402 2469 466 2546 ipse
478 2477 558 2528 rects
567 2469 641 2528 rctio
651 2469 736 2528 docet
745 2479 882 2546 metuere,
897 2489 983 2546 quem
993 2469 1078 2546 jubet
1091 2470 1200 2547 ubique
1214 2489 1370 2548 agnoscere

162 2557 301 2626 mnqusm
318 2548 474 2608 Dominum
489 2558 518 2609 et
531 2548 668 2608 Judicem
681 2549 818 2610 omnium.

203 2629 278 2690 XV.
302 2629 363 2688 Nec
377 2629 492 2688 obstare
513 2637 608 2706 potest
629 2629 707 2706 quod
729 2629 845 2703 Paulus,
861 2629 937 2706 Eph.
955 2628 1152 2705 iv.19,dicet
1172 2630 1304 2690 homines
1317 2631 1369 2690 sli-

162 2709 282 2786 quando
296 2727 423 2786 eousque
436 2709 554 2768 melitite
573 2709 723 2786 pervenire
736 2717 770 2769 nt
781 2708 939 2769 reddentur
952 2708 1135 2782 ἀπηλγηκότες,
1150 2710 1180 2768 id
1194 2719 1247 2784 est,
1261 2709 1370 2769 doloris

162 2790 267 2863 omnis,
283 2807 369 2865 quem
384 2788 561 2848 conscientie
574 2787 702 2865 alioquin
717 2789 791 2849 solet
804 2789 938 2864 inserere,
954 2799 1096 2867 expertes,
1112 2792 1170 2848 imo
1186 2809 1322 2867 eousque,
1338 2799 1371 2850 ut

162 2869 370 2928 conscientiam
390 2869 517 2926 hnbeent
537 2869 768 2949 nuemegreepim
789 2869 916 2928 cauterio
937 2869 1071 2943 inuelem,
1093 2889 1128 2928 se
1149 2869 1269 2947 proinde
1284 2889 1371 2930 sensu

164 2949 242 3008 omni
256 2969 291 3008 se
305 2967 435 3006 remorsu
448 2948 599 3026 privatam,
615 2958 647 3008 ut
658 2949 818 3026 Apostolus
831 2947 967 3024 loquitur,
985 2951 1000 3006 l
1017 2949 1091 3008 Tim.
1106 2949 1146 3008 iv.
1162 2953 1190 3008 2.
1226 2949 1301 3006 Num
1315 2949 1371 3008 hoc

164 3028 274 3088 indicat
295 3028 413 3106 quidem
435 3035 569 3088 conatum
590 3036 620 3088 et
642 3028 770 3088 studium
793 3026 977 3104 profanorum
999 3027 1141 3104 ejusmodi
1162 3028 1319 3103 hominum,
1342 3038 1372 3088 et

165 3117 285 3168 conatus
305 3109 390 3167 istius
404 3107 546 3183 effectum,
562 3109 612 3185 qui
626 3107 695 3166 ioris
709 3115 836 3185 sppsret,
852 3104 968 3182 quendo
989 3106 1104 3164 scelesti
1124 3106 1172 3164 isti
1191 3107 1371 3166 extrinsecus

152 3187 368 3247 ‚confidentium
390 3188 555 3262 ostendunt,
578 3197 608 3248 et
630 3187 812 3246 obfirmatum
834 3183 872 3244 cd
897 3185 1005 3244 scelere
1026 3185 1161 3259 animum,
1186 3185 1268 3262 qussi
1290 3187 1370 3246 nullo

166 3269 306 3327 scelernm
332 3287 419 3328 sensu
445 3277 496 3328 unt
523 3267 706 3328 conscientie
729 3285 828 3325 morsu
850 3273 1064 3342 premerentur;
1096 3265 1140 3324 At
1162 3285 1221 3324 non
1245 3267 1371 3328 ostendit

166 3349 266 3424 qunles
279 3349 376 3406 enimc
390 3348 468 3406 intus
483 3347 551 3408 sint.
592 3347 659 3406 Hoc
673 3348 750 3406 enim
764 3365 823 3404 non
836 3355 963 3422 apparet,
978 3345 1034 3404 hoc
1048 3344 1228 3406 dissimulare
1247 3347 1277 3406 in
1297 3348 1369 3425 pub-

166 3427 221 3486 lico
241 3437 381 3506 possnnt;
405 3428 444 3486 Et
458 3427 481 3485 si
496 3427 624 3486 exterius
637 3427 781 3502 videntur,
797 3425 859 3486 sinc
874 3445 968 3500 sensu,
984 3425 1046 3484 sine
1063 3425 1162 3486 dolore
1177 3436 1252 3502 sumt,
1268 3427 1326 3486 imo
1340 3437 1370 3489 et

166 3508 227 3566 eine
241 3527 277 3566 eo
290 3527 355 3568 esse
369 3527 401 3566 ee
421 3506 518 3585 pulum
538 3505 737 3580 nffirmebunt;
758 3516 789 3566 st
812 3506 838 3566 si
858 3505 937 3566 intus
951 3506 1049 3566 videre
1063 3527 1113 3568 eos
1133 3507 1240 3582 liceret,
1256 3507 1369 3567 enimus

168 3607 264 3646 eorum
285 3587 441 3665 inquietus,
463 3595 493 3645 et
513 3587 621 3646 aculeis
641 3586 803 3646 durissimis
823 3586 950 3662 agitatus
964 3585 1118 3648 videretur.
1161 3587 1258 3647 Nolim
1273 3597 1369 3647 tamen

167 3687 271 3746 negure
282 3667 345 3726 fieri
357 3675 484 3745 possent
495 3687 532 3725 ex
540 3667 680 3743 peccandi
690 3666 896 3726 consuetudine
907 3667 1012 3726 cellum
1023 3667 1175 3744 quemdum
1187 3668 1369 3726 conscientie

167 3746 206 3805 its
220 3747 374 3822 obducunt,
397 3754 430 3806 ut
450 3745 606 3824 eliqusndo
626 3755 656 3805 et
676 3746 843 3823 eliquendiu
857 3745 1010 3806 videantur
1022 3747 1153 3807 emisisse
1168 3766 1281 3804 omnem
1302 3767 1368 3823 pec·

167 3827 222 3886 cati
236 3847 363 3901 sensum,
379 3835 409 3885 et
422 3826 605 3885 conscientie
618 3844 745 3886 morsum
759 3845 817 3884 non
831 3826 957 3887 sentient
970 3826 1019 3886 vel
1032 3846 1090 3885 non
1105 3835 1213 3900 curent,
1229 3825 1369 3901 imprimis

168 3925 255 3982 qnnm
275 3907 373 3966 omnis
394 3907 454 3966 illis
473 3905 568 3966 fluunt
589 3925 627 3965 ex
648 3913 726 3981 voto,
749 3925 839 3983 quum
853 3906 930 3966 vires
954 3914 1095 3983 constent,
1118 3913 1147 3964 ct
1163 3902 1301 3964 valetudo
1325 3914 1370 3966 est

168 3985 255 4062 tirum,
271 3995 301 4046 et
322 3985 405 4046 levor
424 3985 558 4064 publicus
571 3984 663 4046 edest.
705 3985 748 4045 At
762 3994 794 4045 ut
813 4005 929 4044 sensum
948 4004 1062 4044 omnem
1082 3985 1197 4062 penitus
1211 3983 1367 4060 emiserint

168 4065 223 4124 dici
237 4086 295 4125 non
309 4074 422 4144 potest;
444 4065 550 4124 dormit
563 4066 746 4140 conscientie,
761 4085 821 4124 non
834 4073 1010 4139 mortuaest,
1026 4064 1105 4122 ebrie
1118 4072 1163 4123 est
1176 4083 1194 4120 s
1208 4082 1301 4138 cerne,
1317 4065 1369 4123 sed

168 4163 222 4202 non
237 4147 384 4221 extincts;
406 4145 478 4203 ulios
492 4145 636 4222 quomodo
651 4145 760 4205 Paulus
774 4144 869 4202 dicere
885 4152 983 4220 posset
996 4143 1118 4202 bmoinee
1132 4144 1235 4218 tepeo
1248 4163 1304 4202 oon
1317 4145 1368 4202 ta-

168 4225 263 4300 bentes,
278 4227 332 4284 sebi
344 4227 411 4301 ipris
421 4245 478 4284 eece
491 4227 602 4300 ltcpcos,
615 4235 642 4284 et
650 4228 794 4284 ostendere
804 4243 873 4299 opus
883 4223 967 4299 Lepis
976 4222 1112 4297 scriptum
1122 4223 1151 4280 io
1162 4222 1290 4280 cordibus
1302 4225 1367 4298 cuir,

168 4324 223 4364 unu
232 4307 416 4364 testimouium
424 4307 556 4364 reddente
564 4326 660 4364 eorum
668 4303 842 4376 conscientia,
853 4311 880 4362 et
888 4302 1096 4379 copitaomttoe
1106 4321 1135 4360 ee
1143 4311 1238 4360 muteeo
1246 4302 1368 4364 subinde

168 4393 196 4444 et
207 4405 258 4463 per
271 4385 427 4445 interisllc
440 4388 630 4444 mouentibus
644 4395 671 4444 et
683 4382 877 4444 monentibus
890 4382 920 4440 in
934 4381 1009 4440 mele
1023 4381 1071 4440 vel
1084 4381 1158 4440 bene
1172 4381 1264 4442 iactis.

469 4465 558 4526 XVI.
592 4469 619 4524 7.
651 4463 776 4524 Accedit
800 4471 935 4521 constans
963 4469 992 4521 et
1018 4470 1173 4539 perpetuus
1195 4467 1369 4538 populuum

429 4547 550 4603 omnium
569 4554 710 4604 senescet
730 4562 895 4614 coercerem
921 4542 1003 4602 Licet
1023 4542 1099 4602 enim
1118 4543 1311 4604 diversimode
1332 4545 1368 4603 de

431 4624 562 4684 Numinis
579 4635 689 4700 nature,
706 4623 742 4683 de
756 4642 884 4698 numero,
899 4622 936 4682 de
950 4623 1059 4692 ratione
1073 4643 1107 4682 sc
1122 4623 1207 4682 modo
1228 4623 1300 4681 illud
1321 4644 1368 4682 co·

167 4527 187 4575 7.
212 4531 235 4576 A
256 4530 407 4590 Popnlcrnm

221 4601 349 4634 consensu.
