3158 5190
115 349 325 432 comam]
600 367 824 414 cascanum.
1269 355 1325 416 mr

112 521 164 571 tur
175 512 241 570 sive
255 511 373 588 scripto,
388 508 452 568 siva
462 509 532 568 riva
543 524 623 586 voce,
638 509 793 588 aliquando
807 509 967 570 doctrinam
980 527 1046 588 qua
1060 509 1198 572 solaviva
1210 531 1283 573 voce
1297 523 1329 574 et

112 611 174 650 aon
188 591 299 666 scripto
312 589 450 648 cadim..
487 587 553 646 Nou
572 590 710 666 quaritur
722 591 759 649 da
779 589 946 650 Traditiona
966 590 1059 668 primo
1080 611 1175 667 sensu,
1193 593 1235 652 sic
1249 594 1326 652 enim

110 670 214 730 omnia
226 669 366 745 dogmata
381 667 537 745 Scripturis
557 677 690 728 contenta
702 677 824 746 possunt
841 670 940 728 vocari
959 671 1149 747 Traditionea,
1163 679 1197 730 ut
1218 673 1327 732 Paulus

111 748 335 808 Imitationem
350 747 540 808 Eucharistiae
553 757 647 825 vocet,
664 751 679 807 l
696 749 760 808 Cor.
775 749 816 810 xi.
831 752 878 826 23,
894 749 946 808 sed
965 751 1062 827 agitur
1075 751 1112 810 de
1125 749 1255 810 doctrina
1268 771 1327 810 non

112 848 304 965 ecanVH.
327 906 482 982 Parperam
495 904 682 983 distinguitur
695 927 713 965 a
727 907 866 966 Penonio
878 907 1040 981 aqfficiena'a
1053 908 1176 967 mediata
1189 917 1219 968 et
1232 910 1325 968 imme·

110 987 199 1044 daiam
207 1009 220 1058 ;
242 985 287 1045 Ut
301 985 450 1062 Scriptura
462 984 606 1044 sufficiens
619 985 732 1046 dicatur
747 1005 805 1044 non
820 985 945 1046 meando
967 1005 1062 1062 sensu,
1077 987 1129 1046 sed
1141 989 1242 1065 primo,
1257 990 1328 1066 quia

110 1085 173 1125 aas
185 1064 326 1124 amandat
338 1063 377 1122 ad
391 1063 560 1139 Ecclesiam,
575 1083 640 1140 quse
653 1073 754 1142 postea
767 1065 883 1144 supplet
891 1065 1020 1125 delectus
1036 1067 1210 1144 SerIpturae:
1252 1069 1331 1143 Quia-

110 1145 160 1204 sic
175 1164 249 1202 vera
264 1143 419 1220 Scripturas
432 1142 634 1202 insufficientia
647 1152 807 1219 notaretur3
830 1145 905 1204 Nam
926 1145 952 1204 ai
965 1144 1100 1205 amandat
1113 1146 1151 1204 ad
1165 1147 1326 1207 Ecclesiam

110 1243 183 1302 que
198 1222 400 1282 sufficientiam
419 1222 501 1280 illam
512 1223 626 1298 habeat,
648 1242 683 1282 eo
699 1224 762 1300 ipso
783 1223 910 1283 declarat
924 1243 954 1283 aa
969 1223 1049 1282 illam
1061 1244 1121 1283 non
1140 1226 1256 1286 hebere.
1297 1231 1326 1287 2.

112 1303 169 1362 Sic
184 1303 251 1362 lex
264 1311 363 1379 posset
375 1301 434 1360 diei
447 1300 574 1379 perfecta
586 1301 625 1360 ad
637 1303 768 1379 salutern,
783 1303 854 1380 quia
866 1303 1002 1362 mnendat
1014 1303 1053 1362 ad
1066 1305 1211 1364 Christum
1225 1307 1255 1364 in
1269 1325 1330 1384 quo

111 1382 209 1442 salus.
251 1385 280 1440 3.
304 1381 453 1460 Scriptura
464 1400 524 1439 non
544 1380 679 1441 amandat
698 1401 752 1441 nos
771 1381 811 1441 ad
829 1383 998 1459 Ecclesiam,
1014 1403 1078 1462 quse
1094 1403 1172 1443 nora
1192 1384 1328 1462 dogmma

110 1461 205 1520 nobis
219 1469 378 1538 proponat3
401 1459 461 1519 Sed
473 1467 507 1520 ut
519 1479 554 1518 ea
567 1479 632 1536 quie
645 1461 677 1518 in
692 1461 840 1540 Scriptura
852 1462 995 1522 habentur
1007 1463 1133 1541 explicet
1146 1471 1176 1523 et
1193 1465 1326 1544 applicet.

112 1540 182 1599 Nec
196 1541 244 1598 hic
258 1539 359 1617 reponi
378 1539 482 1615 debet;
505 1539 566 1598 Nos
589 1539 787 1600 sufficientiam
809 1543 894 1601 iatam
914 1541 1068 1602 mediatam
1082 1551 1215 1620 statuere,
1238 1563 1328 1621 quum

111 1619 256 1678 volumus
271 1617 449 1696 Scripturam
463 1618 488 1676 si
501 1637 560 1677 non
574 1639 718 1697 expresse,
733 1621 836 1680 saltem
849 1641 901 1698 per
921 1622 1155 1699 consequentiam
1169 1623 1265 1682 omnia
1278 1643 1327 1682 ne-

112 1698 246 1758 cessarie
258 1697 297 1756 ad
310 1697 432 1758 salutem
447 1698 601 1773 continere,
617 1700 686 1775 quia
698 1718 787 1776 quum
802 1700 951 1780 Scriptura
963 1721 1015 1778 par
1028 1702 1262 1778 consequentiam
1275 1703 1328 1762 ali-

112 1777 191 1857 quid
204 1776 298 1853 docet,
313 1795 372 1836 non
385 1776 521 1836 amandat
532 1776 572 1835 ad
583 1777 673 1838 alium
686 1778 736 1856 qui
749 1778 868 1854 doceat3
890 1779 942 1838 sed
955 1799 993 1839 ex
1003 1780 1069 1839 sinu
1083 1799 1135 1840 suo
1149 1781 1255 1858 promit
1263 1801 1329 1860 qna

113 1855 284 1916 virtualiter
296 1857 327 1914 in
340 1875 375 1914 ee
387 1855 525 1916 latebant.
567 1856 628 1916 Nec
643 1857 735 1916 simile
749 1858 868 1917 allatum
879 1877 897 1916 a
907 1859 1045 1917 Perronio
1054 1860 1201 1919 Vmorem
1214 1865 1328 1920 medea-

115 1936 174 2010 tr'oe,
190 1955 257 2012 qua
272 1935 446 1995 sufficientes
459 1934 602 2011 dicuntur,
617 1936 686 1995 lieet
700 1955 758 1994 non
774 1937 871 1995 omnia
884 1938 1051 1996 contineant
1064 1957 1128 2014 quae
1142 1939 1173 1995 in
1186 1939 1329 1999 mendatis

113 2015 236 2092 lagatus
256 2014 352 2090 hebet,
374 2021 472 2091 potest
492 2014 539 2072 hie
561 2014 781 2091 accommodam,
805 2015 873 2092 quia
899 2015 1047 2093 Scriptum
1070 2035 1128 2073 non
1152 2024 1197 2074 est
1217 2025 1330 2076 tantum

114 2093 254 2172 Epistola
275 2092 467 2168 credentialis,
490 2093 542 2152 sed
563 2095 649 2153 etiam
672 2091 809 2152 Edictum
825 2094 976 2172 Principis,
998 2094 1076 2170 quod
1092 2095 1133 2153 ita
1154 2095 1250 2152 omnia
1269 2115 1329 2156 ere·

114 2172 217 2231 danda
230 2181 261 2231 et
273 2171 405 2232 facienda
418 2173 553 2248 eontinet,
569 2181 602 2232 ut
614 2172 688 2230 nihil
701 2172 745 2230 illi
758 2173 923 2232 addendum
937 2173 986 2232 vel
1000 2172 1209 2232 detrahendum
1223 2174 1269 2232 sit.

159 2251 323 2310 XXVIII.
346 2251 487 2310 Perfectia
503 2251 658 2330 Scriptura
672 2271 737 2330 qua
757 2271 777 2311 a
797 2253 882 2311 nobis
896 2252 1034 2312 asseritur
1054 2271 1112 2311 non
1133 2251 1263 2312 excludit
1283 2254 1331 2313 vel

118 2330 319 2404 hfinisterium
333 2330 578 2408 Ecclesiastionm,
593 2331 672 2408 quod
685 2352 703 2389 a
717 2332 781 2390 Deo
795 2332 959 2391 institutum
973 2339 1018 2391 est
1031 2332 1069 2390 ad
1082 2331 1212 2390 Verbum
1226 2352 1329 2411 propo·

115 2409 249 2468 nandum
263 2419 292 2468 et
306 2409 516 2486 applicandum,
531 2409 589 2468 Vel
606 2410 729 2488 Spiritus
752 2411 781 2470 S.
796 2411 934 2470 virtutem
954 2412 1145 2470 neeessariam
1158 2411 1196 2469 ad
1209 2431 1331 2471 conver·

116 2488 232 2547 monem
246 2489 407 2548 internam:
450 2489 510 2548 Sed
522 2489 652 2548 excludit
671 2497 783 2550 tautum
803 2491 1004 2550 necessitatem
1024 2491 1143 2550 alterius
1163 2492 1272 2568 regulae
1291 2490 1330 2550 ad

116 2567 309 2627 dinastiam
323 2577 480 2642 externam,
495 2587 560 2644 quae
576 2568 731 2645 Scriptura
745 2567 867 2628 addatur
880 2570 918 2628 ad
932 2569 1011 2628 illam
1024 2569 1237 2647 perficiendam.
1263 2571 1330 2630 Non

115 2645 368 2784 fflpessaeta
381 2657 426 2706 est
441 2647 563 2724 Regula,
578 2647 647 2724 quia
659 2648 814 2724 requiritur
827 2667 929 2708 manus
938 2647 1100 2708 Architecti
1109 2649 1148 2708 ad
1160 2669 1224 2708 aem
1238 2649 1329 2728 appli-

159 2803 294 2863 XXIX.
317 2803 387 2862 Alia
414 2809 482 2862 arnt
508 2806 655 2880 Doymata
676 2805 800 2880 positiva
826 2813 856 2866 at
882 2805 1156 2884 altimetra-qua
1183 2805 1331 2884 explicent

115 2883 246 2961 positiva
266 2882 443 2960 quidnobis
463 2882 637 2942 credendam
659 2883 714 2958 sit,
743 2883 813 2943 Alia
831 2886 963 2962 amative
982 2904 1048 2961 quse
1069 2885 1174 2946 docent
1194 2886 1265 2962 quid
1292 2885 1331 2946 sit

117 2961 321 3038 rejiciendum.
344 2963 410 3020 Non
418 2962 556 3040 quaritur
563 2963 611 3022 hic
620 2971 716 3022 tamen
727 2962 764 3022 de
775 2963 946 3022 sufficientia
956 2964 1110 3040 Scripturas
1118 2963 1215 3040 quoad
1224 2965 1329 3024 articu-

115 3041 163 3100 los
177 3041 341 3118 nagetivoa
357 3041 441 3117 quasi
454 3060 589 3118 expresse
599 3041 704 3102 debeat
713 3043 860 3101 continere
870 3043 1056 3119 rejectionem
1066 3043 1194 3100 omnium
1202 3061 1329 3102 errorum

116 3127 147 3179 et
161 3121 326 3196 haeresium
347 3139 413 3196 quea
425 3120 475 3180 val
488 3121 557 3179 olim
571 3127 679 3181 exorta
693 3129 769 3196 aunt,
784 3121 834 3180 vel
853 3121 969 3180 oritura
989 3128 1057 3179 suut
1069 3119 1165 3179 adhuc
1179 3141 1187 3194 3
1210 3119 1284 3178 Nam
1297 3128 1331 3179 ut

116 3209 232 3259 rectum
245 3198 335 3258 index
348 3209 394 3260 eat
407 3199 453 3258 arii
466 3207 496 3258 et
509 3199 627 3277 obliqui,
642 3199 727 3259 facile
739 3199 910 3260 refelluntur
923 3217 1034 3258 errores
1046 3217 1084 3258 ex
1098 3198 1241 3276 positione
1254 3199 1328 3258 veri·

117 3279 197 3338 tatis.
242 3277 421 3417 Saldulagitur
443 3279 623 3358 potissimum
646 3280 683 3338 de
704 3279 834 3340 articulis
857 3278 1043 3355 affirmativis,
1066 3279 1117 3358 qui
1141 3286 1209 3339 sant
1234 3278 1329 3355 ipsum

119 3376 226 3418 animae
261 3378 278 3416 a
327 3375 387 3417 um.

160 3437 196 3496 X
298 3436 428 3496 Traditio
442 3436 573 3512 sumitur,
588 3437 637 3496 vel
644 3438 810 3513 formaliter
821 3457 875 3516 pro
888 3445 956 3497 acm
969 3436 1112 3514 tradendi,
1127 3437 1177 3497 vel
1191 3439 1326 3497 materia·

121 3515 185 3576 tear
198 3536 252 3595 pro
265 3517 374 3592 reipsa
387 3513 511 3575 tradita:
531 3515 580 3574 hie
600 3535 658 3574 non
679 3516 775 3594 agitur
795 3517 831 3576 da
852 3517 1018 3578 [traditione
1038 3518 1131 3596 primo
1152 3537 1247 3593 senar,
1268 3536 1327 3593 quo

121 3613 184 3654 mm
198 3595 388 3671 admittimus,
403 3595 472 3672 quia
484 3613 537 3674 per
549 3614 614 3654 eam
629 3595 793 3674 Scripturas
806 3597 953 3674 habemus,
969 3597 1021 3656 sed
1034 3597 1169 3673 secundo,
1191 3617 1250 3675 quo
1263 3613 1326 3656 eam

122 3693 160 3735 ne
229 3693 275 3734 us.

161 3693 293 3813 XXXI.
317 3753 466 3830 Scriptura
479 3753 518 3812 V.
530 3753 564 3814 T.
571 3755 705 3828 perfecta
715 3752 770 3813 fuit
783 3757 964 3815 caseatsah'ter
977 3763 1007 3814 at
1019 3755 1159 3828 absolute,
1175 3753 1244 3830 quia
1257 3751 1324 3812 aab·

121 3835 256 3893 staafiam
270 3832 410 3892 doctrinae
423 3832 592 3892 necessariae
600 3832 638 3890 ad
652 3833 773 3891 salutem
788 3834 953 3894 continebat
963 3833 1136 3894 sufficienter
1148 3851 1200 3909 pro
1214 3831 1324 3890 ratione

122 3912 200 3971 illias
226 3912 384 3990 temporis3
414 3912 548 3988 quamvis
572 3912 782 3970 accidentaliter
808 3922 838 3973 at
864 3921 1027 3990 comparata
1061 3931 1137 3987 resp.
1169 3909 1324 3985 Scriptum

122 3991 158 4050 N.
173 3991 206 4050 T.
221 3991 391 4068 imperfecte
404 3990 463 4049 dici
475 3989 567 4068 possit
586 3991 697 4049 ratione
720 3991 799 4050 modi
819 3991 1065 4068 manifestationis,
1088 3989 1157 4047 licat
1169 4005 1245 4064 resp.
1267 3987 1323 4046 Ec·

122 4068 216 4129 clasiae
230 4069 367 4130 Judaicae
381 4069 421 4128 ait
434 4077 504 4128 retas
517 4069 619 4144 virilis,
635 4069 701 4128 Gal.
712 4071 752 4129 iv.
1170 4089 1172 4094 ·
1265 4141 1272 4156 ι

159 4147 308 4209 XXXII.
329 4149 436 4209 Jesum
449 4147 540 4208 lilium
556 4149 657 4207 Maria
670 4167 734 4208 essa
747 4167 849 4208 verum
864 4147 1010 4220 Messinm,
1025 4144 1074 4203 rel
1089 4144 1196 4202 Filium
1218 4141 1274 4200 Der
1292 4142 1325 4201 in

121 4246 203 4288 cama
216 4227 342 4303 venisse,
358 4247 419 4286 non
432 4237 477 4287 est
498 4247 592 4289 novus
614 4227 752 4288 articulus
774 4225 850 4301 fidei,
876 4225 928 4286 sed
951 4223 1106 4302 explicatio
1128 4230 1157 4281 et
1170 4219 1324 4299 applicatio

122 4307 351 4386 precedentium,
368 4325 434 4384 qus
448 4306 479 4364 in
498 4307 641 4384 hypothesi
662 4306 748 4366 docet
769 4305 848 4381 quod
865 4304 928 4382 jam
951 4311 1018 4362 ante
1039 4302 1070 4359 in
1084 4301 1123 4360 V.
1137 4301 1171 4360 T.
1186 4299 1323 4360 traditum

123 4397 176 4447 erat
189 4388 219 4447 in
234 4389 308 4448 thesi
320 4387 360 4446 de
376 4385 494 4446 Massia.
527 4385 574 4445 Ita
587 4385 655 4446 dum
671 4385 803 4445 Christus
817 4382 1014 4460 apographum
1028 4380 1219 4457 chirographo
1232 4379 1322 4456 addit,

121 4470 361 4548 complementum
377 4463 565 4540 praedictioni,
587 4472 617 4523 et
630 4483 734 4542 eorpus
747 4462 865 4536 umbris,
888 4480 947 4520 non
960 4479 1065 4519 novam
1079 4459 1238 4520 doctrinam
1258 4479 1323 4538 pro-

116 4551 197 4628 ponit,
213 4547 269 4610 sed
284 4553 421 4604 veterem
435 4551 546 4602 tantum
560 4544 680 4620 exponit
693 4551 723 4601 et
736 4542 870 4601 illustrat.

146 4625 324 4691 XXXIII.
348 4619 481 4681 Traditio
505 4621 541 4680 de
567 4622 715 4698 Semptura
736 4639 794 4678 non
816 4619 924 4680 evincit
945 4617 1127 4678 Traditiones
1150 4614 1213 4672 dari
1243 4621 1325 4674 extra
