3152 5178
220 309 277 367 160
707 325 798 368 rocus
812 325 945 368 nunnus.
982 289 984 296 ’
1247 305 1373 387 [ossen
1390 327 1429 372 ir.

219 467 377 606 Dilnqwd
391 477 550 545 negamus:
566 465 640 526 Num
649 486 713 545 quse
724 468 809 527 nobis
821 468 989 546 perturbata
1003 464 1138 528 videntur
1151 465 1229 545 apud
1245 467 1341 527 Deum
1356 479 1433 530 sunt

217 567 250 606 or
271 549 278 562 ‘
301 547 437 607 atissima.

258 627 383 686 XXIV.
406 625 545 702 Quamvis
559 626 589 684 in
603 625 711 686 mundo
724 626 806 687 varia
819 626 972 688 videantur
993 626 1115 701 inutilia,
1140 625 1199 685 imo
1221 627 1314 686 mults
1334 629 1430 688 noxia

216 715 247 767 et
260 707 428 785 periculosa,
443 727 509 783 quae
522 706 561 765 ad
575 707 620 766 sui
633 706 724 784 ipsius
737 707 893 785 perniciem
907 716 936 767 et
949 706 987 766 ed
1001 706 1120 766 humani
1132 707 1247 783 generis
1261 717 1428 768 extremam

217 787 361 846 miseriam
376 795 540 864 comparata
554 794 629 862 sunt,
644 795 678 846 ut
691 787 827 847 horrendi
840 795 870 846 et
883 786 1025 865 ignivomi
1038 793 1159 860 montes,
1175 787 1225 863 qui
1238 787 1427 848 flammarum

216 875 245 926 et
259 866 386 927 cinemm
400 875 538 944 perpetua
551 867 726 926 eructatione
741 887 835 945 agros,
849 886 950 946 pagos,
960 867 1093 926 civitates
1106 873 1136 925 et
1143 866 1273 943 integras
1286 867 1427 944 regiones

215 967 281 1006 cum
295 947 460 1006 hominibus
474 954 503 1006 et
516 946 627 1006 caeteris
641 947 835 1008 animantibus
848 947 1028 1024 iniquissimo
1042 946 1101 1006 fato
1115 945 1249 1022 obruunt,
1264 948 1426 1024 voragines

214 1027 341 1104 marinae,
357 1025 468 1104 scopuli
488 1026 629 1104 naufragi,
652 1026 749 1087 herbae
772 1038 931 1104 venenatis,
955 1035 985 1086 et
1008 1027 1097 1085 noxia
1119 1025 1286 1102 animan
1311 1035 1342 1087 et
1363 1028 1427 1086 alis

213 1106 355 1184 idgenus:
377 1107 444 1164 Non
458 1107 588 1183 sequitur
600 1107 740 1166 mundum
754 1106 790 1166 ab
812 1107 910 1184 aliquo
933 1107 1009 1166 Ente
1030 1107 1139 1184 optimo
1163 1115 1193 1164 st
1206 1107 1425 1184 sapientissimo

213 1186 361 1246 conditum
382 1205 441 1244 non
462 1185 559 1262 fuisse,
585 1195 614 1245 et
638 1187 675 1245 ab
696 1187 798 1246 eodem
821 1207 880 1245 non
906 1186 1012 1264 dirigi;
1035 1186 1109 1260 Quia
1127 1193 1321 1263 praeterquam
1341 1187 1425 1264 quod

213 1267 307 1343 gloria
321 1265 464 1325 Crantoris
478 1285 516 1324 ex
530 1266 593 1326 istis
608 1267 741 1326 omnibus
754 1267 912 1326 clarissime
925 1267 1028 1341 elucet,
1043 1265 1116 1324 nihil
1129 1275 1189 1324 tom
1203 1275 1249 1324 est
1262 1266 1375 1342 inutile,
1387 1276 1425 1327 et

213 1347 334 1404 noxium
346 1346 431 1405 nobis
445 1345 568 1422 videtur,
584 1345 662 1423 quod
676 1346 764 1404 variis
778 1346 872 1406 modis
893 1345 1074 1405 conducibile
1087 1365 1147 1403 non
1161 1346 1207 1421 sit,
1224 1353 1287 1404 turn
1309 1347 1423 1406 homini

211 1433 273 1485 tum
287 1426 352 1484 aliis
367 1425 528 1485 Oreaturis:
551 1426 612 1484 Nec
627 1427 651 1484 si
664 1426 761 1484 varios
774 1445 845 1486 usus
858 1445 954 1485 rerum
966 1426 1087 1486 istarum
1099 1443 1159 1484 non
1172 1444 1328 1503 possumus
1342 1445 1421 1486 asse·

211 1506 269 1582 qui,
286 1506 422 1565 continuo
436 1504 565 1581 sequitur
577 1505 673 1564 nullos
687 1525 758 1564 esse.

252 1585 360 1645 XXV.
383 1585 525 1662 Prospera
544 1585 706 1662 impiorum,
730 1593 759 1644 et
783 1583 905 1644 adversa
925 1585 1038 1662 piorum
1062 1583 1220 1644 ostendunt
1240 1583 1421 1662 sapientissi-

79 1673 87 1692 ·
210 1683 287 1723 mam
302 1665 562 1743 Dispensationem,
578 1664 629 1741 qui
642 1666 704 1724 haec
718 1665 814 1722 omnia
828 1663 865 1723 ad
879 1665 1001 1741 gloriam
1022 1683 1104 1724 susm
1124 1671 1154 1723 et
1166 1664 1280 1741 piorum
1295 1665 1421 1724 salutem

210 1745 372 1804 convertit:
405 1744 463 1803 Sed
488 1743 658 1802 Divinitatis
682 1744 770 1802 fidem
792 1743 966 1803 labefactare
989 1763 1048 1802 non
1072 1743 1197 1803 debent:
1220 1744 1285 1802 Imo
1304 1745 1419 1804 Judicii

210 1825 305 1884 ultimi
318 1833 384 1902 post
397 1825 472 1883 hanc
486 1823 576 1883 vitam
597 1825 751 1883 exercendi
765 1825 916 1884 veritatem
941 1823 1118 1900 confirmant,
1144 1823 1195 1884 ubi
1217 1825 1419 1902 unusquisque

210 1906 328 1984 recipiet
341 1905 410 1964 fidei
423 1913 453 1963 et
466 1903 549 1963 Iactis
564 1913 763 1964 consentanea.

123 1979 125 1986 ⁴
251 1985 376 2044 XXVI.
399 1985 514 2044 Bonum
538 1983 681 2043 infinitum
702 2004 761 2042 non
784 1983 880 2043 statim
902 1983 979 2043 tollit
1000 1983 1098 2041 omnia
1118 1982 1203 2056 mala,
1227 1983 1252 2042 si
1273 1983 1312 2042 sit
1326 2003 1418 2061 agens

208 2064 385 2124 liberrimum
399 2084 458 2123 non
471 2063 681 2139 necessarium
703 2065 771 2140 quia
784 2063 822 2122 od
836 2064 1005 2141 sapientiam
1026 2071 1055 2122 et
1076 2061 1313 2139 omnipotentiam
1335 2083 1416 2123 suam

187 2189 190 2196 .
207 2146 302 2222 magis
312 2145 426 2223 judicat
438 2143 589 2222 pertinere,
615 2143 722 2202 malum
736 2144 909 2222 permittere,
933 2152 967 2202 ut
980 2163 1019 2202 ex
1032 2162 1066 2202 eo
1080 2143 1187 2202 bonum
1201 2143 1305 2220 eliciat,
1328 2161 1416 2220 quam

206 2227 314 2285 malurn
329 2245 392 2283 esse
406 2243 464 2281 non
480 2225 582 2283 sinere.

248 2304 391 2362 XXVII.
413 2302 535 2377 Quando
551 2303 631 2360 Deus
646 2301 751 2362 dicitur
764 2322 827 2362 esse
841 2323 861 2360 a
873 2303 972 2378 seipso,
997 2303 1053 2361 hoc
1075 2300 1296 2379 intelligendum
1316 2302 1414 2380 potius

206 2383 332 2458 cepatioe
358 2381 426 2458 quia
454 2389 536 2440 esta
563 2381 652 2456 nullo,
675 2391 720 2440 est
746 2383 853 2458 quippe
880 2383 990 2459 ιύτοζοὺ
1012 2391 1042 2442 et
1062 2383 1161 2458 adradi,
1184 2401 1271 2459 quarn
1294 2385 1415 2458 positive

206 2461 289 2538 quasi
304 2468 379 2520 esset
394 2460 529 2538 suiipsius
543 2479 638 2536 causa,
662 2459 741 2538 quod
761 2461 898 2539 implicat,
924 2463 993 2539 quis
1006 2471 1083 2522 esset
1096 2464 1191 2541 seipso
1211 2462 1291 2540 prior
1303 2471 1336 2523 et
1347 2483 1414 2542 pos·

206 2541 300 2600 terior.
863 2581 870 2594 ·

246 2620 407 2679 XXVIII.
429 2619 522 2680 Aliud
541 2620 642 2680 astuti
658 2620 811 2699 Religione
822 2630 851 2681 et
861 2621 996 2682 Numinis
1010 2642 1097 2682 sensu
1107 2621 1275 2700 adpopulos
1289 2621 1320 2680 in
1329 2622 1413 2682 obae-

205 2701 305 2778 quium
318 2699 473 2777 cogendos,
489 2707 518 2758 et
531 2700 562 2757 in
575 2699 669 2759 officio
683 2702 890 2762 continendos:
912 2702 1005 2761 Aliud
1013 2723 1082 2760 vero
1096 2703 1184 2762 talem
1197 2703 1413 2780 persuasionem

206 2780 348 2856 Numinis,
373 2781 442 2839 licet
463 2779 574 2854 falsam,
603 2781 717 2857 populis
741 2782 897 2858 imponere.
940 2783 1046 2841 Fateor
1067 2782 1184 2859 quidem
1206 2783 1286 2860 prius
1309 2782 1412 2842 fecisse

205 2860 409 2937 Legislatores,
433 2867 462 2918 et
483 2860 606 2936 plurima
621 2861 651 2918 in
675 2860 828 2938 Religione
851 2871 1028 2921 commentos
1051 2881 1115 2921 esse
1136 2869 1248 2922 astutos
1269 2863 1411 2939 homines,

204 2941 309 3018 quibus
323 2940 512 3000 reverentiam
525 2940 683 3017 plebecula
697 2940 848 3019 injicerent
861 2951 890 3001 et
903 2951 1040 3001 terrorem
1061 2942 1229 3016 incuterent,
1246 2961 1307 3020 quo
1323 2943 1412 3002 habe·

204 3029 269 3081 rent
282 3020 517 3098 obsequentiores
531 3021 595 3098 ejus
609 3021 729 3079 animos.
774 3021 831 3080 Sed
843 3021 876 3080 id
889 3041 1036 3099 nunquam
1050 3022 1250 3097 obtinuissent,
1272 3023 1330 3081 nisi
1349 3024 1411 3101 jam

203 3103 285 3179 prius
299 3101 442 3162 constanti
456 3101 506 3158 illa
519 3101 555 3160 de
571 3102 634 3159 Deo
652 3103 837 3178 persuasione
851 3102 968 3162 imbutae
990 3101 1112 3162 fuissent
1125 3103 1273 3161 hominum
1287 3111 1409 3180 mentes,

205 3203 242 3242 ex
257 3202 314 3259 qua
327 3182 410 3242 velut
423 3181 531 3240 semine
546 3182 668 3258 emergit
681 3181 719 3240 ad
734 3181 916 3259 Religionem
929 3182 1091 3260 propensio.
1114 3182 1227 3241 Deinde
1236 3182 1303 3259 quis
1312 3184 1411 3242 credat

204 3281 361 3339 paucorum
375 3262 406 3318 vi
420 3261 468 3319 vel
483 3261 588 3320 astutia
602 3261 735 3321 diffusam
750 3281 813 3320 esse
826 3281 878 3339 per
891 3281 990 3321 omnes
1001 3261 1079 3320 orbis
1087 3271 1192 3340 partes,
1203 3271 1233 3322 et
1246 3282 1299 3340 per
1312 3263 1410 3322 omnia

204 3341 302 3399 secula
322 3349 500 3399 constantem
528 3341 608 3398 illam
635 3343 808 3417 opinionem,
837 3361 901 3418 quse
922 3351 1070 3418 tantopere
1098 3350 1187 3402 vexat
1207 3343 1408 3420 conscientias,

204 3420 291 3478 etiam
319 3420 349 3476 in
377 3419 534 3478 sceleribus
562 3419 761 3481 absconditis?
802 3421 874 3495 Quis
901 3441 960 3479 non
986 3421 1075 3496 videt,
1104 3421 1190 3498 quod,
1214 3423 1239 3481 si
1259 3425 1409 3500 persuasio

205 3497 375 3557 Divinitatis
389 3497 510 3558 debetur
523 3499 690 3557 authoritati
705 3499 825 3577 Legum,
841 3509 870 3560 et
883 3500 973 3560 metui
987 3501 1200 3579 suppliciorum,
1216 3521 1275 3560 non
1288 3503 1409 3563 ulterius

204 3577 341 3636 duratura
354 3577 405 3634 illa
419 3576 521 3636 fuisset
535 3597 621 3653 quam
635 3578 756 3638 durante
767 3580 841 3656 jugo
864 3581 1034 3641 servitutis?
1053 3601 1119 3640 cum
1133 3591 1230 3641 tamen
1244 3591 1357 3642 certum
1371 3583 1408 3642 sit

204 3658 283 3716 illam
297 3657 458 3735 pervasisse
480 3656 511 3714 in
536 3677 635 3716 omnes
658 3658 790 3718 homines
812 3659 900 3720 etism
923 3661 1094 3738 liberrimos,
1114 3671 1144 3722 et
1166 3663 1266 3740 legum
1283 3663 1407 3724 vinculis

203 3739 321 3800 solutos.

675 3899 868 3975 QUAESTIO
889 3901 932 3960 11.

504 4058 551 4116 An
564 4059 666 4118 dentur
678 4060 763 4119 Attea·
769 4060 891 4137 proprie
904 4061 972 4120 dieti
978 4062 992 4120 3
1033 4059 1107 4138 Neg.

506 4217 530 4276 I.
554 4217 626 4277 Cum
640 4226 737 4278 tentus
758 4219 796 4278 sit
815 4219 901 4278 hodie
915 4215 946 4277 in
958 4218 1067 4279 mundo
1082 4219 1244 4279 Atheorum
1258 4239 1403 4296 numerus,

231 4282 414 4388 sulggnsslae*
463 4298 568 4356 mirum
581 4299 674 4376 prima
687 4299 781 4359 fronte
794 4298 887 4358 videri
901 4301 1014 4376 poterit,
1037 4299 1117 4376 quod
1129 4299 1203 4359 tales
1217 4300 1288 4377 dari,
1312 4301 1361 4359 vel
1374 4300 1404 4358 in

356 4373 362 4385 '
462 4377 582 4437 dubium
596 4379 726 4438 revocari
738 4380 830 4457 possit
843 4379 892 4437 rel
904 4380 1014 4457 negari.
1058 4378 1116 4440 Sed
1129 4380 1216 4439 certis
1229 4379 1332 4457 positis
1345 4379 1402 4438 dis·

199 4449 386 4511 tinctionibus
400 4454 483 4514 facile
496 4457 615 4533 patebit,
630 4477 688 4536 quo
702 4479 789 4520 sensu
803 4478 903 4518 verum
917 4479 981 4520 esse
991 4459 1090 4538 possit,
1101 4458 1214 4519 Atheos
1222 4459 1321 4538 plures
1331 4459 1401 4536 dari,

198 4535 336 4587 ettamen
351 4531 464 4591 Atheos
477 4535 573 4595 nullos
587 4557 659 4598 esse.
