3250 5176
170 361 279 412 eumer.
296 343 352 427 ru]
673 359 870 404 persecare.
1316 345 1373 404 547

170 553 191 604 U
306 561 312 572 ,
375 562 380 572 ,
474 502 529 564 IV.
545 499 651 580 'Atque
665 503 733 561 hinc
746 501 859 580 peccati
873 502 957 561 istius
970 502 1099 580 gravitas
1113 502 1197 563 facile
1218 504 1374 582 colligitur,

192 560 412 678 ”dssffiffiflm
432 593 533 644 contra
546 604 604 660 eos,
615 583 665 660 qui
673 583 747 641 illud
756 583 870 641 veniale
881 591 910 642 et
920 583 1112 643 leviusculum
1121 584 1210 643 fuisse
1224 593 1374 662 asserunt3
1432 629 1433 632 ,

432 665 507 724 'I'um
521 683 559 723 ex
573 671 654 741 parte
669 683 801 739 persono
817 664 968 738 peccantes,
984 682 1048 739 quae
1065 672 1109 722 tot
1122 664 1239 724 dotibus
1252 673 1315 723 erat
1328 685 1373 724 or·

170 751 246 820 nats,
263 752 307 804 tot
319 743 468 804 beneficiis
482 743 593 820 affecta,
609 744 703 802 omnis
716 743 783 801 vitii
796 762 909 820 expers,
921 751 950 801 et
964 743 1057 801 omnis
1070 743 1140 801 boni
1150 745 1205 822 ipsi
1219 745 1375 805 necessarii

170 825 313 902 particeps
324 847 332 902 ;
355 825 430 884 Tum
439 845 477 884 ex
489 831 571 902 parte
586 824 690 900 objecti,
705 823 781 882 eirca
794 822 874 900 quod
880 823 1024 899 peccavit,
1033 843 1051 880 a
1061 841 1119 898 quo
1132 823 1216 882 facile
1230 824 1376 883 abstinere

169 905 312 980 potuisset
332 905 364 962 in
385 911 466 964 tanta
487 903 607 962 aliorum
632 903 776 962 fructuum
799 902 890 979 copia,
905 911 939 960 ut
959 921 1066 979 magna
1079 901 1166 962 fuerit
1184 903 1214 960 in
1227 904 1375 980 peccando

170 983 316 1060 iniquitas,
339 983 391 1044 ubi
413 991 495 1043 tanta
516 991 578 1042 erat
599 1003 658 1042 non
679 981 820 1060 peccandi
840 981 972 1057 facilitas,
987 992 1021 1041 ut
1041 983 1169 1058 loquitur
1182 984 1353 1059 Aupustinus
1362 1007 1376 1056 ,-

171 1063 246 1122 Turn
261 1084 299 1122 ex
311 1073 393 1141 parte
407 1065 491 1141 Lapis
504 1063 623 1139 melam,
638 1083 704 1140 ques
717 1061 772 1122 fuit
792 1081 850 1122 non
868 1061 1009 1139 specialis,
1025 1063 1077 1121 sed
1090 1063 1272 1138 universalis,
1287 1072 1376 1140 q'uanr

171 1143 309 1201 violando
323 1153 353 1202 et
366 1144 506 1218 inDeum,
519 1152 548 1202 et
562 1144 593 1200 in
605 1151 745 1220 posteros,
758 1149 787 1200 et
801 1142 831 1200 in
843 1143 977 1218 scipsum,
990 1143 1118 1219 graviter
1127 1144 1278 1220 peccavit3
1300 1143 1376 1202 Turn

59 1297 61 1300 Ι
172 1231 305 1299 exparte
319 1233 406 1300 acte,
422 1225 506 1301 cujus
520 1242 632 1281 summa
644 1222 700 1282 fuit
712 1222 850 1300 pravitas,
865 1222 963 1281 totalis
983 1229 1061 1300 putu,
1078 1223 1245 1282 conculcato
1258 1223 1377 1283 foederis

172 1302 315 1380 symbolo,
330 1323 349 1362 a
363 1304 427 1363 Deo
441 1303 592 1380 apostasia,
608 1311 638 1361 et
651 1301 755 1377 cordis,
771 1302 838 1377 oris,
853 1321 887 1360 ac
901 1302 997 1380 operis
1011 1304 1165 1380 conjuncta
1175 1302 1212 1361 ab
1223 1303 1317 1362 officio
1326 1303 1376 1362 de-

172 1381 310 1459 clinatio;
343 1383 419 1443 Tum
442 1403 480 1442 ex
501 1390 583 1460 parte
606 1384 666 1458 loci,
682 1390 712 1440 ct
733 1383 872 1458 temporis,
888 1382 957 1459 quia
970 1381 1023 1439 vix
1045 1402 1061 1440 e
1084 1382 1229 1442 Creatoris
1241 1383 1377 1442 manibus

172 1481 316 1539 egressus,
326 1471 356 1522 et
368 1464 399 1521 in
413 1462 547 1540 paradiso
561 1463 755 1520 amoenissimo
768 1461 889 1538 positus,
899 1461 937 1520 ad
950 1461 1117 1521 tentationis
1131 1463 1270 1539 impetum
1278 1464 1377 1522 stetim

173 1541 318 1618 concidit3
340 1543 416 1602 Turn
429 1563 468 1602 ex
481 1550 563 1620 parte
576 1545 735 1617 effectorem
749 1549 779 1600 et
793 1561 945 1618 poenamm
965 1541 1202 1616 tristimimarum,
1218 1561 1282 1620 quse
1303 1543 1378 1602 illud

173 1630 335 1682 consecutae
359 1631 435 1700 eunt,
461 1623 516 1682 sub
540 1642 661 1700 quarum
685 1621 812 1700 pondere
836 1621 993 1681 etiamnum
1014 1621 1101 1680 bodie
1120 1622 1257 1682 universa
1274 1631 1378 1682 natura

194 1701 271 1762 emit.
825 1727 828 1736 ⁴

173 1721 193 1780 g
214 1781 254 1841 V.
277 1782 308 1842 Si
321 1785 461 1861 quaritur
473 1803 559 1862 porro
573 1782 719 1860 quodnam
739 1783 826 1842 fuerit
839 1783 961 1859 initium,
977 1803 1029 1844 seu
1049 1784 1158 1862 primus
1172 1784 1281 1862 gradm
1294 1784 1379 1844 istius

174 1863 294 1940 peccati,
310 1884 368 1922 non
382 1865 565 1924 consentiunt
579 1863 729 1942 Theologi‚
745 1864 814 1922 dum
828 1864 877 1922 alii
892 1864 922 1921 in
933 1864 1118 1924 sensualitate
1129 1865 1316 1941 constituunt,
1329 1863 1380 1923 alii

174 1941 206 1999 in
219 1943 377 2020 voluntate,
393 1944 442 2003 elii
455 1945 486 2002 in
500 1944 659 2003 intellectu.
700 1943 840 2018 Quamvis
853 1963 924 2002 vero
944 1944 1030 2002 anxie
1044 1943 1217 2021 litigandum
1231 1965 1290 2003 non
1311 1963 1377 2003 cen-

175 2041 297 2098 seamus,
313 2043 399 2102 super
412 2024 512 2084 ordine
526 2024 647 2083 istonrm
657 2031 782 2099 actuum,
797 2023 848 2082 vel
856 2023 950 2100 primo
966 2023 1051 2083 istius
1060 2024 1172 2100 peccati
1186 2024 1286 2102 gradu,
1299 2023 1379 2102 quod

175 2102 206 2160 in
224 2103 350 2179 plurium
364 2113 489 2180 actuum,
504 2112 537 2163 ut
553 2105 614 2182 jam
631 2103 748 2179 dictum,
764 2103 983 2180 complicatione
1003 2103 1144 2178 consistit,
1160 2111 1189 2162 et
1209 2101 1285 2163 inter
1305 2124 1379 2181 quos

175 2191 286 2242 natura
306 2184 504 2262 potiusquam
518 2183 656 2261 temporis
670 2183 799 2243 diutumi
811 2183 997 2242 intervallum
1017 2183 1197 2259 intercessit3
1220 2183 1380 2243 Possumus

176 2271 274 2322 tamen
286 2272 349 2324 tuto
363 2284 490 2324 asserere
503 2264 628 2341 primum
642 2263 765 2342 madum
779 2264 863 2322 istius
873 2263 993 2340 peccati,
1005 2283 1059 2322 nec
1069 2263 1256 2340 quaerendum
1270 2283 1334 2322 esse
1348 2264 1379 2322 in

177 2344 281 2402 acates
295 2346 416 2404 externis
429 2345 620 2419 lecomotivae,
635 2344 687 2422 qui
699 2344 738 2402 ad
751 2344 951 2403 executionem
965 2351 1078 2403 tantum
1097 2343 1260 2420 pertinent3
1280 2364 1335 2403 nee
1348 2344 1380 2402 in

176 2424 282 2482 actibus
295 2425 418 2498 ι’πιενηίς,
433 2425 483 2483 vel
495 2424 648 2502 appetitus,
664 2425 712 2483 vel
726 2423 894 2499 voluntatis,
910 2423 978 2502 quia
992 2424 1111 2482 obnoxii
1125 2423 1155 2482 iu
1171 2424 1222 2483 illo
1238 2433 1315 2484 statu
1329 2424 1379 2482 ed·

177 2502 234 2562 huc
254 2514 336 2565 erant
349 2505 517 2582 intellectui,
533 2505 617 2583 cujus
638 2515 683 2564 est
695 2509 723 2563 τὶ
738 2507 872 2580 immin
896 2504 956 2564 Sed
968 2504 1182 2564 ascendendum
1196 2524 1260 2564 esse
1280 2505 1318 2563 ad
1332 2525 1380 2563 ac-

177 2590 221 2642 ue
226 2586 375 2658 fumantis
388 2586 536 2660 directim,
552 2585 663 2644 scilicet
676 2586 849 2662 intellectus,
864 2585 902 2643 ad
916 2604 1002 2662 quem
1016 2585 1141 2663 pertinet
1150 2584 1281 2663 judicare
1292 2585 1329 2644 de
1339 2585 1382 2643 rei

176 2665 299 2724 veritate
312 2665 361 2724 vel
374 2665 508 2740 falsitate,
524 2674 554 2724 st
567 2665 598 2724 in
611 2685 697 2742 quem
711 2665 825 2743 proprie
839 2663 917 2724 cadit
930 2685 1017 2740 error,
1030 2672 1059 2723 et
1070 2664 1264 2739 incredulitas,
1277 2685 1342 2742 quse
1349 2665 1382 2723 in

176 2742 233 2802 isto
246 2751 366 2821 peccato
379 2745 487 2821 primas
499 2752 588 2804 tenet.
631 2745 714 2805 Licet
727 2754 824 2805 autem
836 2745 923 2804 homo
934 2744 1077 2822 judicium
1097 2744 1177 2804 istud
1189 2765 1248 2804 non
1261 2745 1381 2820 invitus,

176 2823 230 2882 sed
242 2824 347 2882 lubens
361 2832 390 2881 et
398 2824 500 2882 volens
514 2823 622 2901 feeerit,
634 2844 693 2883 non
707 2826 837 2903 sequitur
846 2833 998 2903 propterea
1011 2824 1099 2885 fuisse
1108 2833 1204 2884 aetum
1212 2825 1380 2902 voluntatis,

176 2923 235 2963 non
249 2903 422 2964 intellectus.

177 3019 300 3180 ipsu
312 3020 426 3124 ..titis
441 2983 1383 3142 ..llitttlt?ltltutrtlsslttlttlltiltit

217 3141 264 3182 ’Μ
442 3145 645 3222 conjunganrr.
698 3148 724 3202 1.
740 3145 815 3219 Quia
835 3145 862 3202 is
883 3143 970 3204 debet
984 3164 1047 3203 esso
1060 3144 1131 3203 ordo
1145 3145 1174 3202 in
1189 3152 1316 3222 peccato,
1332 3146 1383 3222 qui

178 3222 234 3282 fuit
247 3223 277 3282 in
290 3225 460 3284 tentatione.
489 3225 533 3284 At
546 3225 576 3282 in
587 3225 746 3284 tentatione
756 3225 842 3283 borno
852 3224 933 3303 prius
947 3224 1119 3284 sollicitatus
1133 3224 1188 3284 fuit
1198 3224 1237 3282 ad
1249 3224 1382 3286 incredu-

178 3301 298 3380 litatem,
314 3324 400 3381 quarn
415 3305 453 3364 ad
473 3305 646 3382 superbiam.
688 3305 764 3364 Nam
779 3305 854 3365 Gen.
868 3304 910 3363 iii.
927 3307 953 3380 1,
967 3323 1019 3381 per
1036 3305 1293 3382 interrogationem
1306 3305 1382 3364 Ten-

179 3391 255 3443 tator
268 3405 334 3444 eum
348 3385 485 3445 sollicitat
497 3385 590 3463 primo
605 3385 642 3444 ad
656 3386 866 3445 dubitationem
880 3383 916 3443 de
931 3384 1030 3444 Verbo
1045 3384 1120 3461 Dei;
1143 3384 1246 3444 deinde
1261 3385 1299 3443 ad
1320 3385 1384 3464 ejus

180 3464 371 3541 negationem,
386 3487 415 3526 v.
431 3469 459 3542 4,
474 3487 531 3525 uon
544 3467 708 3541 morimini,
724 3475 876 3544 antequam
899 3464 936 3523 ad
951 3463 1114 3543 superbiam
1132 3464 1233 3524 incitet
1246 3485 1298 3544 per
1317 3485 1384 3544 pro·

179 3543 346 3605 missionem
360 3547 519 3624 dissultans,
534 3547 859 3621 samosatenae,
874 3566 904 3604 v.
920 3547 948 3604 5.

220 3624 294 3686 VH.
324 3630 353 3684 2.
368 3625 443 3701 Quia
464 3626 599 3706 superbia
620 3627 651 3684 in
664 3627 780 3686 homine
800 3627 897 3686 locunr
910 3625 1017 3704 habere
1036 3645 1095 3684 non
1112 3627 1207 3704 potuit
1220 3626 1277 3686 nisi
1289 3627 1386 3704 posita

181 3703 402 3767 incredulitate:
431 3727 498 3766 narn
520 3707 650 3785 quaudiu
670 3708 757 3768 bomo
780 3715 915 3766 constans
929 3706 1083 3765 mansisset
1095 3707 1127 3764 in
1140 3705 1197 3765 fide
1211 3707 1304 3766 Verbi
1318 3707 1383 3783 Dei,

180 3805 328 3863 nunquam
341 3787 379 3845 ad
393 3788 556 3866 superbiam
569 3787 679 3866 impelli
692 3788 843 3866 potuisset,
858 3807 912 3845 nec
921 3787 1027 3862 jugum
1039 3785 1095 3844 Dei
1106 3794 1249 3862 excutere,
1259 3786 1307 3844 vel
1318 3805 1383 3862 gra·

180 3864 250 3922 dnm
259 3866 442 3942 superiorem,
455 3869 558 3945 partim
570 3869 706 3942 scientiae,
718 3868 822 3945 partim
832 3866 1020 3941 excellentia,
1031 3863 1165 3924 affectare
1176 3884 1263 3925 ausus
1272 3865 1383 3940 fuisset,

181 3944 238 4002 nisi
251 3944 510 4006 interminationem
525 3949 626 4009 mortis
639 3947 794 4008 interdicte
807 3947 950 4025 adjectam
965 3965 1023 4003 non
1036 3943 1207 4006 credidisset
1216 3965 1324 4023 veram,
1336 3947 1386 4006 vel

181 4024 284 4084 saltem
298 4025 334 4085 de
348 4045 383 4084 ea
397 4026 566 4088 dubitasset.

222 4105 313 4166 VIII.
344 4109 372 4167 3.
397 4106 471 4182 Quia
487 4107 635 4187 Scriptura
655 4117 805 4187 peceatum
827 4107 953 4167 hominis
973 4125 1025 4184 per
1037 4106 1221 4166 seductionem
1239 4107 1385 4184 exprimit,

181 4189 200 4245 2
216 4186 345 4246 Corinth.
360 4188 401 4262 xi.
416 4191 444 4264 3,
460 4197 489 4248 et
505 4191 520 4246 1
536 4188 662 4248 Timoth.
678 4189 707 4247 ii.
725 4192 770 4266 14,
787 4196 816 4248 et
829 4187 991 4248 calliditate
1005 4186 1144 4265 serpentis
1157 4186 1333 4246 mentionem
1343 4186 1385 4244 fa·

182 4265 230 4340 cit,
246 4268 353 4327 Genes.
369 4268 409 4327 iii.
422 4271 448 4344 1,
463 4289 529 4346 quse
543 4277 605 4328 tota
617 4269 743 4347 pertinet
757 4269 794 4328 ad
808 4268 1020 4346 decipiendum.
1062 4267 1179 4343 Quarto,
1195 4266 1264 4344 quia
1276 4267 1386 4344 primus

181 4345 268 4404 homo
294 4347 355 4406 sine
369 4347 478 4426 insigni
499 4369 594 4408 errore
615 4369 675 4408 non
688 4350 783 4427 potuit
797 4349 913 4410 credere
926 4348 1078 4425 pulchrum
1093 4355 1122 4406 et
1135 4348 1244 4406 bonum
1266 4347 1309 4404 illi
1323 4365 1387 4406 esse

182 4443 241 4481 non
254 4427 380 4501 pendere
394 4445 412 4484 a
426 4427 499 4502 Deo,
515 4448 581 4488 cum
594 4429 651 4487 hoc
665 4428 703 4489 sit
723 4429 851 4489 omnium
864 4427 1030 4507 pessimum.
1073 4427 1189 4503 Quinto,
1205 4428 1230 4486 si
1245 4427 1387 4486 Diabolus

182 4505 275 4583 primo
298 4505 466 4565 sollicitavit
486 4507 633 4566 hominem
646 4508 684 4565 ad
705 4510 876 4588 superbiam,
892 4508 941 4567 vel
961 4507 1084 4568 credidit
1105 4507 1197 4585 ipsius
1216 4507 1323 4584 verbis,
1338 4507 1388 4566 vel

182 4605 255 4661 nou;
278 4585 302 4642 ei
317 4584 448 4660 credidit,
464 4605 498 4644 eo
512 4586 575 4663 ipso
590 4590 709 4666 erravit;
732 4591 757 4649 ei
770 4609 829 4648 non
843 4587 973 4665 credidit,
989 4607 1047 4648 non
1060 4589 1155 4667 potuit
1167 4586 1301 4648 affectare
1315 4587 1388 4646 illud

182 4664 261 4743 quod
275 4685 293 4724 a
308 4663 433 4725 Diabolo
447 4665 669 4744 proponebatur.
