3174 5174
146 357 261 410 osser.
276 341 345 420 vn]
600 357 640 397 os
654 357 789 398 sonorus
804 357 944 399 ussurus.
1289 345 1346 401 531
1374 419 1376 434 Ι

49 546 55 552 .
146 506 318 574 assumus
331 497 362 556 iu
375 499 480 572 cotum,
495 495 547 556 sed
566 496 669 556 Grues
682 496 712 562 ἇς
726 502 756 562 ste
770 503 810 555 etv
822 499 925 577 οὖςιιὶι,
941 507 1076 575 tanquam
1089 498 1119 558 in
1131 497 1260 572 Gutum
1281 518 1345 578 par.

145 579 198 636 tim
212 597 230 634 a
243 574 397 635 traditione
411 576 536 652 quodum
551 575 686 635 sublestse
710 577 786 650 fidoi,
802 596 866 653 quus
886 576 1001 636 videtur
1025 577 1165 654 originem
1186 578 1305 638 duxisse
1329 597 1348 636 s

147 656 239 733 Pupia
252 655 481 732 Hierapolim,
496 655 547 732 qui
561 674 657 714 seme
677 654 844 715 Senioribus
866 654 947 714 Asine
968 653 1175 732 Apostolorum
1197 657 1347 735 discipulis

146 735 290 810 traditum,
306 753 372 793 oum
386 734 450 793 eliis
464 734 563 794 multis
576 733 683 793 fabulis
697 741 726 792 et
739 734 864 811 ineptiis,
885 734 973 793 homo
993 734 1094 811 exigui
1111 735 1223 812 judieii,
1239 744 1269 795 et
1281 736 1344 815 plu·

147 813 282 884 rimorum
296 813 457 872 fabularum
473 811 614 889 inventor,
630 820 703 871 testo
719 813 855 888 Eusebio,
876 812 927 872 lib.
942 814 961 872 i.
977 833 1002 872 o.
1017 815 1065 888 39,
1087 815 1248 890 posteritati
1269 835 1345 874 oom-

146 892 303 985 nendavit,
319 899 352 951 ut
365 891 444 969 quod
458 892 494 984 (Ie
508 891 755 969 quinquagenario
769 891 876 951 Christi
896 899 980 952 estate
1000 891 1031 950 in
1051 893 1145 968 torris,
1166 902 1196 953 et
1215 895 1345 954 milleno·

147 991 269 1109 noiiilii
284 971 546 1109 Iiiiiiirotoreailslst·est
558 1055 592 1107 ut
605 1067 702 1108 ramus
716 1049 796 1124 olen,
812 1067 899 1126 quem
913 1049 1047 1108 columbe
1062 1047 1159 1127 fregit,
1174 1058 1203 1109 et
1217 1049 1255 1110 ed
1269 1051 1346 1111 Non-

148 1128 235 1186 ohum
249 1129 280 1186 in
293 1127 402 1187 Areum
420 1127 525 1203 attufit,
546 1127 654 1204 petitus
674 1127 761 1186 fuerit
780 1147 819 1186 ex
840 1127 997 1204 Persdis03
1019 1129 1088 1205 quin
1103 1130 1165 1207 jem
1187 1129 1347 1189 imminutae

148 1207 263 1266 fuerent
277 1226 368 1284 eques,
383 1215 413 1266 et
428 1227 479 1285 per
498 1205 605 1264 multos
625 1204 688 1265 dies
709 1205 789 1265 Aroe
808 1207 839 1264 in
859 1206 1005 1267 montibus
1028 1208 1135 1267 Areret
1155 1216 1274 1268 steterat
1293 1209 1347 1269 im-

147 1293 237 1360 mota,
252 1293 339 1361 utque
352 1287 393 1344 its
407 1285 471 1344 oles
483 1305 547 1363 quae
569 1303 681 1362 semper
694 1285 769 1344 viret
788 1285 883 1362 potuit
902 1286 1009 1345 habere
1029 1285 1107 1361 solis,
1128 1306 1194 1364 quoe
1214 1289 1349 1347 oolumbs

148 1365 285 1441 fregerit3
308 1367 370 1423 olea
384 1366 463 1439 euru,
479 1372 552 1422 teste
568 1363 671 1440 Plinio,
686 1363 738 1422 lib.
758 1363 820 1422 xvi.
835 1383 860 1422 o.
882 1367 930 1442 20,
947 1374 1086 1442 perpetro
1105 1367 1206 1442 virm,
1228 1363 1346 1444 pinsun-

148 1445 213 1502 dne
225 1443 362 1518 euafhlt'o
374 1463 517 1520 uunquam
530 1443 630 1518 du'icit.

189 1521 285 1580 XIII.
308 1522 449 1581 coeterum
470 1541 529 1579 non
551 1522 612 1580 sine
634 1520 772 1597 mysterio
794 1520 910 1580 videtur
932 1521 1013 1581 Deus
1025 1520 1153 1581 voluisse
1177 1522 1348 1582 Perodisum

147 1600 226 1659 huno
244 1600 343 1676 deleri,
365 1609 400 1660 ut
418 1601 559 1694 innueret,
581 1598 671 1657 elium
691 1598 779 1676 longe
796 1599 956 1692 feliciorem
972 1601 1035 1692 jum
1056 1600 1140 1660 nobis
1161 1601 1348 1694 qurerendum

148 1698 222 1816 tt:
236 1678 538 1836 iffifissiiii.
547 1677 1240 1836 tittttffttttstttnttttttt
1250 1681 1346 1818 ioeii

149 1837 227 1896 vinis
240 1836 349 1896 fruotrrs
363 1837 566 1896 saluberrimos
580 1834 746 1909 ferentibus,
762 1833 885 1913 Apoesl.
900 1837 972 1896 xxii.
988 1841 1016 1913 2,
1031 1837 1171 1914 irriguum
1190 1837 1280 1897 fluvio
1298 1857 1347 1916 pe·

149 1916 233 1973 renni
246 1934 327 1992 squse
342 1915 427 1992 vivre,
443 1924 472 1975 st
485 1913 661 1974 torrentibus
675 1913 851 1990 deliciorum,
868 1916 916 1975 Pe.
931 1917 1035 1974 xxxvi.
1050 1919 1078 1991 8,
1097 1916 1174 1974 unde
1198 1925 1349 1993 peoostum

149 2003 181 2052 et
193 2013 269 2052 mors
283 1995 313 2052 in
326 2003 465 2054 oeternum
479 1994 616 2053 exulant:
637 2012 676 2051 ex
689 2011 747 2068 quo
758 1993 847 2052 Setun
861 1994 950 2053 semel
962 1995 1073 2072 pulsus,
1085 2014 1119 2053 eo
1128 2014 1275 2072 nunquam
1283 1995 1348 2053 red·

149 2073 242 2132 iturus
266 2082 319 2150 est
334 2073 464 2151 inquom
486 2073 580 2132 fidelis
600 2079 733 2148 receptus
756 2091 903 2150 nunquam
923 2072 991 2131 inde
1012 2073 1171 2151 ejiciendus
1191 2081 1243 2148 est,
1265 2073 1350 2150 eujus

149 2151 260 2210 editum
274 2151 384 2230 Angeli
396 2172 455 2212 non
468 2151 630 2231 prohibent,
645 2149 698 2208 sed
710 2169 768 2226 quo
782 2151 892 2210 enimes
911 2163 1025 2211 nostros
1046 2151 1186 2227 deferunt,
1208 2161 1241 2211 ut
1261 2153 1291 2210 in
1305 2153 1348 2210 vi-

149 2231 231 2290 sione
247 2231 302 2290 Dsi
316 2232 470 2310 omnigeno
483 2231 621 2292 felicitate
634 2228 773 2306 fruentur,
788 2238 818 2289 et
832 2238 970 2290 aetemum
984 2230 1136 2290 sabbatum
1150 2239 1248 2307 egunt
