3174 5174
280 363 339 424 506
741 373 832 417 nocue
846 373 997 417 seminus.
1301 355 1416 440 [consi.
1430 379 1466 420 ii.

280 523 361 582 brom
380 523 410 580 in
426 519 595 598 Evangelio,
611 521 713 578 Menae
731 539 794 575 com
812 517 933 592 panibus
947 526 1105 593 conspectus
1119 517 1149 575 in
1162 516 1310 577 beneficiis
1323 539 1381 596 qua
1392 521 1465 579 nobis

283 602 484 662 communicat.
514 605 542 660 3.
554 599 639 674 Quod
651 599 757 672 efflue
770 597 814 656 illi
825 600 916 655 detur.
948 597 1024 672 Quia
1037 617 1075 656 ex
1088 617 1167 656 more
1183 598 1221 656 V.
1237 598 1271 656 Τ.
1285 598 1408 676 loquitur,
1421 599 1466 658 ubi

281 683 384 742 odores
394 682 456 740 dari
467 680 597 739 solebant
607 699 658 758 per
671 678 761 737 alium
775 678 802 735 ei
816 677 866 754 qui
880 677 1029 736 incensum
1043 677 1175 736 faciebat.
1212 678 1268 752 Ita,
1284 679 1354 736 sicut
1367 679 1465 737 Christo

280 762 405 822 officium
420 759 623 818 Mediatorium
647 768 677 817 et
700 757 798 816 omnia
821 757 890 815 data
910 765 977 815 sunt
996 777 1014 814 a
1029 757 1123 832 Patra,
1147 765 1176 816 et
1193 758 1316 835 Spiritus
1330 758 1384 816 sine
1396 779 1465 816 men-

281 861 355 916 sura,
372 841 476 899 Matth.
492 840 532 898 xi.
548 844 596 915 27,
618 839 747 899 Johann.
762 837 803 894 iii.
819 840 866 912 34,
881 836 954 893 nihil
968 844 1110 914 repugnat
1124 837 1237 896 suffitus
1251 837 1294 894 illi
1314 837 1371 895 dari
1390 839 1465 896 etiam

279 941 296 979 a
311 921 381 996 Deo,
397 929 426 979 et
441 919 650 996 gratiositatem
672 917 783 976 meritis
806 918 878 993 ejus,
904 935 962 992 quo
975 935 1075 993 preces
1098 918 1269 976 Sanctorum
1283 927 1398 994 accepta
1412 917 1467 976 Deo

279 1001 357 1058 fiant.
400 999 512 1057 Deinde
527 1018 586 1058 non
599 997 734 1057 dicuntur
748 995 803 1073 ipsi
817 996 878 1055 dati
893 996 1004 1054 suffitus
1018 997 1075 1072 isti,
1091 997 1170 1074 quod
1183 997 1243 1056 illis
1262 1006 1364 1073 egeret,
1376 997 1420 1054 sed
1439 1007 1468 1055 nt

278 1079 344 1138 illos
358 1099 395 1137 ex
410 1079 502 1137 officio
519 1079 599 1136 Patri
613 1077 736 1136 offerret.
759 1077 892 1152 Denique
914 1076 1125 1136 observandum
1140 1076 1283 1134 visionem
1297 1076 1377 1134 istam
1388 1085 1469 1135 atam

278 1159 462 1236 allegoricam
476 1177 548 1232 esse,
564 1177 628 1234 quae
650 1157 724 1214 nihil
738 1154 817 1214 eliud
836 1154 970 1230 ostendit,
994 1175 1080 1232 quam
1103 1157 1220 1216 unicum
1244 1156 1369 1214 fidebam
1382 1157 1469 1233 prasi·

279 1237 358 1296 dium
372 1238 403 1295 in
416 1238 583 1315 ingentibus
597 1235 817 1308 calamitatibus,
830 1235 868 1292 ad
882 1255 954 1312 quas
968 1235 1164 1296 immittendas
1174 1235 1285 1313 Angeli
1296 1236 1470 1313 separabant

278 1317 338 1376 iore
352 1337 451 1394 preces
465 1317 593 1376 fidelium
615 1336 634 1375 a
647 1315 762 1375 Christo
775 1315 896 1390 oblatas,
921 1321 951 1372 et
974 1325 1091 1392 propter
1108 1335 1174 1374 eum
1196 1325 1302 1392 gratas,
1317 1336 1385 1392 ques
1398 1316 1474 1374 Dens

213 1397 217 1408 '
279 1398 437 1456 certissime
451 1397 489 1454 ad
502 1397 629 1474 ipsorum
644 1396 765 1454 salutem
779 1394 968 1453 exauditurus
983 1395 1028 1454 sit.

321 1477 399 1535 XII.
421 1477 516 1535 Locus
530 1476 630 1534 Tobiae
644 1475 695 1533 xii.
712 1477 757 1550 15,
773 1473 824 1532 ubi
837 1483 1008 1552 personatus
1022 1475 1071 1534 ille
1086 1473 1221 1552 Angelus
1236 1475 1272 1533 de
1286 1494 1343 1552 quo
1356 1475 1393 1532 ibi
1410 1475 1473 1550 agi-

280 1567 335 1632 tur,
352 1557 407 1615 sibi
421 1556 546 1615 officium
569 1556 623 1614 soli
638 1555 714 1613 Filio
736 1554 792 1612 Dei
813 1555 960 1632 proprium
982 1554 1091 1630 tribuit,
1107 1555 1176 1613 dum
1200 1554 1349 1631 profitetur
1369 1574 1396 1612 se
1415 1575 1474 1612 ease

280 1657 366 1695 unum
379 1655 417 1694 ex
428 1645 531 1712 septem
545 1637 599 1693 illi's
612 1635 725 1711 Angelis
739 1636 848 1710 sancho,
861 1635 911 1710 qai
923 1637 1056 1709 deseram
1063 1653 1163 1711 preces
1173 1635 1349 1709 Sanctoraiii,
1363 1634 1423 1710 quia
1435 1655 1475 1692 ex

281 1714 458 1792 Apocrypbo
471 1715 546 1772 libro
560 1716 675 1792 petitur,
697 1715 747 1790 qui
771 1713 929 1772 mendaciis
942 1723 972 1773 et
993 1715 1245 1792 superstitionibus
1265 1722 1362 1789 scatet,
1376 1715 1477 1773 merito

279 1795 415 1872 rejicitur,
431 1814 490 1852 non
504 1795 599 1853 minus
613 1795 689 1852 enirn
703 1795 751 1852 hic
765 1813 782 1851 a
796 1794 917 1868 veritate
938 1795 1065 1870 recessit,
1082 1813 1168 1872 quarn
1189 1813 1278 1871 quum
1300 1813 1330 1852 se
1344 1795 1476 1852 Anariam

279 1893 351 1950 esse,
363 1873 486 1932 Ananiae
499 1875 599 1951 magni
612 1874 704 1934 filium
719 1894 756 1932 ex
770 1873 837 1932 filiis
849 1873 941 1934 Israel
954 1873 1112 1952 profitetur,
1125 1882 1162 1948 et,
1175 1889 1238 1950 cap.
1248 1874 1308 1950 vii,
1321 1893 1351 1932 se
1364 1893 1424 1932 esse
1438 1895 1476 1933 ex

280 1953 359 2013 tribu
373 1951 548 2032 Nepbtalim,
564 1973 601 2012 ex
616 1954 782 2032 captivitate
798 1954 934 2012 Nineves.

581 2034 676 2091 XIII.
710 2033 750 2092 Ut
763 2053 833 2092 vero
848 2032 957 2110 Angeli
979 2053 1039 2092 non
1064 2040 1131 2092 sunt
1155 2033 1365 2092 Intercesseres
1387 2035 1476 2092 nostri

541 2112 618 2190 apud
633 2115 736 2186 Deum,
752 2114 799 2172 Ita
819 2131 872 2171 aee
886 2113 1022 2172 censendi
1044 2121 1112 2172 sunt
1133 2114 1280 2189 objectum
1300 2113 1393 2172 cultus
1412 2115 1476 2172 reli-

540 2193 624 2269 g‘osi,
639 2193 718 2269 quod
733 2192 877 2252 Pontificii
891 2193 1008 2268 vellent,
1023 2202 1089 2270 post
1103 2201 1216 2252 veteres
1225 2194 1381 2268 Angelicos,
1396 2213 1476 2270 quos,

278 2281 311 2330 ut
331 2272 369 2330 ad
390 2271 499 2330 cultum
521 2271 702 2348 Angelorum
727 2271 880 2331 inclinatos
894 2273 1036 2331 haereticis
1054 2281 1194 2350 aggregat
1208 2275 1335 2348 Adparet,
1351 2275 1379 2331 li.
1397 2275 1481 2341 Quod

540 2355 599 2410 vuli
611 2353 714 2425 Deam,
730 2352 798 2410 har.
815 2354 862 2410 39.
906 2352 992 2412 Unde
1007 2351 1132 2411 secunda
1149 2353 1239 2410 oritur
1254 2353 1390 2428 Quaestio,
1405 2355 1479 2412 circa

538 2450 637 2488 eorum
658 2431 786 2504 cultum;
808 2430 845 2488 de
866 2450 924 2508 qua
944 2432 1075 2508 observa,
1098 2432 1163 2491 Non
1186 2433 1285 2509 quaeri,
1307 2433 1355 2490 An
1377 2433 1480 2510 aliquis

300 2087 336 2134 De
347 2090 413 2134 onltn
424 2089 504 2148 Ange-

360 2147 447 2191 lorum.

307 2413 391 2458 Status
403 2413 487 2463 Quies-

358 2471 439 2517 tionis.

480 2545 481 2550 κ
537 2509 630 2566 honor
643 2517 672 2568 et
685 2510 834 2567 veneratio
848 2511 988 2570 debeatur
1001 2511 1145 2589 Angelis:
1167 2511 1233 2570 Non
1247 2531 1389 2590 negamus
1404 2533 1478 2571 enim
1571 2537 1572 2548 ¹

276 2586 414 2643 bonorem
429 2586 487 2644 illis
501 2587 696 2647 exhibendum
711 2607 774 2646 esse
788 2609 841 2665 pro
861 2591 973 2650 ratione
994 2611 1092 2650 eorum
1106 2591 1265 2668 dignitatis,
1289 2601 1323 2650 ut
1343 2611 1479 2669 agnosca·

276 2683 340 2722 inus
363 2671 392 2722 ct
414 2664 591 2726 celebremus
606 2687 705 2727 eorum
726 2669 937 2746 excellentiam,
955 2672 1137 2749 praesentiam
1157 2689 1349 2747 revereamur,
1365 2674 1479 2732 monitis

277 2743 514 2820 obtemperemus,
530 2746 664 2824 exempla
677 2746 830 2823 imitemur,
846 2757 875 2807 et
889 2749 1034 2809 intensum
1049 2752 1174 2827 ipsorum
1194 2769 1264 2828 erga
1278 2771 1332 2810 nos
1346 2771 1478 2828 amorem,

277 2831 376 2882 mutuo
391 2842 487 2883 amore
501 2843 728 2903 compensemus,
736 2847 794 2904 quo
809 2837 940 2906 spectant
954 2831 1005 2888 illa
1019 2830 1156 2907 August,
1172 2829 1208 2888 de
1222 2851 1292 2889 vers
1307 2831 1405 2909 Relig.
1419 2853 1479 2909 cap.

278 2905 325 2977 55,
341 2904 525 2963 Honoramua
539 2925 584 2964 eos
601 2927 658 2964 noa
671 2908 808 2982 samnite,
830 2911 882 2967 sed
900 2911 1057 2968 charitate.-
1080 2909 1138 2968 Sed
1158 2910 1206 2986 agi
1227 2911 1342 2988 proprie
1357 2911 1395 2969 de
1409 2915 1478 2970 coto

277 2983 417 3059 religioso.
453 2983 666 3063 Qualisounque
681 2986 758 3044 enim
773 2987 956 3047 sitcreaturae
971 2989 1123 3066 AngeIIcae
1134 2989 1269 3066 dignitas,
1285 2991 1479 3067 pertendimus

277 3082 328 3121 eos
342 3082 401 3121 non
415 3083 500 3140 posse
515 3065 625 3123 censeri
640 3066 735 3126 cultus
749 3067 878 3144 religiosi
893 3069 1047 3146 objectum.

277 3181 318 3225 An
336 3181 385 3226 eloi
406 3195 453 3225 non
467 3195 520 3228 ,m
582 3143 672 3204 XIV.
695 3145 835 3205 Rationes
849 3156 924 3206 sunt.
968 3151 994 3208 1.
1010 3149 1084 3223 Quia
1104 3151 1223 3230 &geniis
1243 3169 1294 3209 seii
1308 3153 1399 3209 miso
1419 3151 1478 3208 An-

305 3195 417 3283 silendos
436 3241 522 3297 proba·
542 3224 672 3300 gelorum
687 3245 823 3302 expresse
844 3227 995 3287 damnatur
1016 3247 1033 3284 a
1055 3227 1155 3304 Paulo,
1168 3229 1229 3287 Col.
1249 3229 1279 3288 ii.
1296 3232 1343 3304 18,
1362 3233 1381 3263 “
1391 3229 1478 3288 Nemo
1538 3229 1541 3236 '

306 3295 397 3395 ‘Fial'
415 3309 446 3340 ⁹¹
467 3297 519 3341 ⁰⁰¹·
541 3321 594 3360 vos
608 3305 709 3363 brabio
723 3304 873 3365 defraudet
887 3327 938 3383 pro
952 3306 1080 3382 libidine,
1096 3307 1127 3364 in
1144 3307 1318 3366 demissione
1332 3309 1429 3380 animi,
1450 3318 1477 3366 et

277 3453 284 3466 .
307 3365 332 3393 ¹¹¹
372 3381 378 3392 ’
539 3381 627 3440 Cultu
641 3383 832 3460 Angelorum,
848 3386 878 3443 in
892 3405 926 3444 ea
940 3406 1004 3462 quie
1018 3405 1076 3445 non
1086 3386 1162 3445 vidit
1176 3407 1206 3446 se
1217 3387 1361 3464 ingerens,
1374 3397 1477 3446 temere

276 3453 392 3544 inflatus
406 3463 501 3513 mente
517 3475 569 3515 sua
589 3461 726 3518 carnali.''
771 3463 831 3521 Ubi
844 3465 925 3524 varia
945 3466 1036 3525 latent
1056 3475 1234 3542 argumenta,
1253 3471 1279 3526 l.
1294 3467 1325 3524 in
1346 3487 1382 3525 eo
1401 3465 1475 3543 quod

276 3531 334 3623 Ap,
349 3540 390 3623 ait
404 3551 462 3606 eos,
477 3535 528 3609 qui
542 3555 666 3595 errorem
687 3537 770 3597 illum
784 3541 930 3618 fovebant,
946 3545 1047 3603 fideles
1060 3545 1263 3626 urassgaeaiiio,
1280 3545 1319 3604 id.
1328 3547 1475 3622 preamium

275 3629 342 3686 pons
355 3612 527 3690 intercipere,
543 3615 590 3672 vel
605 3618 754 3693 apraemio
767 3623 916 3698 proposito
929 3623 1077 3699 impedire,
1090 3627 1226 3684 sciliceta
1236 3633 1315 3683 reesa
1326 3627 1376 3683 via
1389 3623 1472 3682 abdu-

275 3688 376 3764 cendo,
391 3691 439 3748 vel
454 3691 615 3784 aulegitima
628 3703 705 3753 meta
718 3705 747 3754 et
761 3716 849 3774 scopo
863 3703 1022 3776 evocando,
1038 3704 1106 3780 quia
1119 3724 1136 3762 a
1150 3704 1265 3762 Christo
1279 3705 1330 3780 qui
1345 3713 1420 3762 meta
1432 3709 1473 3759 est

276 3787 376 3827 cursus
390 3779 490 3862 apstn,
506 3781 535 3831 et
549 3773 613 3849 ejus
626 3793 696 3833 vero
711 3775 791 3834 cultu
805 3799 855 3836 eos
869 3781 1083 3842 abstrahebant.
1125 3787 1154 3842 2.
1171 3783 1249 3842 Dicit
1262 3787 1384 3842 volentes
1396 3781 1424 3839 id
1432 3779 1470 3837 ia·

275 3867 347 3922 cere,
363 3858 396 3908 ut
409 3861 511 3910 innuat
525 3855 627 3911 mltum
640 3853 716 3912 hunc
738 3875 801 3914 esse
814 3861 1012 3938 voluntariam,
1027 3882 1085 3920 non
1098 3863 1278 3940 imperatum,
1295 3863 1347 3939 qui
1370 3862 1418 3920 fiat
1437 3878 1469 3917 ex

273 3927 389 4018 propria
403 3928 528 3988 hominis
541 3931 690 3992 voluntate
705 3943 734 3992 et
747 3935 877 4014 libidine,
892 3959 950 3997 non
965 3949 1061 4000 autem
1075 3962 1113 4001 ex
1125 3943 1181 4000 Dei
1195 3942 1341 4001 mandato.
1370 3945 1397 4000 3.
1411 3941 1470 3997 Ho-

274 4007 417 4095 militatem
431 4011 572 4085 afficiare,
588 4011 639 4088 qni
661 4013 857 4074 Romanorum
871 4018 957 4077 etiam
978 4019 1064 4079 hodie
1084 4029 1243 4098 praetextus
1259 4027 1313 4096 cst,
1330 4029 1360 4080 et
1373 4018 1468 4077 nibilo-

273 4099 368 4174 mmus
383 4095 588 4162 tiirpereeenea
602 4093 775 4168 comitere,
791 4096 860 4171 quia
880 4097 946 4156 falsi
959 4098 1043 4156 istius
1064 4101 1160 4158 cultus
1184 4108 1385 4172 commentum,
1400 4095 1467 4154 indi·

272 4179 348 4218 cium
362 4172 407 4255 est
421 4167 571 4259 superbiae,
587 4190 645 4247 qua
659 4173 847 4249 sapientiores
859 4176 962 4235 volunt
975 4177 1071 4236 videri
1085 4179 1157 4238 Deo.
1187 4183 1215 4237 4.
1231 4180 1298 4237 Non
1313 4189 1403 4238 tenere
1417 4175 1467 4234 oa-

267 4247 329 4312 γαί,
339 4259 413 4330 ‘quia
427 4244 542 4305 Christo
556 4247 620 4324 ipso
634 4251 780 4328 excidunt,
797 4255 847 4330 qui
868 4256 956 4312 alium
971 4257 1081 4316 socium
1102 4258 1145 4316 illi
1159 4258 1190 4315 in
1203 4259 1283 4317 cultu
1304 4259 1464 4336 adjungimt

272 4315 404 4406 Demque
413 4327 517 4415 perlem
531 4327 636 4402 inferre
660 4329 689 4387 ia
703 4351 737 4388 ea
758 4351 822 4407 quie
834 4355 890 4392 aon
910 4334 1047 4411 viderunt,
1059 4339 1109 4413 jus
1124 4339 1178 4396 sibi
1192 4337 1325 4396 faciendo
1338 4330 1464 4414 loquendi

271 4391 307 4450 de
320 4409 485 4476 incognitis,
501 4413 531 4462 et
545 4424 598 4463 sua
611 4417 773 4468 commenta
786 4420 924 4490 tanquam
939 4417 1055 4472 oracula
1068 4415 1240 4493 proferendi.

310 4471 383 4548 XV.
405 4477 604 4558 Nequicquam
628 4487 675 4544 hio
698 4489 849 4566 excipitur,
882 4495 908 4551 1.
930 4490 960 4549 A
980 4495 1129 4572 Perroiiio,
1151 4498 1282 4577 &ganohi
1304 4517 1351 4556 seii
1371 4493 1462 4552 culm
1562 4555 1563 4565 .

268 4544 449 4629 trecorum,
460 4557 585 4637 intelligi
594 4565 777 4642 meinaim,
788 4589 846 4628 non
858 4572 993 4648 ejicias,
1003 4593 1062 4632 non
1074 4576 1183 4635 eiiam
1198 4576 1323 4653 angelis
1336 4573 1459 4637 dasium.

268 4620 319 4674 sed
334 4625 441 4688 cultum
458 4635 495 4692 ab
508 4637 632 4717 Angelis
646 4644 784 4724 allatum
808 4650 919 4710 scilicet
930 4651 1039 4730 Legem
1050 4673 1102 4716 seu
1114 4655 1295 4732 Religionem
1306 4655 1329 4714 J
1332 4652 1459 4716 udaieis,
