3250 5176
289 379 347 441 598
764 399 856 442 socos
870 398 1009 441 nacruus.
1325 351 1462 454 leuior.
1478 391 1499 432 a
1589 439 1590 462 ,

287 541 369 601 liberi
387 541 516 618 Auitus,
530 549 563 602 ut
577 551 607 603 et
626 543 789 616 abitatoris,
806 561 863 620 qua
878 541 979 601 Patres
994 537 1091 601 Graeci
1110 534 1184 596 illud
1203 533 1364 612 exprimere
1386 534 1492 610 solent,

287 621 317 681 io
335 622 484 701 Scriptura
496 643 556 682 non
570 624 713 699 occurrit;
735 625 787 682 sed
802 644 819 681 a
835 621 948 681 Soholis
963 619 1134 680 Christianis
1154 625 1269 693 recepta
1283 623 1337 691 est,
1352 623 1494 692 tanquam

288 703 467 763 commodior
479 703 517 762 ad
531 703 739 782 designandam
752 703 919 764 facultatem
940 702 1020 760 illam
1036 701 1139 760 animae
1152 696 1311 770 rationalis,
1326 716 1385 773 qua
1398 695 1495 773 quod-

288 803 402 863 eunque
415 783 488 843 libet
501 791 603 862 sponte
616 784 679 862 agit
691 791 838 862 praeunte
851 783 972 842 rationis
983 781 1104 861 judicio.
1139 779 1214 837 Nam
1228 775 1308 853 quod
1321 775 1441 854 quidam
1456 775 1494 833 il·

288 863 347 922 lam
361 863 506 924 invenisse
528 884 558 923 se
579 871 683 942 putant
700 865 731 923 in
752 884 787 924 eo
807 863 887 941 quod
907 863 1025 940 Paulus,
1043 865 1057 920 1
1074 862 1139 920 Cor.
1154 857 1204 916 vii.
1219 859 1268 932 37,
1283 867 1371 916 vocat
1385 857 1495 928 timia

332 948 406 1004 lro't
424 942 484 1017 tirio
502 945 654 1024 botperti,
675 943 782 1006 trustra
796 952 882 1025 aunt3
906 943 1056 1024 Siquidem
1075 940 1120 1002 illi
1140 937 1234 1012 tant
1254 956 1314 995 non
1326 935 1495 1030 libertatem
1589 969 1590 976 κ

250 1047 255 1056 ·
286 967 406 1100 ἲτξήιτὶἰ,
430 1023 482 1084 sed
510 1024 674 1102 exequendi
695 1023 863 1084 facilitatem
890 1023 1043 1102 significat,
1071 1041 1125 1080 nec
1151 1025 1179 1078 rt
1201 1019 1305 1080 mm
1330 1016 1496 1076 voluntatis

287 1113 392 1180 actum,
408 1104 460 1164 sed
474 1104 629 1182 objectum,
644 1113 678 1165 ut
692 1125 767 1183 saepe
784 1104 863 1180 alibi,
878 1111 969 1162 notat.
994 1103 1084 1180 Origo
1098 1120 1167 1178 ergo
1181 1099 1266 1158 istius
1280 1096 1362 1156 vocis
1375 1097 1495 1156 videtur

287 1185 384 1262 potius
397 1184 568 1244 deducenda
589 1206 606 1243 a
626 1184 733 1246 Schola
748 1185 905 1262 Platonica,
928 1184 1012 1262 cujus
1033 1189 1188 1242 sectatores
1208 1177 1282 1238 varii
1303 1197 1341 1235 ex
1355 1177 1496 1270 l’atribus

285 1273 368 1324 erant
381 1273 535 1342 antequam
549 1265 587 1324 ad
598 1265 743 1326 Christum
758 1271 994 1324 converterentur
1004 1286 1012 1340 ς
1029 1263 1103 1322 Nam
1118 1259 1195 1339 quod
1207 1257 1393 1336 Peripatetrci
1407 1278 1496 1318 voca·

286 1344 357 1403 bant
370 1346 641 1427 iarvtigaroegw'gmv,
658 1353 687 1405 et
702 1347 793 1406 Stoici
806 1371 835 1404 ra
849 1359 877 1418 sp
897 1351 963 1422 spir,
981 1343 1123 1402 Platonici
1137 1338 1288 1413 αὐηξοΰιιοι
1301 1339 1449 1398 dicebant.

329 1426 390 1484 111.
412 1426 552 1501 Quamvis
567 1446 637 1486 vero
650 1445 756 1485 nomen
768 1426 825 1485 hoc
839 1425 925 1484 nimis
946 1424 1102 1502 superbum
1119 1422 1260 1496 videatur,
1281 1418 1307 1478 si
1326 1419 1450 1498 praecise
1465 1420 1494 1477 in

288 1523 319 1564 se
334 1515 487 1584 spectetur,
503 1507 586 1584 quasi
600 1515 728 1585 potestas
742 1506 892 1588 suiipsius
905 1525 994 1584 penes
1007 1503 1151 1564 hominem
1167 1509 1251 1576 esset,
1264 1499 1343 1577 quod
1357 1499 1413 1559 soli
1429 1499 1495 1559 Deo

287 1587 425 1664 competit
444 1587 566 1664 proprie,
589 1587 639 1665 qui
659 1595 810 1665 propterea
830 1606 898 1645 vero
919 1584 1069 1657 ιὼιξοόαως
1089 1591 1118 1642 et
1138 1580 1294 1646 ἐνυπίύωος
1315 1588 1368 1656 est,
1384 1580 1427 1640 ita
1449 1581 1495 1639 sui

284 1666 368 1743 juris,
384 1675 417 1725 ut
431 1667 543 1726 anullo
557 1667 689 1726 absolute
702 1666 835 1746 pendeat,
847 1667 896 1725 vel
909 1666 1033 1744 pendere
1047 1664 1157 1744 possit;
1179 1664 1266 1721 homo
1280 1681 1350 1720 vero
1365 1661 1404 1719 sit
1418 1679 1494 1720 sem-

286 1765 338 1823 per
353 1744 477 1811 tnrttvm
492 1755 520 1806 ot
536 1745 692 1824 tantadem
716 1745 815 1824 Atque
828 1746 883 1805 hac
903 1745 939 1808 dc
959 1765 1047 1805 causa
1067 1743 1185 1824 quidam
1206 1741 1332 1820 optarint
1352 1741 1429 1800 illud
1449 1762 1494 1800 ra·

287 1827 398 1884 moveri
412 1825 449 1885 ab
463 1847 518 1886 usu
533 1828 672 1887 Ecclesia
693 1827 731 1886 ad
744 1827 905 1886 tollendum
926 1825 1048 1885 abusum
1062 1825 1294 1902 Pelagianorum,
1316 1821 1368 1899 qui
1382 1821 1439 1880 sub
1460 1843 1495 1881 eo

287 1905 367 1964 virus
389 1926 473 1965 suum
489 1909 681 1986 spargebant;
705 1908 779 1983 Quia
792 1915 889 1965 tamen
902 1906 991 1984 longo
1005 1927 1060 1966 usu
1076 1907 1138 1984 jam
1152 1906 1183 1963 in
1198 1902 1330 1962 Ecclesia
1343 1912 1494 1980 receptum

287 1993 339 2064 est,
355 2007 413 2046 non
428 1996 563 2066 putamus
576 1988 649 2047 illud
668 1987 706 2046 ad
728 1987 928 2066 Philosophos,
943 1987 1080 2065 aquibus
1099 1985 1260 2063 profectum
1274 1982 1400 2060 videtur,
1416 1983 1494 2042 ablo-

287 2067 433 2144 gandum;
450 2067 502 2126 sed
515 2069 625 2128 utiliter
638 2068 755 2128 retineri
768 2087 854 2146 posse
868 2087 1027 2144 censemus,
1040 2067 1064 2125 si
1079 2065 1181 2124 dexter
1194 2065 1258 2142 ejus
1272 2083 1375 2123 sensus
1388 2063 1494 2122 docea-

287 2153 342 2224 tur,
358 2155 389 2207 ct
408 2147 516 2208 abusus
537 2157 682 2208 caveatur.
726 2147 812 2208 Unde
833 2167 891 2206 non
905 2147 967 2208 sine
988 2147 1132 2206 calumnia
1145 2145 1229 2204 nobis
1248 2143 1372 2221 impingi
1386 2152 1493 2222 potest,

288 2225 366 2305 quod
380 2249 434 2287 nec
452 2249 558 2290 nomen
582 2249 636 2288 nec
656 2249 718 2288 rem
737 2228 821 2288 liberi
842 2227 953 2288 arbitrii
973 2227 1047 2286 ferre
1067 2225 1220 2305 possimus.
1256 2225 1330 2283 Nam
1346 2233 1378 2282 ut
1396 2224 1493 2300 quoad

286 2328 347 2366 rem
369 2317 470 2388 postea
491 2307 714 2369 demonstraturi
736 2329 835 2368 sumus
858 2327 912 2366 nos
933 2309 1021 2386 longe
1041 2307 1138 2366 verius
1161 2305 1347 2364 Adversariis
1368 2303 1493 2363 liberum

286 2387 437 2447 arbitrium
451 2389 599 2450 stabilire:
626 2389 673 2449 lta
687 2389 794 2469 scripta
808 2389 978 2448 Nostrorum
993 2387 1107 2448 abunde
1121 2387 1234 2463 docent,
1249 2405 1303 2444 nos
1316 2403 1426 2444 nomen
1440 2387 1495 2446 hoc

286 2465 360 2526 berre
375 2469 554 2528 intellectum
567 2469 790 2548 haudquaquam
805 2467 966 2551 repudiare.

328 2545 383 2605 IV.
405 2549 563 2624 ‚inchoatum
576 2549 661 2607 liberi
682 2549 793 2608 arbitrii
814 2567 868 2606 nec
887 2555 932 2606 est
945 2547 1119 2624 intellectus,
1134 2567 1188 2606 neo
1201 2546 1337 2606 voluntas
1359 2545 1490 2618 seorsim,

285 2623 337 2684 sed
351 2635 472 2704 utraque
487 2627 609 2686 facultas
630 2629 825 2707 conjunctim
854 2647 922 2686 narn
935 2635 968 2686 ut
989 2627 1028 2686 ad
1046 2627 1225 2687 intellectum
1240 2625 1366 2704 pertinet
1379 2627 1491 2686 ratione

284 2705 395 2765 arbitrii
410 2727 462 2764 seu
482 2709 658 2791 aquagium
681 2708 729 2767 Ita
742 2708 780 2766 ad
793 2708 973 2767 voluntatem
987 2707 1098 2768 ratione
1111 2708 1273 2784 libertatis,
1297 2706 1384 2766 Unde
1399 2707 1490 2767 facul-

284 2795 373 2845 tatem
388 2785 509 2845 mixtam
523 2797 600 2847 reete
614 2788 733 2865 dixeris,
748 2789 811 2848 sive
826 2787 986 2866 utriusque,
1001 2798 1062 2848 tam
1075 2788 1240 2848 intellectus
1253 2806 1339 2865 quam
1355 2789 1491 2847 volunta·

283 2865 330 2943 tis,
347 2865 522 2928 connubium
536 2877 566 2928 et
579 2871 725 2951 συγκνςίιι.
751 2869 817 2928 Non
831 2875 928 2928 tamen
942 2869 1027 2928 facile
1041 2868 1150 2928 dixeris
1164 2869 1194 2926 in
1209 2875 1274 2928 ut'ra
1288 2868 1385 2946 potius
1398 2867 1491 2928 facul·

285 2955 344 3006 tate
360 2947 516 3027 consistat;
541 2949 623 3010 Sicut
636 2949 714 3009 enim
733 2949 883 3010 arbitrium
903 2948 1069 3009 intellectus
1090 2949 1260 3008 terminatur
1273 2949 1304 3005 in
1317 2949 1491 3026 voluntate3

284 3025 333 3086 Ita
345 3027 465 3088 libertas
478 3031 638 3092 voluntatis
652 3029 778 3090 radicem
792 3029 880 3090 habet
890 3030 921 3088 in
934 3029 1100 3106 intellectu;
1126 3029 1210 3090 Unde
1226 3027 1423 3107 Philosophus
1436 3029 1492 3089 hoc

284 3107 314 3165 in
328 3107 424 3168 medio
438 3111 612 3190 relinquens,
629 3111 670 3170 ait
683 3111 732 3171 vel
753 3130 817 3170 osse
838 3118 887 3170 atr
905 3115 1031 3194 ὅςικτιιιὶι,
1054 3111 1221 3169 intellectum
1240 3119 1426 3188 appetenter,
1442 3111 1490 3170 vel

283 3185 356 3270 'dgito
369 3189 525 3266 drarerrrxir,
541 3192 696 3270 appetitum
710 3193 912 3268 inlelllyetttem,
929 3191 1008 3250 Ethl.
1022 3191 1042 3250 l.
1057 3209 1086 3249 V.
1102 3209 1126 3248 c.
1141 3195 1170 3248 2.

326 3269 363 3328 V.
386 3271 447 3329 Noc
462 3273 565 3331 mirum
580 3274 635 3331 hoc
648 3271 743 3331 videri
757 3271 851 3348 debet,
867 3291 932 3330 cum
952 3271 1118 3330 intellectus
1138 3279 1170 3330 et
1181 3268 1317 3330 voluntas
1333 3277 1393 3329 tam
1409 3283 1490 3330 arcta

283 3349 496 3410 necessitudine
511 3353 586 3412 inter
606 3372 637 3412 se
652 3352 830 3431 copulentur,
845 3359 878 3410 ut
898 3372 916 3412 a
934 3371 965 3410 se
979 3350 1103 3409 invicem
1118 3351 1245 3428 separari
1258 3371 1408 3428 nunquam
1422 3371 1489 3430 pos·

283 3429 350 3503 sint,
365 3449 419 3488 nec
433 3431 509 3489 reale
524 3440 553 3492 et
566 3432 754 3491 intrinsecum
762 3433 810 3490 hic
824 3431 957 3490 videatur
970 3449 1034 3490 csse
1048 3429 1210 3506 discrimen,
1226 3431 1277 3490 sed
1292 3431 1489 3496 extrinsecum

282 3516 394 3567 tantum
408 3509 518 3568 ratione
539 3511 727 3587 objectorum,
749 3519 782 3572 ut
802 3531 860 3570 una
880 3511 1038 3588 eademque
1058 3511 1161 3569 anima
1185 3511 1307 3570 facultas
1328 3521 1358 3570 ct
1374 3511 1491 3589 judicet

282 3585 481 3664 intelligendo,
498 3597 528 3648 et
541 3588 666 3648 volendo
688 3591 879 3670 amplectatur
892 3591 971 3668 qnod
991 3591 1100 3650 bonum
1116 3591 1269 3669 judicavit,
1292 3599 1322 3651 et
1336 3592 1490 3652 intellectus

282 3665 403 3746 dicatur,
419 3667 535 3748 quando
555 3669 586 3729 in
607 3689 703 3730 rerum
720 3671 885 3748 cognitione
906 3680 935 3731 et
952 3669 1065 3750 judicio
1085 3681 1249 3750 occupatur,
1264 3675 1394 3732 voluntas
1406 3691 1487 3748 vero,

282 3747 398 3828 quaudo
421 3749 459 3808 ad
479 3769 577 3810 earum
600 3770 726 3812 amorem
748 3750 797 3809 vel
819 3749 918 3810 odium
941 3751 1038 3811 fertur.
1068 3752 1115 3812 Ita
1128 3751 1207 3830 quod
1220 3762 1265 3812 est
1285 3753 1316 3810 in
1335 3753 1487 3812 intellectu

282 3827 433 3888 affimnatio
448 3839 477 3889 et
491 3831 616 3910 negatio,
632 3831 662 3890 id
683 3832 714 3889 in
728 3831 877 3891 voluntate
892 3840 937 3894 est
947 3831 1121 3892 desiderium
1136 3843 1165 3892 et
1178 3833 1256 3910 fuga,
1272 3835 1331 3916 ‘ing
1352 3835 1373 3892 b
1392 3830 1489 3912 lunata

281 3909 428 3978 suscitarer
441 3915 486 3970 nai
499 3911 636 3988 ἆπόφαεις,
652 3911 719 3972 rs'rir'
732 3914 752 3971 ir
765 3911 833 3994 ὅςίξιι
849 3909 926 3986 δίωξις
940 3918 986 3986 aul
1000 3916 1076 3988 φυγὴ,
1091 3923 1125 3973 ut
1138 3913 1179 3972 alt
1194 3913 1398 3992 Philosophus.

322 3989 378 4050 Vl.
402 3989 444 4051 Ut
457 3991 488 4050 in
501 3992 599 4052 anima
610 4003 715 4071 praeter
728 3993 831 4054 anima
845 3994 1000 4053 essentiam
1014 3993 1070 4053 tria
1082 4001 1195 4052 tanturn
1209 4003 1371 4071 occurrunt,
1386 3999 1486 4070 facial-

281 4077 334 4144 tue,
349 4071 466 4148 habitos,
481 4081 568 4148 actua,
584 4073 700 4150 vulgari
713 4075 830 4134 notione
850 4075 1002 4133 arbitrium
1015 4083 1108 4133 uotum
1122 4075 1226 4134 mentis
1240 4085 1322 4134 notat
1333 4098 1341 4152 ;
1364 4076 1425 4136 Sed
1438 4077 1489 4136 hic

280 4167 334 4208 nec
355 4159 448 4210 acuon
468 4171 522 4211 nec
552 4153 675 4214 habitum
696 4153 841 4232 significat
860 4154 983 4232 proprie,
1006 4153 1084 4232 quod
1106 4163 1136 4213 ct
1157 4155 1194 4214 sb
1216 4155 1332 4215 homine
1357 4160 1488 4235 separari

278 4229 392 4308 possint
406 4232 522 4310 singuli,
538 4241 568 4292 et
581 4252 647 4293 eum
660 4233 698 4294 ad
711 4253 800 4293 unum
815 4233 958 4294 duntaxat
971 4233 1177 4294 contrariomm
1191 4235 1403 4298 determinent:
1428 4237 1489 4298 Sed

273 4311 451 4388 facultatem,
476 4332 534 4372 non
557 4315 754 4392 vegetativam
777 4323 806 4376 et
830 4315 1007 4391 sensitivam,
1031 4335 1096 4393 quac
1118 4315 1202 4374 nobis
1225 4326 1293 4376 sunt
1316 4336 1488 4378 communes

279 4410 346 4449 cum
358 4391 461 4468 brutis,
476 4391 506 4450 in
520 4393 626 4472 quibus
640 4395 737 4454 nullus
751 4393 852 4454 virtuti
866 4395 914 4454 vel
934 4395 1007 4455 vitio
1020 4396 1103 4454 locus
1116 4404 1168 4472 est,
1185 4395 1237 4456 sed
1250 4397 1431 4473 rationalem,
1448 4420 1486 4458 cx

279 4489 343 4607 qpq
350 4471 420 4610 bprtri
433 4473 481 4531 vel
495 4474 564 4534 mali
577 4493 636 4534 non
654 4493 754 4536 sumus
768 4473 885 4554 quidem
910 4475 963 4536 sed
982 4495 1047 4536 esse
1066 4495 1220 4556 possumus
1240 4497 1293 4556 per
1304 4477 1385 4539 illius
1402 4489 1489 4540 actus

344 4569 361 4606 a
383 4571 450 4610 rus.
