3250 5176
171 362 282 424 curma¹
296 341 353 423 rm]
674 359 713 398 ns
728 358 867 400 recurro.
1318 343 1378 402 559*

172 505 205 563 lit
210 504 291 562 unius
300 503 374 562 illius
374 501 529 579 peccati&
537 499 616 560 lllud
624 507 774 577 peccatum
781 500 867 558 debet
874 500 1006 578 intelligi,
1014 501 1050 560 de
1056 520 1114 579 quo
1120 501 1178 560 dici
1186 507 1290 580 potest,
1300 501 1380 580 quod

173 603 272 642 omnes
283 583 437 661 peccarint,
448 601 537 658 quum
548 589 698 659 peccatum
707 579 818 638 introiit
828 599 979 656 perunum
990 581 1136 641 bominem
1150 583 1180 640 in
1190 583 1338 659 mundum,
1351 591 1381 641 et

174 683 225 741 per
235 671 385 741 peccatum
392 681 477 736 mors,
485 682 550 739 quae
561 660 657 719 estvis
665 659 892 718 ratiocinationis
902 659 1046 720 Paulinae:
1060 663 1286 739 Sicutperunum
1292 662 1379 721 borni·

174 764 236 803 nem
245 753 393 819 peccatum
407 743 514 800 introiit
527 743 556 800 io
569 743 703 798 mundum
717 749 744 798 et
751 760 808 815 per
813 749 962 816 peccaram
975 760 1059 818 mora,
1075 752 1102 800 et
1116 743 1155 800 ita
1165 763 1241 802 mora
1252 743 1383 819 peruasit

173 825 203 883 io
216 844 309 882 omues
322 825 360 896 ἔφ’
376 819 396 900 ᾇ
407 823 495 887 πένης
509 818 625 901 ὅμαιμοι,
641 821 671 878 ia
684 841 748 896 qao,
758 819 806 878 vel
821 819 897 896 qaia,
912 841 1005 879 omues
1014 831 1177 898 peccarunt.
1203 824 1246 881 At
1259 822 1382 881 verbum

174 904 283 982 ἅμμου
301 904 416 981 proprie
436 922 495 961 non
509 909 605 980 potest
617 901 693 959 trahi
706 901 744 958 ad
758 899 888 959 habitum
902 901 1021 977 peccati,
1046 903 1095 960 vel
1109 901 1146 959 ad
1171 902 1382 980 corruptionem

175 984 353 1042 habitualem
367 992 397 1042 et
419 982 615 1057 inhaerentem,
640 980 691 1038 aad
715 981 828 1058 proprie
852 988 1002 1058 peccatum
1024 981 1142 1058 aliquod
1164 982 1277 1040 actuale
1290 990 1381 1057 notat,

175 1064 263 1141 idque
276 1063 462 1140 praeteritum,
478 1061 556 1139 quod
568 1080 627 1119 non
640 1069 736 1137 potest
749 1059 830 1119 aliud
843 1079 914 1136 esse,
937 1080 1024 1137 quam
1044 1061 1139 1139 ipsum
1160 1060 1269 1119 Adami
1282 1080 1384 1139 pecca-

175 1151 255 1218 tum;
271 1142 351 1201 aliud
365 1142 471 1219 quippe
485 1149 529 1199 est
542 1148 721 1218 peccatorem
735 1159 798 1200 csse
812 1141 861 1198 vel
874 1141 962 1216 nasci,
973 1141 1053 1200 aliud
1063 1161 1132 1200 vero
1141 1141 1236 1218 reipsa
1249 1160 1383 1218 peccarc;

177 1222 235 1297 Qui
249 1241 327 1298 ergo,
350 1241 416 1280 cum
429 1220 558 1280 nondum
572 1229 668 1280 essent
681 1220 713 1277 in
725 1240 821 1280 rerum
835 1229 946 1297 natura,
962 1221 1097 1280 dicuntur
1110 1222 1141 1280 in
1162 1221 1220 1280 elic
1239 1240 1383 1298 peccasse,

177 1311 331 1362 censentur
344 1300 534 1379 proculdubio
547 1319 581 1359 eo
595 1301 791 1360 committente
804 1309 963 1378 peccatum,
983 1310 1012 1360 et
1025 1303 1081 1380 ipsi
1095 1301 1181 1360 etiam
1197 1301 1384 1360 commisisse.

178 1383 221 1440 At
237 1381 346 1440 Paulus
360 1381 431 1439 dicit
445 1380 480 1438 de
495 1379 628 1440 omnibus
642 1401 707 1440 cum
726 1381 854 1440 nondum
869 1389 974 1457 essent,
990 1401 1040 1441 eos
1060 1383 1091 1440 in
1106 1381 1221 1440 Adamo
1235 1401 1384 1460 peccasse;
1407 1410 1410 1421 Α

177 1462 259 1539 Ergo
273 1480 308 1520 eo
321 1470 459 1539 peccante
473 1469 627 1519 censentur
639 1470 668 1520 ct
682 1461 737 1537 ipsi
750 1479 894 1538 peccasse,
909 1461 987 1537 quod
1002 1463 1063 1520 sina
1078 1461 1267 1538 imputatione
1275 1461 1388 1538 peccati

176 1541 235 1602 dici
248 1559 307 1599 non
320 1547 428 1620 posset.
469 1542 498 1598 4.
520 1541 630 1600 Paulus
643 1559 702 1598 non
715 1548 828 1599 tantum
841 1539 969 1618 loquitur
991 1541 1027 1600 ds
1048 1549 1177 1618 peccato,
1203 1541 1256 1600 sed
1279 1541 1315 1599 dc
1329 1561 1387 1599 uno

171 1629 298 1699 peccato,
314 1621 394 1680 etde
408 1621 490 1679 unius
510 1623 616 1696 ‹ffoua
637 1621 721 1699 eujus
734 1629 831 1680 reatus
852 1620 882 1678 in
903 1639 1003 1680 omnes
1022 1619 1144 1680 diffusus
1159 1629 1211 1697 est,
1227 1641 1256 1681 r.
1274 1623 1320 1696 17,
1338 1621 1385 1695 18,

178 1703 238 1760 “ut
251 1721 304 1778 per
317 1720 408 1760 unum
421 1708 571 1778 peccatum
585 1709 681 1760 reatus
702 1700 733 1757 in
746 1720 846 1760 omnes
866 1700 948 1760 venit
969 1700 1007 1759 ad
1031 1701 1317 1761 condemnationem:
1340 1700 1388 1761 Ita

178 1791 208 1840 et
221 1800 272 1859 per
285 1801 373 1840 unam
389 1781 533 1857 justitiam
547 1782 641 1858 gratia
654 1781 758 1840 transit
772 1781 802 1838 in
816 1799 916 1838 ornnes
929 1781 960 1838 in
977 1781 1216 1859 justificationem
1229 1782 1297 1841 vitae
1308 1782 1336 1858 ;”
1358 1790 1388 1839 ct

178 1881 208 1920 v.
226 1863 272 1937 19,
289 1862 350 1920 “ut
362 1880 414 1938 per
427 1861 513 1920 unius
534 1860 760 1921 inobedientiam
773 1861 858 1920 multi
877 1861 1027 1920 constituti
1048 1871 1115 1922 sunt
1135 1869 1317 1940 peccatores;
1340 1861 1388 1920 Ita

89 1951 91 1954 ’
177 1949 207 2000 et
227 1961 280 2018 per
298 1941 385 2001 unius
405 1940 601 2001 obedientiam
621 1943 705 2001 multi
727 1941 938 2001 constituantur
957 1942 1059 2019 justi.''
1103 1942 1198 2018 Quare
1212 1961 1282 2000 vero
1301 1941 1388 2000 toties

178 2021 341 2099 Apostolus
359 2023 534 2081 mentionem
555 2021 662 2082 faceret
681 2022 764 2081 uniar
783 2022 900 2080 lomim
915 2022 1067 2098 peccantis,
1089 2032 1116 2080 et
1135 2024 1217 2080 unius
1230 2025 1341 2098 offane
1354 2039 1390 2078 uc

178 2102 367 2161 inobedicmioe
390 2103 419 2160 ia
442 2103 589 2180 singulari,
615 2103 699 2181 quus
722 2111 819 2161 reatus
845 2102 876 2160 in
901 2121 1001 2161 omnes
1027 2103 1137 2162 venerit
1160 2103 1191 2160 in
1215 2100 1389 2161 condemna-

178 2182 296 2258 tionem,
310 2202 370 2241 non
390 2183 487 2259 semel,
504 2183 556 2242 scd
568 2183 723 2261 quinquies
735 2183 767 2240 in
780 2183 881 2260 paucis
900 2182 1042 2258 versibus,
1064 2183 1121 2242 nisi
1141 2182 1204 2241 haec
1217 2201 1276 2241 una
1289 2181 1389 2241 inobe-

178 2261 295 2338 dientia,
311 2283 376 2341 quae
389 2282 448 2322 non
461 2271 558 2342 potest
571 2263 628 2322 alia
641 2283 705 2323 esse
719 2263 756 2323 ab
770 2263 877 2322 actuali
890 2263 1119 2341 transgressione
1133 2262 1251 2338 Adami,
1265 2261 1390 2340 posteris

179 2341 388 2420 imputaretur?
409 2343 484 2402 Nam
498 2344 523 2402 si
536 2345 579 2403 rei
593 2363 701 2420 sumus,
713 2363 773 2402 non
785 2343 975 2421 imputatione
988 2343 1100 2422 peccati
1115 2341 1198 2420 Adae,
1211 2343 1264 2402 sed
1277 2350 1389 2401 tantum

178 2422 346 2483 vitiositatis
359 2424 575 2502 propagatione,
590 2443 649 2483 non
666 2425 729 2503 jam
743 2443 781 2484 ex
801 2443 859 2482 uno
873 2433 992 2502 peccato
1014 2431 1110 2483 reatus
1134 2432 1164 2482 et
1188 2422 1389 2482 condemnatio

178 2511 274 2580 potest
288 2503 346 2564 dici
360 2505 390 2562 in
401 2523 500 2563 omnes
511 2505 641 2580 transire,
652 2505 704 2564 aed
713 2525 751 2564 ex
761 2504 920 2564 innumeris
930 2503 1147 2564 inhaerentibus.
1169 2506 1197 2563 5.
1210 2503 1276 2562 Hoc
1287 2502 1390 2562 fortius

179 2583 366 2644 confirmatur
389 2603 427 2642 ex
449 2584 602 2643 collatione
625 2584 734 2643 Adami
756 2593 786 2644 ct
800 2585 917 2661 Christi,
941 2603 1028 2662 quam
1049 2585 1098 2643 hic
1120 2584 1282 2661 Apostolus
1305 2582 1389 2641 insti·

179 2663 322 2740 tuit'rosp.
334 2663 550 2740 justificationis
564 2663 600 2724 dc
615 2685 672 2742 qua
686 2666 755 2744 agit,
781 2666 864 2743 cujus
888 2684 976 2724 causa
995 2673 1082 2724 vocat
1094 2666 1237 2724 Adcmum
1257 2661 1334 2723 rixo·
1346 2669 1392 2722 τοῦ

177 2741 320 2818 μέλλοντος,
331 2751 426 2817 typum
431 2745 534 2818 fleturi,
546 2764 575 2802 u.
587 2747 633 2803 14.
656 2745 766 2804 Eadem
776 2746 882 2823 quippe
890 2746 1001 2804 ratione
1013 2745 1215 2805 constituimur
1224 2753 1390 2822 peccatores

178 2823 209 2881 in
224 2821 349 2895 Adamo,
362 2829 419 2897 qua
425 2823 497 2898 justi
511 2824 713 2883 constituimur
722 2826 753 2882 in
768 2825 902 2886 Christo:
924 2825 967 2884 At
980 2825 1012 2883 in
1026 2825 1141 2884 Christo
1152 2825 1226 2904 justi
1240 2824 1390 2884 constitui·

178 2923 252 2978 mur,
267 2919 320 2979 per
337 2900 460 2979 justitiae
473 2902 712 2978 imputationem:
734 2905 815 2981 Ergo
838 2913 868 2964 et
888 2913 1055 2983 peccatores
1075 2906 1106 2963 in
1120 2905 1237 2963 Adamo
1257 2925 1309 2982 per
1322 2923 1389 2981 pec-

180 2982 237 3042 cati
258 2981 351 3060 ipsius
373 2980 600 3059 imputationem,
624 2984 696 3042 alias
718 2984 868 3042 luxaretur
890 2986 953 3061 ejus
976 2985 1161 3061 comparatio.
1184 2987 1211 3042 5.
1228 2984 1309 3042 Mors
1323 3003 1389 3060 qua

179 3083 230 3142 per
242 3071 394 3141 peccatum
414 3061 556 3140 regnavit,
572 3062 682 3122 ambitu
707 3081 760 3122 suo
783 3071 905 3123 mortem
926 3063 1105 3141 spiritualem
1129 3063 1329 3140 complectitur
1352 3083 1390 3122 ex

181 3144 238 3202 Dei
251 3142 481 3217 comminatione,
497 3161 562 3220 quae
586 3142 660 3202 nihil
681 3141 762 3202 aliud
784 3151 836 3218 est,
860 3163 946 3220 quam
967 3143 1092 3220 privatio
1103 3143 1225 3222 justitiae
1240 3143 1390 3219 originalis

179 3243 245 3283 cum
260 3222 441 3302 corruptione
451 3221 650 3300 haereditaria;
671 3223 749 3283 unde
762 3231 867 3301 prater
880 3243 944 3283 eam
954 3233 1103 3301 peccatum
1114 3222 1232 3298 aliquod
1246 3223 1325 3299 prius
1340 3223 1389 3282 dc-

180 3305 230 3364 bet
252 3305 371 3382 agnosci
395 3303 474 3382 quod
497 3302 584 3364 fuerit
602 3303 666 3382 ejus
688 3321 784 3380 causa,
808 3304 886 3381 quod
910 3304 990 3363 aliud
1013 3323 1072 3364 non
1094 3311 1191 3383 potest
1210 3312 1391 3381 essepraeter

180 3385 289 3443 Adami
302 3394 452 3464 peccatum
467 3386 588 3446 actuale

222 3465 331 3526 XVII.
353 3467 474 3527 Frustra
487 3467 535 3526 hic
549 3467 701 3545 excipitur,
726 3467 750 3526 1.
766 3467 804 3539 ic'
819 3464 840 3544 ᾖ
854 3486 912 3525 non
930 3466 1110 3526 reddendum
1124 3485 1187 3525 esse
1203 3465 1231 3524 in
1246 3485 1300 3543 quo
1314 3467 1389 3524 rela-

182 3547 241 3624 tive,
254 3546 306 3606 sed
316 3548 527 3625 causaliterpro
535 3567 568 3606 eo
578 3550 662 3624 quod,
669 3548 717 3606 vel
731 3549 806 3624 quia,
817 3556 849 3606 ut
857 3548 976 3624 Calain,
984 3549 1110 3624 Martyr,
1118 3547 1215 3606 Verrio
1228 3546 1351 3621 Gallica,
1362 3553 1392 3605 et

180 3627 231 3688 alii
244 3627 378 3688 reddunt.
401 3628 437 3688 R.
453 3629 528 3687 Nam
542 3628 802 3705 quomodocunque
816 3627 954 3687 reddatur
968 3628 1004 3700 ic'
1014 3625 1042 3704 qi,
1060 3628 1122 3686 sive
1136 3629 1259 3701 relative,
1282 3627 1311 3684 in
1325 3647 1389 3702 qao,

180 3707 260 3786 quod
273 3707 396 3767 Veteres
409 3727 515 3786 magno
530 3727 672 3767 consensu
685 3715 745 3767 tam
767 3709 862 3768 Graeci
884 3728 970 3785 quam
985 3707 1085 3766 Latini
1104 3707 1237 3780 retinent,
1260 3713 1289 3764 et
1310 3706 1390 3784 Aug.

180 3795 267 3866 urget
277 3796 376 3847 contra
391 3788 571 3866 Pelagianos,
587 3788 638 3848 lib.
648 3789 688 3848 vi,
702 3787 734 3846 in
747 3788 820 3848 Juli.
836 3809 861 3847 c.
879 3793 924 3863 12,
940 3797 973 3848 ut
986 3788 1133 3847 insolitum
1148 3806 1207 3845 non
1221 3795 1266 3845 cst
1279 3805 1389 3864 praepo·

182 3869 316 3928 sitionem
331 3869 370 3926 ixl
385 3869 459 3927 sumi
472 3889 524 3946 pro
539 3870 567 3944 b,
582 3876 615 3927 ut
628 3876 708 3946 patet
729 3887 767 3927 ex
788 3869 879 3927 Marc.
895 3868 924 3926 ii.
940 3871 967 3943 4,
991 3866 1059 3927 Act.
1074 3868 1104 3926 ii.
1120 3869 1168 3942 38,
1192 3865 1268 3924 Heb.
1284 3867 1324 3925 ix.
1342 3868 1389 3942 10,

183 3952 229 4024 17,
253 3948 339 4006 Matt.
353 3948 415 4006 xiii.
432 3953 478 4023 14,
500 3967 557 4026 quo
572 3968 658 4008 sensu
672 3947 759 4007 etiam
783 3949 854 4008 alibi
867 3947 990 4006 dicimur
1010 3948 1041 4006 in
1062 3947 1177 4006 Adamo
1191 3947 1273 4023 mori,
1292 3949 1306 4004 1
1324 3945 1390 4006 Cor.

180 4050 231 4089 xv.
247 4032 295 4105 22,
312 4029 374 4087 siva
388 4029 545 4104 casualiter,
561 4049 607 4087 res
621 4028 722 4087 codem
736 4028 829 4104 redit;
853 4027 927 4103 Quia
941 4048 1027 4088 causa
1040 4027 1172 4088 redditur
1184 4028 1221 4087 ab
1235 4025 1389 4105 Apostolo,

179 4131 231 4170 cur
244 4129 322 4168 mors
335 4109 366 4168 in
380 4128 479 4168 omnes
493 4116 523 4168 ct
543 4109 673 4187 singulos
686 4111 853 4187 pervaserit,
870 4109 937 4186 quia
952 4109 1025 4167 scili.
1039 4129 1139 4168 omnes
1152 4116 1316 4188 peccarunt,
1332 4127 1390 4167 non

179 4191 279 4269 utique
293 4191 444 4250 actualiter
458 4198 487 4250 et
500 4189 689 4267 personaliter
702 4189 733 4247 in
747 4209 787 4266 se,
803 4190 872 4266 quia
894 4189 1023 4248 nondum
1047 4197 1137 4264 erant,
1157 4190 1209 4248 aed
1228 4189 1259 4246 in
1274 4188 1390 4247 Adamo

179 4279 325 4347 peccante,
340 4279 459 4347 peccato
473 4270 584 4330 scilicet
597 4270 648 4328 illo
662 4269 755 4347 primo
769 4268 848 4347 quod
871 4289 923 4347 per
944 4269 1039 4346 ipsum
1052 4269 1164 4328 introiit
1184 4270 1214 4327 in
1239 4268 1388 4346 mundum,

181 4357 214 4408 ut
228 4349 387 4426 supplenda
401 4351 439 4409 sit
459 4349 622 4409 necessario
644 4349 787 4408 sententia
801 4348 946 4427 Apostoli,
969 4349 1053 4408 etita
1074 4349 1229 4424 reddenda,
1253 4369 1285 4407 eo
1305 4351 1389 4425 quod,

181 4427 293 4487 scilicet
305 4429 337 4486 in
350 4449 408 4487 uno
422 4429 473 4487 illo
486 4429 612 4506 homine,
628 4449 721 4488 omnes
729 4439 926 4506 peccaverunt,
938 4428 1017 4507 quod
1026 4429 1131 4488 Veraio
1146 4429 1260 4488 Gallica
1273 4427 1304 4484 in
1314 4447 1389 4486 mar·

181 4509 249 4588 gine
262 4514 352 4582 notat,
368 4527 456 4584 quum
470 4508 560 4585 addit,
586 4509 634 4568 vel
648 4511 677 4568 in
697 4529 761 4587 quo,
783 4528 886 4587 nempe
911 4519 1046 4586 quatenus
1070 4508 1261 4586 comprehensi
1282 4515 1347 4566 eunt
1360 4509 1390 4567 in

178 4609 305 4667 persona
320 4589 433 4664 Adami,
445 4589 540 4665 inquo
555 4589 815 4666 unaquaquesutt.
850 4589 892 4648 11.
904 4589 1120 4649 &militudinem
1127 4588 1235 4648 Adurni
1244 4595 1271 4646 et
1285 4587 1392 4647 Gloriari

181 4691 239 4731 esse
253 4671 282 4729 io
295 4689 336 4747 re,
350 4671 402 4729 red
414 4689 469 4729 noc
483 4668 512 4729 in
526 4671 608 4729 modo
622 4670 672 4746 rei,
697 4669 737 4730 id.
753 4670 856 4730 docere
870 4669 987 4748 quidem
1010 4669 1184 4747 Apostolum
1200 4667 1346 4728 Adanum
1360 4668 1391 4726 in
