3158 5180
112 383 234 434 auusr.
251 363 341 446 rurs]
552 385 590 423 nn
605 381 902 424 ranossmusrroun.
1274 367 1332 431 355

117 527 214 587 Deum
228 527 340 606 aliquid
354 525 430 586 serio
444 535 474 586 ct
487 525 622 586 ardenter
635 526 721 603 vulla,
743 526 821 604 quod
842 526 898 586 scit
911 545 964 586 nec
978 526 1106 588 intumm
1120 545 1256 607 unquam,
1279 551 1332 592 nec

111 607 178 668 lieri
194 625 289 686 posse,
305 616 336 667 et
348 606 387 666 ed
401 606 480 686 quod
493 605 589 666 media
602 607 766 666 necessaris
786 607 897 666 homini
910 606 1011 686 largiri
1025 627 1083 668 non
1098 609 1170 684 vult,
1186 612 1237 688 qui
1253 613 1332 674 solus

111 691 234 766 potest?
275 687 326 746 An
340 695 387 748 est
400 687 567 763 Methodus,
582 689 687 747 docere
701 687 892 748 Mediatorsm
902 687 960 748 illis
975 687 1122 757 destinari,
1137 691 1243 768 quibus
1257 711 1330 752 nun-

110 787 202 848 quam
216 768 352 843 innotuit,
364 768 533 828 ethomines
547 768 646 828 vocari
660 767 834 828 sufficienter
847 769 885 828 ad
899 769 1030 846 salutem,
1046 770 1071 830 si
1085 789 1143 828 non
1154 771 1328 850 immediate,

114 849 221 908 mhem
246 849 381 924 mediate,
396 867 436 908 ex
458 849 699 928 contemplatione
721 849 788 908 coeli
810 859 839 909 et
861 857 961 928 terrc3
984 851 1214 928 impetrationem
1229 853 1331 913 eulatie

111 929 202 989 latius
215 938 315 1007 patere
329 930 394 1007 ejus
407 928 607 1008 applicatione,
623 938 653 989 et
662 929 808 989 Christum
818 929 933 1008 proprie
947 931 1031 990 nobis
1044 951 1103 990 non
1117 932 1251 994 meritum
1265 951 1329 994 esse

109 1009 208 1084 fidem,
225 1007 281 1069 &c
325 1011 401 1070 Sene
416 1009 467 1088 qni
479 1010 542 1068 brac
556 1019 586 1072 et
599 1010 705 1069 similis
725 1019 858 1070 accurate
873 1029 908 1088 pe
960 1010 1056 1071 nderit
1070 1011 1154 1072 facile
1169 1011 1327 1090 deprehen·

107 1089 168 1164 dst,
185 1107 245 1149 nou
259 1099 373 1150 tentum
396 1090 433 1150 ds
445 1090 592 1166 methodo,
616 1091 668 1150 sad
681 1090 719 1150 de
732 1029 1061 1169 momentosorddgmatc
1076 1093 1134 1170 agi,
1150 1101 1184 1152 ut
1197 1093 1240 1152 illi
1262 1113 1327 1154 oum

105 1169 217 1248 quibus
230 1171 347 1248 agimus
361 1189 419 1230 non
432 1179 555 1249 possunt
568 1171 693 1230 diffiteri.

149 1250 232 1310 XII.
249 1251 379 1328 Interim,
395 1271 574 1330 quascunque
588 1253 636 1310 bic
649 1250 880 1330 deprehendatur
895 1251 970 1310 inter
984 1252 1106 1312 Nostros
1120 1253 1325 1314 sententiarum

107 1329 315 1409 discrepantia,
332 1333 444 1392 saltum
459 1331 612 1410 utrobique
626 1341 724 1392 manet
737 1329 877 1392 hactenus
897 1349 950 1409 per
971 1333 1026 1392 Dei
1040 1334 1165 1410 gratiam
1179 1333 1247 1394 fidei
1261 1335 1324 1394 fun·

105 1409 288 1487 dementum,
312 1411 382 1471 dum
402 1413 537 1490 utrinque
552 1412 698 1488 urentur,
724 1416 749 1471 1.
767 1413 941 1472 Uniuerrab'e
955 1413 1084 1472 omnium
1098 1422 1129 1473 at
1143 1414 1323 1492 singulorum

106 1491 261 1551 bominum
278 1492 440 1570 Correptio,
456 1494 662 1552 stomomate
673 1513 706 1552 ac
717 1491 871 1552 invictaex
886 1511 920 1552 ea
934 1493 1110 1570 emergendi,
1126 1496 1324 1573 cujuscunque

106 1571 160 1629 illa
173 1571 292 1649 generis
307 1574 354 1649 sit,
376 1574 538 1650 impotentis
559 1573 621 1633 eina
635 1573 743 1632 efficaci
758 1573 814 1632 Dei
829 1573 930 1650 grstia⁴
972 1578 1000 1632 2.
1024 1575 1132 1634 necao
1146 1595 1184 1634 cx
1198 1577 1255 1634 ista
1269 1577 1322 1634 mi-

105 1653 186 1710 seria
198 1651 237 1712 ad
252 1653 375 1712 salutem
384 1655 580 1730 partiendum,
596 1663 626 1713 et
639 1654 828 1732 plurimorum
841 1653 998 1730 praeteritio
1012 1653 1138 1729 irnmote,
1153 1673 1228 1734 quoa
1242 1657 1323 1716 Deus

105 1729 137 1789 in
152 1749 207 1792 ena
219 1733 345 1808 miseria,
360 1734 506 1793 liberrimo
521 1734 647 1812 quidem,
670 1734 722 1793 sed
732 1733 895 1811 justissimo
908 1742 1005 1793 tamen
1016 1735 1137 1813 judicio,
1159 1737 1209 1813 qui
1222 1753 1323 1796 omnes

106 1812 272 1889 relinquam
285 1823 408 1891 poterat,
433 1815 596 1892 relinquere
618 1815 720 1873 voluit.
763 1816 791 1872 3.
816 1814 923 1874 Gratia
945 1815 1054 1890 efficax,
1080 1835 1145 1892 qum
1160 1815 1222 1876 sola
1235 1817 1322 1876 iidem

108 1891 324 2034 &mitit
336 1895 564 2034 stituit
577 1893 886 2034 stultitiis
896 1893 1238 2034 ”tlitttiitlt
1249 1897 1323 2035 tl

108 2069 191 2128 pore,
205 2053 267 2113 sine
280 2073 340 2132 quo
353 2064 449 2114 tamen
464 2075 548 2115 nemo
563 2019 694 2115 salutem'
709 2053 848 2131 consequi
871 2062 975 2132 potest.
1017 2057 1046 2114 4.
1068 2057 1165 2113 &lam
1187 2055 1319 2134 Eneape-

107 2131 186 2208 le'rmr,
212 2143 245 2193 nt
265 2136 450 2194 miranter-inm
471 2137 602 2212 Spiritus,
623 2143 652 2194 et
667 2135 890 2194 instrumentum
904 2135 1021 2193 unicum
1034 2133 1238 2212 ingenerandse
1252 2135 1321 2195 fidei

106 2211 138 2270 in
152 2213 310 2290 Christum,
323 2216 435 2275 ceteris
445 2216 579 2276 omnibus
593 2214 819 2274 revelationibus
833 2214 871 2273 ad
885 2215 1007 2274 salutem
1018 2215 1135 2274 omnino
1145 2215 1319 2274 insufficien-

104 2293 194 2368 tibus,
207 2295 232 2354 ω’
246 2313 306 2354 nou
320 2296 473 2374 objective,
490 2297 591 2356 saltem
606 2295 776 2374 subjective,
791 2303 909 2374 propter
921 2295 1050 2354 innatam
1064 2294 1189 2354 hominis
1202 2313 1319 2374 corrup·

103 2373 237 2452 tionem;
259 2376 331 2452 Quae
355 2377 490 2455 capitalia
512 2387 579 2437 sumt
599 2375 668 2435 fidei
681 2375 827 2454 dogmate,
852 2393 918 2454 qum
932 2375 1072 2436 adversus
1094 2375 1267 2454 Pelagianos
1289 2385 1320 2436 et

105 2455 361 2534 Semipelagianos
374 2465 540 2517 constanter
553 2475 654 2516 omncs
667 2465 789 2516 tuemur.

146 2533 247 2594 XIII.
271 2537 314 2598 Ut
326 2546 361 2597 ut
374 2557 443 2597 vero
457 2537 665 2597 conveniamus
685 2555 786 2596 ornnes
806 2535 836 2594 in
856 2534 1025 2596 exitialibus
1041 2537 1272 2614 Pelagianornm,
1287 2547 1317 2596 et

102 2616 156 2694 qui
166 2635 268 2676 eorum
282 2626 378 2678 cestra
388 2627 556 2696 sequuntur,
568 2617 714 2678 emodbur
727 2617 948 2696 oppugnandis3
962 2615 1151 2677 nibilominus
1164 2635 1242 2676 nora
1252 2618 1315 2694 ista,

102 2715 173 2774 qma
187 2716 206 2755 a
219 2697 301 2757 Viris
314 2699 429 2777 magnis
443 2699 610 2776 excogitata
623 2705 676 2773 cst,
691 2697 853 2774 methodus,
869 2697 1003 2776 quamvis
1020 2697 1058 2756 ad
1076 2715 1175 2757 auram
1196 2697 1316 2777 popule·

103 2796 177 2852 rem,
193 2786 225 2837 ct
237 2777 345 2856 placita
357 2779 507 2839 hominum
521 2779 616 2857 magis
629 2777 763 2837 videatur
776 2777 1001 2854 accommodata,
1016 2786 1046 2837 et
1060 2777 1204 2837 venditari
1225 2777 1317 2838 soleat

102 2864 246 2936 tunquam
272 2859 448 2918 commodior
476 2859 513 2918 ad
537 2858 681 2938 justitiam
707 2857 763 2917 Dei
788 2857 929 2918 adversus
952 2857 1091 2936 reprobos
1114 2855 1261 2934 tuendam,
1286 2866 1317 2916 et

102 2955 224 2997 musam
239 2947 330 3000 totam
351 2939 433 2999 exitii
453 2939 603 2999 hominum
623 2939 653 2997 in
672 2938 751 3017 ipsos
771 2937 1008 3014 transferendam,
1029 2955 1089 2996 non
1102 2936 1210 2997 desinit
1227 2937 1317 2997 variis

103 3017 251 3095 absurdis,
267 3029 298 3080 ct
311 3019 530 3080 difficultatibus
543 3017 794 3078 inextricabilibus
807 3018 918 3094 urgeri3
934 3037 999 3095 quae
1012 3016 1087 3092 idco,
1097 3025 1131 3075 ut
1142 3018 1205 3076 Deo
1219 3017 1316 3076 minus

104 3099 293 3176 conveniens,
315 3119 417 3178 pamm
431 3099 487 3158 sibi
501 3107 645 3176 constans,
666 3098 704 3156 ab
719 3098 874 3158 &merim
895 3097 1040 3156 saniorum
1058 3113 1222 3155 sermonum
1236 3115 1314 3155 rece·

103 3177 190 3254 dens,
205 3187 236 3238 et
249 3189 368 3259 propter
380 3179 564 3258 multiplicas,
580 3198 653 3258 quas
666 3187 734 3256 post
747 3197 778 3237 se
792 3179 881 3237 trabit
896 3177 1126 3254 consequentiae,
1142 3176 1312 3254 periculosa,

105 3257 144 3316 ab
159 3259 302 3320 Ecclesiis
321 3260 430 3320 normis
446 3259 620 3339 jampridem
635 3259 771 3318 mmnuta
791 3267 844 3336 cst,
867 3266 897 3318 et
916 3257 1044 3336 rejecta:
1077 3257 1162 3333 Quod
1176 3275 1234 3315 nou
1250 3257 1312 3316 siue

105 3339 192 3414 gravi
211 3361 300 3401 causa
320 3341 427 3401 iactum
449 3357 521 3416 esse,
538 3339 621 3400 salva
640 3339 874 3399 dissentientium
893 3357 973 3416 pace,
988 3337 1088 3417 paucis
1106 3338 1169 3415 jam
1189 3337 1312 3415 proban·

105 3417 187 3495 dum,
201 3421 362 3499 etquidem
377 3421 454 3480 cuca
466 3421 590 3498 primum
605 3421 706 3499 Caput,
722 3420 760 3479 do
774 3439 832 3498 quo
846 3437 923 3478 nunc
943 3419 1047 3496 egbur,
1063 3419 1243 3479 voluntatem
1257 3419 1312 3479 sci-

104 3498 182 3576 licet,
199 3520 251 3560 scu
265 3501 444 3580 propositum
458 3501 622 3560 universale
636 3501 764 3560 omnium
778 3499 932 3560 miserendi
946 3499 985 3558 ed
999 3497 1130 3560 salutem.

105 3613 208 3664 mm
218 3619 272 3665 du,
282 3621 350 3667 mne
412 3581 502 3642 XIV.
524 3581 625 3641 Talem
646 3581 755 3640 nullam
769 3581 832 3640 dari
853 3581 1041 3656 voluntatem,
1062 3580 1112 3639 vel
1133 3578 1313 3658 propositum

133 3677 266 3724 ricardum
301 3680 355 3724 unr-
375 3661 406 3720 in
421 3663 485 3723 Deo
498 3662 663 3740 probamus,
682 3665 707 3722 l.
724 3663 771 3720 Ex
780 3662 933 3721 Eleetiom'e
946 3661 1203 3738 sumpseramus
1217 3663 1311 3719 decre·

133 3737 256 3784 vendere
266 3739 351 3797 9¹⁰¹*
372 3752 409 3802 to.
432 3742 508 3818 Quis
523 3741 671 3820 Scriptura
683 3743 863 3822 propositum
877 3740 1033 3801 miserendi
1046 3740 1220 3820 particulare
1233 3739 1311 3816 facit,

132 3797 184 3840 ω’·
368 3839 427 3881 non
440 3823 613 3898 universale,
629 3839 718 3900 quum
739 3831 863 3882 tastum
881 3821 976 3882 Demo
990 3819 1180 3900 quorumdam
1201 3827 1313 3878 rmum

102 3899 242 3978 nisermi,
258 3901 333 3961 alios
352 3921 457 3978 amare,
472 3910 503 3964 et
515 3901 590 3961 libro
603 3903 674 3962 vitre
686 3903 850 3978 inscribere,
867 3902 939 3960 alios
955 3919 1026 3960 vero
1046 3900 1151 3976 odisse,
1167 3897 1309 3973 indurare,

104 3979 144 4037 ad
157 3979 229 4038 imm
242 4001 359 4060 ponere,
374 3991 404 4042 ct
417 3982 455 4041 ad
469 3982 683 4042 dsmmtiouem
703 3981 897 4076 prescribere.
914 3979 999 4038 Rom.
1014 3979 1054 4038 ix⁴
1072 3982 1117 4054 ll,
1132 3982 1179 4054 12,
1197 3979 1243 4051 13,
1264 3981 1311 4054 18,

104 4062 164 4136 223
187 4065 202 4118 1
218 4061 322 4122 Thess.
336 4081 367 4121 v.
388 4065 425 4140 93
450 4066 465 4121 l
482 4062 545 4122 Pet.
560 4061 589 4122 ii.
610 4065 649 4138 ὃς
670 4080 737 4140 quie
750 4059 827 4120 enim
841 4059 948 4120 dixerit
968 4059 1063 4117 Deum
1083 4057 1213 4116 misereri
1235 4057 1312 4115 velle

103 4139 144 4196 ad
157 4139 281 4201 sulutem
294 4142 420 4218 illorum,
436 4161 511 4220 quos
520 4143 556 4202 ab
572 4151 679 4202 esterno
693 4140 868 4220 reprobarit,
884 4147 913 4198 et
923 4139 1050 4198 maxima
1064 4137 1139 4197 serio
1152 4137 1311 4196 intendIsse

103 4219 164 4279 illis
176 4220 265 4282 duem
286 4222 343 4282 sub
356 4223 530 4300 conditione,
545 4241 620 4300 quoe
641 4221 743 4281 eodem
757 4219 916 4278 voluntatis
937 4225 1003 4277 ectu
1024 4237 1042 4276 a
1061 4216 1157 4276 medio
1177 4216 1215 4276 cd
1229 4216 1311 4276 illurn

104 4317 232 4378 unquam
246 4303 437 4381 perveniendi
450 4304 599 4363 exclusit?
625 4311 656 4361 et
669 4303 735 4380 quie
747 4319 806 4358 non
820 4298 903 4358 videt
915 4297 1025 4358 destrui
1040 4297 1192 4356 considam
1211 4297 1311 4355 condi·

101 4379 245 4521 {ipnffim
260 4383 298 4442 de
312 4383 410 4443 danda
422 4384 515 4444 salute
528 4383 694 4460 innumeris,
707 4399 759 4460 per
772 4379 924 4440 consilium
938 4379 1103 4438 absolutum
1117 4377 1154 4436 de
1167 4393 1226 4436 nou
1240 4377 1310 4435 den-

191 4463 198 4476 '
229 4462 314 4522 fide?

143 4541 217 4602 XV.
241 4543 366 4602 Frustra
377 4542 426 4602 hic
439 4544 590 4623 excipitur,
608 4546 634 4601 1.
651 4543 806 4603 Decretum
820 4539 992 4619 particulare
1005 4537 1161 4598 miserendi
1174 4553 1309 4614 quomm-

102 4619 177 4698 dum,
193 4641 255 4682 non
274 4633 405 4683 evertere
418 4623 590 4698 universale,
605 4624 676 4701 qnia
692 4623 750 4682 ω’
776 4621 846 4682 aar,
858 4626 903 4680 ul
925 4619 994 4680 iles·
1016 4619 1053 4678 de
1068 4619 1131 4678 Deo
1156 4617 1311 4694 dicuntum

102 4701 279 4777 particulare
289 4701 438 4762 demotum
451 4721 514 4764 esse
523 4703 583 4764 ω’
596 4705 704 4782 kemla,
718 4703 769 4763 sed
787 4701 951 4764 universale
961 4719 1018 4761 non
1033 4699 1121 4778 item3
1137 4697 1198 4757 Nec
1210 4697 1310 4758 adrer-
