3152 5178
251 385 307 442 182
733 392 825 436 cocus
838 394 972 436 ruamus.
1281 373 1405 456 [onnsr.
1421 397 1459 437 x.

250 539 301 620 qui
315 535 574 618 omnipraesentium
589 534 645 595 Dei
661 534 726 613 ejus
739 535 904 612 operatione
918 533 1068 612 definiunt,
1089 541 1184 613 potest
1197 553 1296 594 corum
1311 537 1462 598 renuntia

251 619 373 696 admitti,
389 619 414 679 si
426 617 515 697 prio'ri
526 635 614 675 senen
623 615 679 674 hoc
689 615 862 692 intelligant,
874 633 927 693 pro
940 615 1004 694 ejus
1013 614 1245 675 manifestatione
1255 635 1274 674 s
1286 617 1461 694 posteriori:

251 699 304 761 sed
326 699 352 759 si
371 699 427 758 hoc
451 697 576 756 referent
595 695 634 755 ad
653 695 717 772 ejus
737 694 972 754 constitutionem
996 695 1128 772 aptiori,
1149 694 1253 755 merito
1271 695 1402 774 rejicitur
1423 705 1464 757 ut

253 780 409 858 Scriptum
423 776 574 852 oontrefis,
589 783 619 834 et
631 773 718 834 nimis
732 774 872 834 accedeus
885 773 923 833 cd
938 773 1155 834 &cinnum
1169 793 1304 835 errorem.

291 859 404 918 XXII.
427 857 511 917 Licet
524 854 708 914 Immcusitas
722 863 752 914 et
769 853 1010 931 Omnipraesentia
1024 854 1080 914 Dei
1098 873 1212 932 semper
1230 855 1462 934 conjungentur,

250 937 463 1016 distinguendas
484 943 582 996 umen
602 943 687 1011 sunt;
707 934 759 993 illa
778 933 940 993 absolutum
960 934 1032 994 dicit
1051 933 1082 992 in
1103 935 1167 993 Deo
1188 935 1395 1012 proprietatem
1420 937 1464 996 ab

251 1027 359 1079 sterno
372 1017 417 1076 illi
430 1023 639 1094 competentem
649 1036 656 1091 ;
678 1013 741 1073 haec
753 1013 785 1073 in
798 1014 850 1072 illa
862 1012 982 1074 fundata
994 1022 1076 1074 notat
1089 1014 1288 1075 habitudinem
1302 1014 1340 1074 nd
1357 1014 1465 1074 locum

250 1098 281 1156 in
295 1106 423 1176 tempore
437 1095 626 1170 existentem
646 1094 812 1171 hbentqtns
826 1113 857 1153 se
870 1093 909 1152 od
922 1093 1013 1153 instar
1025 1101 1107 1152 actus
1120 1094 1205 1172 prisci
1218 1101 1249 1153 et
1262 1094 1392 1170 secundi,
1408 1095 1466 1153 vel

250 1177 384 1256 principii
404 1183 435 1236 et
453 1173 634 1254 principistiz
657 1173 732 1232 Nam
752 1193 790 1232 cx
810 1172 1003 1234 immensitate
1023 1173 1113 1232 oritur
1133 1173 1372 1250 omnipraesentis,
1390 1194 1465 1252 quss

251 1257 389 1336 supponit
406 1255 627 1316 immensitatem
650 1261 789 1331 tanquam
810 1251 1045 1330 fundamentum
1068 1252 1139 1312 Ideo
1158 1252 1238 1312 euim
1259 1253 1341 1313 Dens
1361 1255 1465 1312 omni·

249 1355 377 1415 praesens
390 1343 443 1411 est,
457 1335 528 1412 quic
539 1334 706 1392 mmemus.

292 1415 423 1474 XXIII.
445 1414 541 1488 Quum
554 1414 633 1471 Deus
647 1411 753 1472 dicitur
771 1413 922 1471 axendcrc
935 1411 984 1471 vel
1003 1413 1176 1486 descendere,
1191 1412 1271 1470 ube'rc
1283 1411 1332 1470 vel
1349 1413 1464 1490 ocche,

248 1495 305 1553 hoc
319 1493 579 1571 omnipraesentium
592 1511 651 1550 non
665 1491 749 1567 tollit,
765 1492 834 1568 qnis
846 1491 902 1551 hoc
911 1511 970 1551 non
980 1499 1112 1569 respectu
1122 1491 1263 1566 ementis,
1279 1492 1332 1551 sed
1341 1500 1466 1551 tuntum

250 1574 287 1633 de
297 1573 476 1633 diversorum
487 1571 685 1650 operationum
695 1570 825 1630 absentie
835 1572 884 1631 vel
893 1572 1046 1649 praesentis
1056 1570 1179 1630 dicitur:
1197 1573 1272 1630 corut
1280 1590 1350 1649 ergo
1362 1571 1464 1649 Dens,

249 1653 365 1731 quando
385 1651 524 1730 peculiari
545 1650 655 1710 ratione
677 1650 784 1710 alicubi
806 1659 948 1730 operatur,
971 1651 1020 1709 vcl
1040 1651 1070 1709 in
1091 1651 1185 1728 gretie
1204 1651 1253 1710 vel
1273 1651 1305 1709 in
1320 1651 1465 1730 justific3

249 1734 355 1792 recedit
366 1751 435 1791 vero
449 1729 565 1808 quando
586 1730 688 1808 gratia
708 1749 768 1790 suc
787 1730 920 1808 symbols
938 1729 1081 1807 subducit,
1096 1739 1125 1790 et
1138 1729 1273 1790 salutaris
1292 1732 1466 1809 prasentia

248 1812 414 1873 testimonie
434 1811 600 1904 hominitus
623 1810 766 1904 denegat:
787 1811 872 1870 Aliss
892 1811 922 1869 in
941 1829 974 1870 co
993 1830 1104 1888 suuper
1121 1811 1246 1888 civimm,
1267 1829 1415 1870 moeruer-
1435 1821 1469 1872 et

249 1888 759 2032 mnIIuIIIII.Pfftiilsffli'affitbtitrium
773 1989 831 2028 non
845 1969 1014 2048 ignorarunt
1031 1967 1087 2048 ipsi
1102 1968 1228 2044 Ethnici,
1242 1969 1312 2028 hinc
1325 1968 1464 2029 Trisme-

248 2053 342 2130 gistus
357 2051 435 2128 dicit,
450 2052 544 2110 Deum
557 2069 615 2110 esse
635 2050 787 2126 Gnosium,
807 2052 884 2126 cujus
904 2058 1029 2109 ceratum
1045 2051 1083 2110 ait
1100 2049 1208 2128 ιιὸίᾳυι,
1223 2049 1463 2127 &ceruam

248 2153 395 2211 uuspwn,
411 2131 451 2192 Et
464 2129 584 2207 Aratus,

730 2245 811 2305 Jovis
824 2244 919 2306 ommtz
932 2265 989 2306 esse
996 2245 1095 2324 pleno.

250 2327 291 2387 Et
304 2327 455 2405 Virgilius,

1010 2405 1104 2464 Deum
1117 2403 1225 2480 tropei·
1238 2423 1333 2463 munes

530 2483 690 2561 Terraeque
704 2491 863 2560 noctuque
876 2482 973 2559 marti,
989 2487 1138 2561 caelumque
1147 2485 1331 2560 protundum.

248 2563 313 2640 Quo
327 2571 459 2642 spectent
472 2569 501 2622 ct
515 2561 579 2638 istu,

530 2643 594 2709 Quo
600 2641 684 2718 supin
697 2641 851 2717 Bacchide,
866 2661 1043 2720 pwscunque
1056 2643 1204 2702 cromerus
1217 2661 1285 2702 oras

568 2723 626 2781 Sub
639 2723 713 2781 Jove
725 2741 835 2800 semper
848 2722 913 2782 cris.

248 2839 366 2916 Seneca
380 2837 432 2898 lib.
447 2838 487 2899 iv.
499 2838 536 2899 de
549 2839 633 2901 bene.
647 2860 673 2900 c.
684 2841 714 2900 8.
751 2840 923 2918 Quocunque
933 2839 1083 2917 testeum
1095 2839 1134 2899 ut
1145 2839 1224 2898 utun
1236 2840 1340 2900 videbas
1353 2861 1459 2900 occsur-

246 2929 352 2980 rentem
366 2921 422 2996 titi,
436 2920 508 2980 ailad
519 2921 555 2979 ab
568 2920 617 2979 silo
629 2929 721 2997 occat,
735 2939 805 2998 opus
817 2939 900 2980 mum
912 2920 959 2980 silc
971 2921 1074 2997 implet.

719 3156 914 3236 cumerio
934 3157 977 3217 x.

686 3336 727 3377 DE
740 3335 937 3378 sarmium:
950 3335 1011 3376 nst.

290 3474 336 3532 An
351 3475 511 3534 AEtemitoa
524 3477 584 3535 Dei
594 3478 729 3536 adortat
740 3477 935 3538 mationem
948 3475 1191 3553 semesum
1204 3477 1406 3554 etpostcriusi

692 3556 777 3618 Affir.
791 3565 892 3617 contra
907 3555 1003 3617 Socin.

545 3711 571 3772 Ι.
593 3713 728 3776 Infinitas
748 3715 805 3776 Dei
825 3721 958 3794 respectu
978 3711 1139 3774 durationis
1151 3713 1312 3774 Remum
1332 3714 1452 3794 dicitur,

272 3776 451 3882 suffice·
503 3792 551 3854 cui
570 3793 634 3854 hcc
653 3795 709 3854 tn‘a
729 3796 902 3872 tribuuntur,
927 3797 953 3855 1.
973 3794 1052 3872 quod
1072 3793 1110 3854 sit
1126 3813 1231 3872 expers
1250 3795 1397 3874 principii,
1419 3801 1453 3858 2.

504 3873 583 3950 qnod
603 3873 642 3933 sit
660 3875 722 3934 sine
742 3876 808 3952 tine,
830 3878 859 3935 3.
877 3874 956 3952 quod
971 3882 1067 3934 camut
1087 3874 1276 3950 successione,
1299 3875 1340 3934 id.
1363 3875 1452 3936 durs-

242 3951 321 4011 tione
334 3951 377 4011 rei
397 3952 555 4012 secundum
575 3955 655 4031 prius
668 3963 698 4014 ct
717 3955 869 4033 posterius,
892 3954 1048 4014 secundum
1068 3960 1203 4031 praesens,
1224 3955 1405 4031 praeteritum
1419 3965 1454 4017 et

242 4029 380 4093 futurum.
421 4031 488 4092 Non
500 4033 639 4111 quaeritur
651 4036 765 4113 proprie
778 4035 834 4110 hic,
850 4033 901 4093 An
915 4035 996 4094 Dens
1009 4033 1048 4093 sit
1060 4043 1184 4093 scternns
1196 4033 1308 4093 ratione
1322 4034 1453 4096 duorum

241 4111 377 4188 priorum,
392 4111 433 4173 id.
447 4111 499 4171 An
512 4113 551 4173 sit
563 4113 626 4173 sine
646 4115 787 4193 principio
801 4122 830 4174 et
843 4114 909 4173 fine.
951 4113 1018 4172 Hoc
1031 4113 1108 4172 enim
1128 4113 1251 4172 Socinus
1264 4123 1295 4173 et
1308 4114 1453 4176 Vorstius

241 4209 347 4267 negare
367 4211 427 4252 non
447 4200 569 4271 possunt
589 4203 689 4254 contra
709 4202 753 4255 tot
774 4193 933 4253 clarissime
954 4192 1109 4271 Scripturas
1130 4193 1313 4270 testimonie3
1335 4194 1390 4254 sed
1410 4195 1451 4256 ds

241 4271 336 4345 tertio,
351 4271 402 4330 An
417 4273 581 4333 AEtsrnitas
602 4275 665 4352 ejus
685 4273 724 4334 sit
744 4273 880 4334 immunis
899 4292 918 4332 s
937 4271 1136 4349 mccessione;
1158 4272 1214 4348 vel,
1230 4271 1281 4330 An
1295 4274 1450 4335 sub'aosat

241 4351 378 4424 temporis
398 4351 576 4428 differentiis,
597 4361 631 4413 ut
650 4353 694 4412 illi
715 4353 906 4432 pertendunt;
927 4352 996 4411 vide
1017 4351 1162 4428 Orcllium,
1183 4351 1270 4412 liti.
1291 4351 1329 4412 de
1344 4295 1438 4432 Itdrg

240 4428 330 4486 c.18.
372 4429 434 4490 Nos
458 4451 528 4494 vcro
549 4434 645 4493 Deum
666 4432 703 4493 sb
723 4434 802 4493 omni
823 4431 961 4511 temporis
983 4431 1152 4508 differentia,
1173 4439 1203 4491 et
1222 4451 1283 4491 non
1305 4432 1404 4496 minus
1425 4453 1447 4494 a

240 4506 421 4568 successione
433 4529 522 4588 quam
535 4532 554 4572 c
566 4513 707 4592 principio
720 4523 750 4574 ct
762 4513 828 4589 tino,
843 4531 907 4573 esse
920 4513 1077 4572 immunem
1089 4511 1251 4572 statuimus.

282 4579 324 4640 II.
346 4583 412 4644 Non
426 4593 564 4665 quaeritur
577 4593 614 4653 de
626 4593 799 4654 AEtcnitutc
811 4592 974 4672 t‘mpropric,
988 4602 1019 4652 et
1032 4591 1189 4652 secundnm
1202 4589 1274 4669 quid
1287 4591 1330 4652 ita
1343 4591 1443 4654 dicta:

239 4663 384 4734 quomodo
397 4668 520 4728 sumitur
530 4671 684 4749 aliqnando
697 4693 750 4752 pro
763 4673 853 4751 longa
862 4674 904 4733 rci
917 4671 1075 4747 dmutionc,
1085 4679 1119 4730 nt
1130 4671 1311 4732 &musto
1320 4682 1441 4748 pactum
