3152 5178
247 357 306 414 202
733 372 825 415 cocos
838 371 973 416 reamur.
1272 349 1386 432 [curer
1401 369 1464 412 xv.

243 513 389 590 vaticinio,
416 521 446 574 et
467 513 655 588 narrationes.
710 518 739 575 e.
761 514 897 593 Operatio
918 533 977 574 non
998 521 1044 574 est
1068 512 1184 591 signum
1207 511 1376 588 voluntatis,
1403 510 1466 572 sed

245 593 380 655 effectum
394 595 457 672 ejus
471 595 550 672 quod
563 595 602 654 ad
616 594 797 655 voluntatem
810 595 984 672 beneplaciti
997 594 1130 673 pertinet.
1172 595 1202 653 ³.
1224 591 1380 652 Permissio
1394 611 1465 652 non

244 673 322 734 cadit
344 674 398 734 sub
421 675 544 752 signum,
561 674 614 734 sed
636 675 690 736 sub
704 675 926 753 beneplacitum.
967 679 996 734 4.
1019 673 1179 735 Consilium
1203 671 1253 732 vel
1274 671 1397 732 refertur
1420 671 1466 732 ad

245 755 466 832 beneplacitum,
482 756 531 815 vel
544 755 702 816 includitur
715 755 746 814 in
759 764 913 834 precepto.

285 835 358 894 XV.
381 836 488 896 Melius
503 855 572 912 ergo
599 838 734 895 Voluntas
747 835 926 912 Boueplaciti
937 834 1021 895 nobis
1035 833 1141 894 dicitur
1154 853 1190 892 ca
1202 852 1268 910 que
1283 831 1353 892 alibi
1366 851 1463 892 voca·

244 923 292 975 tnr
314 917 561 994 Denarumque
575 916 648 974 nibil
664 915 744 976 aliud
757 925 803 976 est
812 935 900 994 quem
910 915 1058 976 decretum
1065 913 1240 993 beneplaciti
1254 912 1311 972 Dei
1320 912 1357 972 de
1367 913 1463 972 rebus

244 1004 328 1055 extm
350 1016 381 1055 se
399 995 524 1073 futuris;
552 998 686 1056 Voluntas
708 1017 779 1057 vcro
792 996 880 1074 Sipnr‘,
904 1015 939 1056 ea
960 1015 1025 1073 que
1040 995 1146 1054 dicitru
1159 993 1329 1070 pretabere
1349 1001 1379 1052 et
1399 1013 1460 1071 ap·

239 1075 732 1216 „01„„,‚q„,h0mi„50ffi,ium
753 1096 837 1136 suum
857 1075 1026 1154 prescribit,
1050 1085 1081 1136 ot
1101 1073 1173 1152 quid
1186 1083 1304 1152 gratnm
1326 1073 1390 1133 Deo
1417 1074 1459 1135 eit

245 1175 282 1214 ex
304 1176 374 1216 ons.

283 1176 378 1296 1XVI.
401 1237 516 1296 Dicitur
544 1239 679 1298 Voluntas
702 1238 791 1314 Sipni,
816 1256 876 1296 non
900 1235 981 1313 quod
1004 1233 1148 1313 significet
1161 1233 1233 1312 quid
1254 1233 1336 1294 Deus
1360 1232 1460 1294 iacere

245 1317 323 1376 eirca
336 1317 483 1376 hominem
496 1317 545 1377 vel
558 1318 595 1378 de
609 1318 725 1378 homine
739 1318 828 1394 velit;
850 1317 906 1376 hoc
926 1317 1004 1376 enirn
1019 1335 1106 1376 sensu
1118 1335 1178 1374 non
1191 1313 1458 1392 contradictiugue·

244 1405 325 1456 retur
337 1398 482 1458 voluntati
495 1398 685 1476 beneplaciti;
707 1397 760 1458 sed
783 1397 853 1475 quia
874 1396 1020 1474 siguificat
1033 1395 1104 1473 quid
1119 1395 1200 1454 Deus
1213 1394 1286 1454 velit
1299 1395 1459 1488 precipere

244 1477 363 1572 homini,
385 1485 418 1538 ut
433 1477 488 1536 sibi
502 1487 625 1555 gratum,
642 1487 671 1538 et
681 1478 795 1556 justum
815 1478 907 1556 ipsius
925 1476 1072 1570 officium:
1094 1476 1142 1536 Its
1154 1475 1291 1535 voluntas
1305 1483 1366 1569 rate·
1381 1473 1459 1536 bena

244 1556 1458 1717 ,rot

245 1737 304 1777 non
318 1718 478 1778 decreverit
491 1718 528 1778 ab
542 1727 658 1778 eterno.
1335 1796 1342 1810 ι
1381 1795 1388 1809 ι
1430 1795 1439 1809 ·

287 1798 395 1858 XVII.
411 1798 534 1874 Quando
553 1800 687 1860 Voluntas
701 1799 879 1877 Beaeplariti
890 1797 1179 1875 conbudistinguitur
1196 1798 1341 1856 Volrustats
1352 1795 1435 1874 Suam
1443 1819 1458 1869 ,-

246 1880 423 1955 Bencplaciti
442 1899 502 1938 vox
515 1899 574 1938 non
588 1881 711 1940 sumitur
723 1881 791 1956 late,
816 1887 903 1959 prout
926 1879 1086 1956 simplicem
1100 1877 1339 1956 complacentiam
1352 1885 1384 1936 et
1403 1895 1458 1954 ap-

245 1959 445 2038 probationem
458 1958 501 2019 rei
522 1969 611 2038 notat,
627 1961 676 2020 vel
698 1960 846 2020 decretum
869 1960 933 2037 ejus
956 1958 1175 2036 preceptionis3
1192 1957 1254 2050 'hoc
1275 1957 1354 2016 enirn
1368 1975 1460 2051 sensu

247 2039 382 2100 voluutas
398 2039 473 2118 signi
487 2049 583 2119 potest
606 2039 693 2102 etiam
708 2039 766 2102 dici
789 2040 924 2100 voluntas
946 2038 1127 2117 beneplaciti,
1150 2057 1219 2115 qura
1233 2045 1366 2098 versatur
1380 2057 1461 2097 circa

247 2139 294 2178 res
308 2141 381 2197 quas
397 2121 477 2180 Deus
491 2122 639 2198 approbat,
655 2129 684 2182 et
697 2141 770 2199 quas
784 2121 913 2181 decernit
926 2120 1080 2198 precipere
1094 2127 1250 2195 creature3
1266 2117 1318 2177 sed
1333 2117 1461 2178 sumitur

246 2201 342 2258 stricte
356 2209 441 2278 prout
455 2209 537 2260 notat
558 2202 696 2278 placitum
718 2201 780 2261 sive
796 2202 953 2260 Decretum
968 2200 1023 2259 Dei
1046 2198 1082 2257 de
1103 2199 1145 2257 rei
1159 2198 1283 2276 eliquus
1301 2196 1457 2258 effectione

249 2278 299 2338 vel
313 2280 510 2356 permissione,
526 2281 671 2357 quomodo
686 2281 811 2340 Decreta
825 2281 919 2340 (lurie
932 2288 1074 2340 vocantur
1088 2278 1209 2340 Placita-

288 2357 414 2416 XVIII.
436 2359 502 2417 Non
523 2369 619 2436 potest
637 2360 700 2418 dari
720 2360 908 2420 contrarietas
928 2360 1004 2419 inter
1023 2359 1095 2420 istas
1109 2358 1182 2418 duas
1195 2357 1371 2434 voluntates,
1386 2357 1459 2435 quia
1565 2387 1566 2448 ,

245 2455 305 2495 non
318 2436 396 2495 idem
410 2438 555 2498 voluntat
569 2440 672 2499 nolunt
685 2439 786 2499 eode'm
800 2438 886 2500 modo
900 2447 931 2500 et
943 2447 1094 2517 respectu:
1115 2439 1260 2500 Voluntas
1280 2438 1459 2516 beneplaciti

245 2524 291 2575 est
304 2519 432 2576 ooluutas
452 2527 562 2578 euentus
580 2529 610 2579 et
628 2519 825 2580 executionis:
847 2519 991 2580 Voluntas
1012 2519 1090 2597 signi
1110 2527 1156 2580 est
1174 2521 1303 2580 columae
1323 2519 1409 2592 efficii
1426 2527 1461 2579 et

245 2595 433 2674 obligationis
455 2597 493 2656 ad
516 2599 599 2658 iilud.
642 2599 691 2660 Sic
714 2599 795 2660 Deus
816 2599 911 2660 voluit
935 2599 1161 2660 immolationem
1186 2598 1280 2659 Issaei
1304 2599 1460 2659 voluntate

245 2675 323 2752 signi
343 2676 440 2754 quoad
460 2679 690 2756 preceptionem,
713 2679 752 2740 id
767 2689 801 2740 ut
820 2679 901 2738 illam
915 2679 1084 2740 Abrabemo
1104 2681 1273 2758 preciperet
1293 2679 1332 2738 ad
1351 2679 1459 2758 proba-

246 2755 355 2815 tionem
374 2757 438 2834 ejus
459 2757 648 2820 obedientie:
671 2759 731 2820 Sed
751 2761 844 2820 noluit
858 2759 979 2820 candem
992 2759 1143 2820 voluntate
1163 2759 1339 2837 beneplaciti
1358 2759 1460 2838 quoad

245 2845 384 2896 eventum
406 2837 509 2915 ipsum,
531 2840 601 2917 quia
620 2839 789 2900 decreverat
810 2839 919 2900 cedem
940 2840 1026 2900 istam
1048 2839 1210 2918 prohibere.
1252 2839 1336 2900 Licet
1358 2849 1458 2900 autem
1564 2875 1565 2880 κ

245 2915 305 2975 duo
319 2917 368 2976 isti
382 2927 464 2977 actrrs
477 2919 637 2980 voluntatis
650 2918 758 2979 divinae
772 2919 880 2980 diversi
895 2920 961 2996 sint,
977 2920 1055 2979 Volo
1068 2920 1223 2998 precipere
1237 2918 1410 2980 Abrabamo
1423 2929 1459 2980 nt

248 2995 379 3057 immolet
399 2998 498 3075 lilium,
514 3007 551 3075 et,
569 3000 644 3060 Nolo
658 2999 750 3060 filium
764 3001 852 3061 istum
866 3000 1017 3077 immolari,
1032 3019 1091 3059 non
1106 3009 1173 3060 sunt
1187 3008 1285 3060 tamen
1299 3001 1456 3077 conmarii3

245 3085 401 3156 utrumque
414 3079 491 3138 enim
505 3099 607 3140 verum
620 3080 683 3157 fuit,
698 3089 728 3140 et
743 3081 837 3142 Deum
851 3080 1014 3140 decrevisse
1028 3081 1084 3140 boc
1103 3081 1258 3159 precipere
1273 3079 1456 3157 Abrabamo,

246 3167 277 3216 et
291 3157 454 3218 decrevisse
467 3161 575 3238 pariter
585 3162 649 3239 ejus
660 3159 840 3221 effectionem
854 3161 1010 3239 impedire;
1032 3161 1073 3230 sio
1085 3161 1166 3220 Deus
1177 3161 1239 3220 eine
1249 3161 1458 3222 enumerate

246 3238 341 3297 voluit
354 3237 457 3316 offerri,
473 3248 503 3299 et
516 3261 574 3300 non
589 3239 685 3300 offerri
700 3241 850 3317 Isaacum;
871 3241 965 3301 voluit
978 3240 1074 3318 quoad
1091 3249 1274 3318 preceptum
1289 3241 1345 3300 sed
1362 3241 1458 3302 noluit

245 3317 343 3392 quoad
356 3321 481 3392 effectum
489 3343 502 3392 ;
523 3321 597 3380 Tota
606 3321 742 3381 voluntas
758 3322 814 3380 Dei
827 3321 903 3382 circa
916 3321 971 3380 boc
985 3321 1093 3380 lactum
1106 3341 1165 3380 non
1179 3321 1241 3396 fuit,
1254 3321 1304 3381 vel
1316 3322 1458 3381 mandare
1563 3389 1564 3394 η

245 3403 359 3454 tautum
374 3395 542 3457 Abrabamo
563 3401 648 3460 istam
669 3401 853 3476 oblationem,
868 3401 917 3461 vel
939 3421 1003 3460 eam
1023 3401 1178 3478 impedire;
1201 3400 1254 3460 sed
1274 3401 1363 3461 debet
1377 3421 1455 3462 com·
1563 3419 1564 3475 t

245 3475 334 3552 plecti
348 3474 421 3534 duca
435 3485 516 3536 actus
531 3478 602 3539 istos
612 3479 752 3555 diversos,
767 3500 891 3558 quorum
903 3481 982 3560 prior
992 3489 1037 3540 est
1047 3479 1244 3557 affirmativus,
1259 3481 1312 3558 qui
1322 3491 1457 3542 versatur

244 3553 322 3612 circa
341 3557 564 3634 preceptionem
577 3559 627 3635 rei,
647 3559 789 3636 posterIor
802 3580 872 3620 vero
885 3561 1049 3638 negativus,
1064 3561 1114 3638 qui
1128 3569 1240 3639 spectat
1253 3561 1319 3638 ejus
1332 3561 1454 3641 impedi·

245 3634 372 3696 tionem:
394 3635 456 3695 Nec
477 3638 607 3716 sequitur
626 3639 732 3699 exinde
752 3641 898 3700 hominem
917 3641 1015 3719 juberi
1033 3641 1150 3702 credere
1170 3640 1251 3719 qnod
1269 3641 1377 3702 fulsum
1391 3651 1454 3720 cot3

245 3714 315 3792 quia
333 3713 408 3774 illud
428 3717 544 3776 demum
560 3718 698 3795 jubemur
712 3719 828 3778 credere
842 3721 920 3799 quod
934 3722 1087 3797 revelatur,
1109 3729 1195 3799 prout
1208 3721 1373 3782 revelatur:
1391 3723 1455 3800 jam

245 3814 315 3854 vero
329 3806 451 3856 eventus
471 3817 523 3874 per
537 3799 680 3876 ejusmodi
700 3800 837 3860 mandata
849 3819 908 3861 non
921 3802 1075 3879 revelatur,
1090 3801 1143 3862 sed
1155 3809 1269 3862 tanturn
1283 3802 1411 3862 officium
1425 3811 1456 3862 et
1562 3791 1563 3822 o

247 3875 388 3952 obligatio
401 3875 440 3935 ad
452 3875 534 3936 illud.

287 3955 382 4016 XIX.
405 3956 488 4017 Licet
510 3958 591 4018 Deue
613 3957 725 4020 dicatur
747 3959 824 4020 velle
848 3960 976 4020 omnium
998 3961 1121 4022 salutem
1140 3961 1292 4021 voluntate
1313 3961 1400 4041 signi,
1424 3970 1455 4023 et

245 4035 322 4095 nolle
344 4037 493 4097 voluntate
517 4037 699 4116 beneplaciti,
722 4041 804 4099 nulla
827 4049 924 4102 temen
946 4050 992 4102 est
1015 4061 1131 4119 pugna:
1161 4041 1244 4118 Quia,
1258 4051 1454 4120 preterquam

244 4115 324 4193 quod
343 4117 501 4194 propositio
514 4119 695 4195 universale,
710 4139 769 4178 non
782 4129 841 4181 tam
856 4120 893 4180 de
907 4121 1030 4198 singtilis
1050 4141 1189 4199 generum
1205 4141 1292 4199 quam
1306 4121 1345 4183 de
1364 4141 1454 4200 geue·

244 4195 325 4255 ribus
339 4197 519 4274 sinffdornm
537 4207 582 4258 est
601 4199 800 4277 intelligenda,
821 4201 900 4278 prior
913 4200 1049 4261 voluntas
1062 4201 1179 4280 respicit
1200 4221 1310 4262 meram
1329 4203 1387 4263 Dei
1400 4222 1453 4281 ap-

243 4275 442 4411 probationem
465 4286 495 4338 et
516 4279 736 4357 preceptionem
757 4279 859 4356 officii3
885 4281 1027 4358 posterior
1045 4301 1116 4341 vero
1135 4290 1269 4342 venatur
1289 4281 1367 4344 circa
1386 4283 1453 4360 ejus

257 4355 441 4415 uturitionem
461 4366 491 4417 et
511 4357 724 4436 impletionem:
768 4359 827 4418 rior
846 4369 928 4419 notat
948 4361 1019 4438 quid
1040 4359 1239 4439 Deo'gratum
1259 4361 1306 4438 sit,
1329 4372 1360 4424 et
1380 4363 1453 4440 quid

243 4435 424 4495 constituerit
437 4437 591 4516 precipere
604 4439 714 4498 homini
779 4439 902 4500 salutern
916 4440 1118 4518 obtinendam
1140 4441 1282 4518 posterior
1295 4461 1366 4502 vero
1379 4441 1453 4520 quid

241 4510 252 4568 i
273 4531 304 4570 se
316 4513 396 4573 Dens
407 4515 567 4576 decreverit
579 4517 682 4579 facere.
718 4519 784 4580 Non
798 4527 930 4598 pugnant
943 4529 1040 4580 autem
1049 4521 1106 4581 iata
1116 4520 1190 4598 duo;
1205 4521 1282 4581 velle
1293 4540 1399 4582 vocare
1412 4521 1453 4582 ad

263 4588 329 4649 dem
338 4599 367 4650 et
376 4593 507 4670 salutem,
517 4606 547 4656 et
556 4597 634 4657 nolle
643 4605 739 4658 tamen
750 4598 837 4658 fidem
846 4599 937 4677 ipsam
947 4601 995 4659 vel
1006 4600 1127 4660 salutem
1136 4599 1218 4678 dere;
1229 4601 1308 4662 velle
1318 4601 1359 4663 id.
1369 4623 1450 4662 man·

241 4667 310 4728 dere
324 4669 433 4729 homini
448 4681 480 4734 ut
493 4675 600 4750 credet,
616 4685 646 4735 et
659 4677 737 4736 nolle
751 4677 790 4737 id.
806 4678 960 4739 decernere
974 4680 1029 4758 ipsi
1043 4699 1101 4739 non
1115 4679 1184 4740 dare
1197 4679 1284 4742 tidem
1295 4689 1329 4742 ut
1338 4681 1449 4743 medat
1560 4685 1561 4760 j
