3044 5180
66 341 163 409 eussr.
176 335 264 420 xiia]
482 360 521 399 nn
535 360 594 400 ouo
609 361 676 418 uuo,
692 361 729 400 ar
743 361 841 401 ramo.
1198 345 1255 404 243

97 499 181 558 XXI.
203 499 303 560 Unum
334 518 454 558 numero
484 502 664 561 substantive
686 502 782 578 quoad
809 501 949 562 unitatem
977 490 1169 562 essentialem.
1198 522 1257 562 non

62 591 221 658 potestesse
241 580 355 638 trinum
376 581 476 640 eodem
494 591 642 660 respectu;
665 581 717 642 sed
738 591 834 661 potest
854 581 999 660 adjective
1021 592 1051 642 et
1069 582 1258 660 personaliter

61 660 142 740 quoad
154 661 311 719 trinitatem
326 661 517 738 personalem.

97 740 194 799 XXII.
218 741 293 808 Qua
307 750 376 800 sunt
395 744 492 800 cadem
512 741 563 800 uni
576 741 679 818 Tertio,
694 751 759 800 aunt
778 744 875 802 eadem
896 743 968 800 inter
988 762 1025 818 se,
1048 742 1142 802 nimir.
1164 741 1256 800 Tertii

60 821 126 878 illius
137 829 263 898 respectu
277 820 311 878 in
326 841 385 898 quo
400 822 592 898 concernunt,
614 822 655 881 sic
669 823 737 898 quia
752 822 886 882 Personae
908 822 1084 881 conveniunt
1102 823 1132 880 in
1148 823 1254 880 Essen-

59 901 99 974 tia,
112 899 180 958 idern
194 901 283 960 etiam
298 910 370 961 suut
384 902 459 960 inter
473 921 503 960 se
512 901 609 980 quoad
624 901 806 978 Essentiam;
824 913 911 980 etque
925 903 966 960 ita
980 903 1052 961 bene
1066 901 1183 980 quidem
1198 901 1256 961 dici

57 989 162 1056 possunt
174 981 256 1054 idem,
269 981 326 1039 sed
341 1001 400 1039 non
414 982 504 1056 iidenr,
521 982 604 1041 Idem
614 982 703 1057 Deus,
719 981 770 1041 sed
784 1003 841 1041 non
857 983 966 1042 eaedem
981 983 1125 1042 Personae.
1148 987 1175 1042 2.
1184 983 1255 1058 Quae

58 1069 113 1118 sunt
124 1059 221 1120 eadem
235 1062 288 1119 uni
303 1062 392 1120 tertio
415 1061 554 1138 singulari
577 1069 606 1122 et
626 1062 896 1138 incommunicabili,
913 1072 981 1122 sunt
1003 1063 1103 1122 cedem
1124 1064 1199 1122 inter
1213 1083 1254 1139 se,

58 1139 100 1198 sed
111 1161 193 1216 qutun
208 1151 278 1200 sunt
293 1141 399 1202 eadem
412 1142 462 1202 uui
483 1142 568 1202 tertio
581 1142 746 1218 universali,
762 1143 810 1202 vel
824 1144 926 1204 saltem
940 1143 1181 1219 communicabiII,
1196 1163 1255 1201 non

57 1229 111 1277 suut
124 1219 219 1280 eadem
234 1221 314 1280 inter
329 1242 370 1296 se,
386 1243 415 1282 v.
430 1243 459 1300 g.
476 1222 585 1282 Paulus
606 1231 635 1282 et
650 1223 754 1282 Petrus
776 1231 844 1283 sunt
857 1244 947 1282 unum
968 1224 998 1281 in
1012 1231 1115 1282 nature
1129 1224 1255 1282 humano

57 1299 179 1375 specifice,
195 1301 248 1360 sed
261 1322 326 1360 non
347 1309 416 1362 sunt
435 1302 512 1362 idem
533 1302 608 1362 inter
629 1323 660 1364 se
681 1303 834 1380 numerice,
850 1304 919 1381 quia
940 1313 1043 1364 natura
1064 1303 1190 1364 humana
1211 1311 1255 1363 est

57 1379 228 1457 uuiversahs3
254 1382 346 1442 Pater
368 1391 398 1442 et
422 1383 516 1441 Filius
537 1392 605 1444 suut
624 1403 714 1442 unum
736 1383 766 1440 in
787 1385 898 1444 Natura
918 1384 1035 1461 Divina,
1058 1393 1087 1444 et
1109 1404 1167 1443 non
1188 1393 1256 1444 sunt

58 1468 138 1518 umen
150 1460 225 1520 idem
240 1462 321 1522 inter
336 1483 376 1538 se,
392 1463 460 1540 quia
474 1463 586 1522 Natura
600 1463 709 1522 Divina
721 1463 752 1522 in
766 1485 824 1541 qua
846 1463 1032 1541 conveniunt,
1053 1465 1124 1525 licet
1144 1464 1183 1524 sit
1196 1464 1254 1524 sin·

58 1539 150 1614 galeris
163 1550 192 1600 et
204 1541 373 1618 individua,
390 1550 545 1602 esttamen
559 1543 806 1604 communicabilis
820 1545 952 1621 pluribus
968 1545 1112 1604 Personis.

90 1619 210 1681 XXIII.
233 1623 318 1682 Hinc
333 1631 415 1702 patet
428 1623 499 1700 quid
511 1624 744 1702 respondendum
765 1625 803 1684 sit
823 1625 862 1684 ad
882 1625 1030 1702 sophisma
1043 1625 1252 1702 haereticorum,

60 1699 122 1774 qood
134 1721 183 1778 pro
196 1703 375 1780 syllogismo
390 1703 566 1781 expositoris
580 1703 710 1778 afferunt,
727 1706 859 1764 Esseatia
869 1705 978 1764 Divino
992 1713 1032 1764 eat
1041 1707 1139 1782 Pater,
1149 1707 1252 1765 Esses·

58 1779 90 1836 eia
101 1781 200 1840 Divina
213 1793 256 1842 cet
268 1785 374 1859 Fiam,
389 1785 472 1860 Erpa
485 1785 577 1842 Filiam
590 1793 630 1844 est
642 1786 739 1859 Pater,
754 1785 849 1844 nimir.
871 1805 935 1844 esse
949 1805 986 1844 ex
1000 1785 1087 1844 meris
1100 1785 1253 1862 particula-

60 1859 125 1918 ribus
137 1871 163 1920 et
175 1871 311 1922 constare
326 1871 453 1941 quatuor
465 1864 604 1939 torminis,
620 1864 688 1941 quia
701 1865 815 1924 medius
835 1865 975 1924 terminus
996 1866 1106 1924 scilicet
1120 1865 1256 1924 Essentia

61 1938 150 2000 Ditina
161 1961 217 2002 non
232 1953 279 2004 est
294 1944 585 2019 incommunicabilis,
604 1954 638 2004 ut
661 1943 691 2002 in
705 1943 868 2004 istiusmodi
882 1943 1060 2020 syllogismis
1082 1965 1145 2003 esse
1159 1945 1253 2021 debet,

60 2029 83 2076 et
93 2019 275 2082 liscmimode
291 2023 419 2084 sumitur
431 2024 461 2082 in
476 2025 578 2101 majori
592 2032 622 2083 et
636 2025 665 2082 in
680 2022 792 2082 minori.
834 2024 910 2082 Nam
931 2023 961 2082 in
982 2023 1085 2101 majori
1099 2023 1147 2082 vel
1167 2023 1254 2081 sumi-

63 2109 100 2156 tu
111 2101 308 2164 universaliter
323 2113 355 2164 et
369 2105 510 2182 complete
524 2105 578 2164 hoc
593 2125 688 2180 sensu,
705 2103 841 2164 Essentia
855 2103 964 2162 Divina
984 2112 1028 2162 est
1044 2104 1137 2178 Pater,
1160 2103 1191 2161 id
1211 2111 1256 2162 est

61 2178 178 2256 quicquid
191 2191 235 2243 est
249 2185 392 2244 Essentin
406 2184 522 2260 Divina,
538 2185 623 2244 etsie
637 2193 681 2244 est
695 2183 785 2260 salsa3
807 2184 855 2242 vel
875 2183 1085 2262 particulariter
1099 2192 1128 2242 et
1147 2183 1254 2242 iucom-

63 2257 131 2334 plelc,
145 2261 258 2340 Aliquis
273 2265 328 2342 qui
343 2273 388 2324 est
402 2265 537 2324 Essentia
551 2265 660 2324 Divina
680 2273 725 2324 est
740 2265 834 2341 Pater,
851 2272 880 2324 et
902 2264 944 2324 sic
958 2283 1028 2324 vera
1041 2271 1093 2341 cst,
1116 2263 1169 2322 sed
1182 2263 1255 2324 nihil

62 2339 193 2418 accludit,
208 2344 279 2421 quia
295 2355 366 2406 sunt
379 2366 465 2405 merae
479 2345 674 2422 particulares.

94 2417 204 2482 XXIV.
219 2423 312 2486 Licet
326 2425 436 2484 Natura
451 2425 560 2484 Divina
567 2426 686 2503 praecise
700 2431 823 2502 sumpta,
840 2423 1069 2502 singularitatem
1084 2432 1114 2484 et
1127 2423 1253 2484 existen-

64 2494 117 2556 h'an
129 2503 309 2582 concipietur
322 2506 437 2582 habere,
460 2525 520 2566 non
540 2514 635 2583 potest
655 2514 753 2566 tamen
773 2505 831 2564 dici
852 2505 988 2580 Persona,
1010 2505 1079 2582 quia
1092 2525 1151 2564 uon
1164 2504 1253 2565 habet

64 2575 416 2648 hommunioabilitatem:
438 2586 486 2645 Ite
506 2585 576 2646 licet
598 2585 686 2646 latius
707 2593 805 2663 pateat
827 2585 950 2664 singulis
975 2585 1112 2644 Personis
1134 2585 1254 2644 seorsim

65 2662 173 2746 sumptis,
187 2673 289 2726 umen
304 2675 437 2744 respectu
451 2666 643 2726 Personarum
657 2665 744 2726 simul
758 2674 945 2743 sumptarum,
960 2666 1018 2725 illis
1032 2665 1209 2743 adaequetur,
1225 2674 1255 2727 et

64 2735 242 2806 identatur.
292 2747 342 2806 Sic
355 2765 534 2824 unaquaque
550 2747 678 2806 Persona
697 2755 788 2806 totum
803 2747 993 2806 Divinitatem
1008 2746 1124 2823 quidem
1139 2747 1253 2823 partici-

66 2822 168 2954 ¹³}th
181 2845 237 2884 uon
250 2827 386 2966 tofflrlier
407 2835 437 2887 et
449 2826 609 2904 adaequate,
624 2827 650 2888 si
662 2827 704 2888 ita
717 2827 799 2904 loqui
820 2825 897 2902 licet,
921 2827 990 2904 quia
1011 2826 1051 2886 ita
1064 2834 1109 2886 est
1122 2826 1153 2884 in
1168 2827 1254 2887 Patre

66 2913 81 2954 1¹
101 2909 133 2959 at
144 2904 225 2964 etiam
239 2908 271 2966 in
291 2907 325 2966 F'
341 2907 377 2968 'o.

80 3055 85 3065 Ι
97 2977 191 3043 XXV.
212 2985 248 3044 ln
262 3008 327 3064 qua
340 2987 464 3048 essentia
479 2986 566 3046 Pater
579 2995 624 3047 est
637 2987 716 3047 solus
731 2985 812 3044 Deus
826 2985 956 3062 opposite
971 2983 1009 3042 ad
1022 2984 1130 3044 Filium
1145 2993 1174 3044 et
1190 2985 1253 3061 Spi-

68 3064 137 3117 sslum
151 3063 178 3124 S.
191 3075 221 3126 et
233 3088 298 3127 non
312 3065 350 3125 ad
364 3067 524 3143 Creaturas,
548 3075 578 3126 et
592 3066 719 3126 Numina
742 3065 844 3124 fictitia
859 3064 1019 3124 Gentilium
1034 3072 1154 3138 tantum,
1170 3064 1200 3120 in
1221 3083 1256 3124 es

68 3153 113 3194 non
133 3154 194 3206 aunt
215 3156 278 3208 tres
301 3147 446 3206 distinctae
469 3147 621 3223 Personae3
646 3145 705 3206 Sed
728 3145 770 3204 ita
791 3163 932 3222 negamus
951 3144 982 3201 in
997 3144 1132 3202 Essentia
1147 3143 1256 3204 Divina

68 3216 142 3278 solum
155 3244 214 3286 esse
228 3228 358 3288 Patrem.
400 3227 461 3286 Nec
475 3228 531 3287 hoc
545 3227 688 3286 evincitur
701 3247 739 3285 er
759 3225 809 3285 Jo.
824 3224 895 3283 xvii.
911 3227 939 3300 3,
961 3224 1030 3300 quia
1042 3221 1183 3300 particula
1203 3243 1253 3283 ex·

68 3294 160 3362 cluaive
170 3305 236 3380 μίυ
248 3311 352 3382 solam,
367 3328 426 3366 uon
436 3307 542 3367 limitat
550 3307 713 3384 subjectum
726 3308 774 3381 Te,
785 3304 836 3364 sed
846 3303 1033 3383 praedicatum
1042 3323 1139 3363 veum
1149 3306 1253 3380 Deum,

69 3384 91 3432 ‘i
101 3387 240 3457 opponitur
253 3408 317 3448 non
331 3387 417 3464 Filio,
441 3397 492 3448 aut
515 3387 635 3466 Spiritui
661 3387 776 3463 Sancto,
800 3385 852 3444 sed
875 3385 1020 3445 Creaturis
1041 3392 1071 3444 et
1083 3383 1165 3444 falsis
1180 3385 1253 3462 Diis,

70 3451 112 3514 ¹¹00
123 3481 208 3543 sensu,
222 3479 255 3529 ut
272 3478 440 3546 copnoecant
454 3471 502 3543 Te,
516 3469 567 3544 qui
578 3489 607 3526 ca
620 3471 694 3528 colas
707 3487 790 3528 verus
803 3469 891 3542 Deus,
913 3465 992 3543 quod
1007 3465 1157 3526 evidenter
1170 3465 1255 3526 docet

70 3543 190 3623 situatum
202 3549 362 3610 craticule:
383 3569 460 3618 nam,
486 3548 512 3607 si
525 3547 563 3606 ad
577 3548 738 3625 subjectum
754 3550 792 3606 Te
805 3547 969 3625 pertineret,
985 3547 1139 3606 dicendum
1154 3545 1256 3608 fuisset

74 3629 121 3704 ⁸190
132 3625 241 3689 micilo
267 3629 338 3706 pise
350 3655 390 3688 eor
403 3635 510 3692 &antarta
523 3631 578 3687 aa,
594 3629 632 3687 Te
655 3631 744 3688 solum
758 3648 814 3686 csse
827 3649 923 3688 veum
937 3629 1040 3703 Deum,
1052 3647 1111 3686 non
1124 3647 1202 3702 vero,
1222 3636 1254 3686 ut

74 3689 109 3752 hle
117 3699 219 3789 tlicitur,
233 3714 262 3772 et
277 3737 316 3769 w
328 3710 405 3787 piros,
423 3711 470 3786 Te,
491 3710 541 3786 qai
553 3730 581 3768 es
593 3712 667 3768 solus
680 3730 762 3768 vertes
776 3711 864 3783 Deo,
879 3708 930 3768 ubi
944 3707 1082 3768 articulus
1106 3707 1255 3784 appositus

75 3789 125 3912 ”3¹
135 3783 194 3853 uim
206 3789 303 3852 inussit
316 3791 460 3868 pertinere
474 3789 512 3850 ad
525 3787 712 3868 praedicatum
726 3809 858 3866 sequens,
873 3809 932 3848 non
946 3787 984 3847 sd
997 3787 1161 3866 subjectum
1175 3795 1254 3846 ante-

79 3870 90 3908 e
119 3878 168 3924 eus.

110 3933 212 4010 XXVI.
228 3953 340 4012 Praeter
355 3949 520 4009 Essentiam
535 3957 565 4009 et
574 3948 754 4008 Relationem
770 3947 889 4008 seorsim
904 3953 1052 4023 sumptas3
1068 3953 1113 4004 est
1128 3945 1256 4004 Persona

80 4026 109 4068 Π
120 4027 219 4104 ull'aque
227 4041 373 4106 constans,
386 4049 445 4090 non
455 4038 592 4106 tanquam
606 4049 643 4088 ex
657 4029 788 4106 partibus
801 4026 1047 4105 componentibus,
1059 4024 1110 4084 sed
1118 4033 1256 4101 tanquam

78 4107 106 4148 ⁰⁸
117 4115 141 4156 ΓΘ
152 4115 176 4164 et
188 4113 273 4172 modo
287 4111 359 4190 ejus.
403 4111 532 4170 Persona
545 4109 648 4186 gignit,
659 4119 710 4170 aut
723 4108 861 4186 gignitur,
876 4114 926 4166 aut
939 4105 1078 4182 procedit.
1121 4104 1257 4164 Essentia

78 4187 227 4330 {3301le
228 4192 278 4252 vel
292 4190 429 4268 spirando
444 4189 679 4250 communicatur.
722 4187 837 4248 Relatio
859 4186 984 4263 gignens
997 4205 1015 4244 a
1028 4182 1127 4262 genito
1141 4192 1171 4242 et
1190 4204 1255 4261 pro·

90 4291 91 4294 ’
120 4271 174 4322 enit
205 4271 211 4283 '
228 4272 271 4331 tin
314 4271 346 4332 't.

110 4332 232 4423 ,XXVIL
263 4292 410 4428 (l‘ougitatio
432 4349 468 4410 ‹le
492 4350 598 4410 Tribus
623 4347 728 4426 aequali
751 4347 831 4406 cultu
854 4343 1017 4422 adorandis,
1043 4363 1102 4402 non
1124 4341 1258 4404 distrahit

82 4423 182 4482 “ulmum
193 4428 362 4507 invocantis,
378 4451 414 4490 ne
428 4431 502 4490 forte
516 4431 625 4490 cultum
641 4430 691 4488 uni
713 4429 776 4488 Deo
792 4425 920 4484 debitum
935 4424 1009 4483 inter
1023 4425 1120 4502 plures
1135 4422 1255 4501 dividat,

82 4505 130 4575 Ῥω
142 4519 297 4576 aracaeum
311 4532 376 4572 esse
396 4511 501 4572 debeat
521 4512 616 4588 posita
634 4511 744 4570 unitate
758 4517 787 4568 et
801 4507 918 4584 ἑμκνσιζι
933 4505 1132 4578 Personarum,
1155 4504 1255 4566 eodem

83 4583 240 4654 hamtona
252 4603 320 4654 actu
333 4613 392 4670 quo
408 4592 495 4652 Peter
508 4591 620 4668 colitur,
644 4591 752 4650 Filium
765 4597 795 4650 et
811 4586 948 4664 Spiritum
965 4585 1104 4646 Sanctum
1118 4585 1255 4663 invocari,

85 4657 110 4706 ἠ
119 4675 211 4742 *imper
223 4693 367 4736 recurrere
381 4672 485 4734 debeat
498 4671 573 4734 illud
582 4670 765 4747 Nazianzeni,
775 4673 803 4728 oi
816 4669 897 4742 psalm
907 4674 934 4727 ri
948 4667 970 4728 ἵν
983 4675 1062 4733 reim
1075 4673 1119 4728 axi
1133 4673 1182 4732 τοῖς
1193 4694 1256 4748 agera
