3152 5178
1 275 7 358 l

4 378 7 412 r
127 379 234 432 osam.
251 364 305 448 v.]
574 391 613 432 ns
628 391 687 434 nso
700 392 771 452 sao,
787 391 937 436 armano.
1303 384 1359 444 169

139 529 879 691 rasrsstssssmscmn
892 534 1364 615 Μ

144 689 203 762 rali,
223 709 293 748 cum
318 689 473 768 Angelus,
489 692 539 770 qui
562 694 679 754 Jehova
699 660 786 755 etiam
810 695 923 770 dicitur,
945 696 1053 775 ubique
1077 718 1196 758 numero
1221 642 1362 778 singdlari

148 769 316 848 appelletur.
362 771 551 850 Comparatio
564 794 628 852 quaa
642 775 810 852 instituitur,
826 775 904 836 Heb.
919 775 949 836 ii.
964 781 994 852 2,
1008 777 1084 837 inter
1097 779 1207 857 Legem
1221 789 1251 840 et
1262 782 1362 842 Evan-

146 851 259 928 gellum,
275 869 313 910 eo
328 852 413 929 qnod
434 853 499 912 Lex
513 852 581 913 data
594 855 632 914 sit
645 873 697 932 per
710 854 852 934 Angelos,
868 857 1062 936 Evangelium
1076 878 1145 918 vero
1167 879 1218 938 per
1233 861 1360 941 Filium;

145 950 201 989 non
214 930 248 989 fit
261 931 439 1009 simpliciter
452 943 583 1012 respectu
603 935 733 1013 primarii
753 935 889 1012 authoris,
905 937 955 1014 qui
975 937 1030 997 fuit
1042 939 1195 1017 utrobique
1210 941 1364 1021 chasma,-
1451 954 1454 960 '

144 1011 195 1068 sed
208 1011 323 1070 ratione
337 1013 420 1071 modi
434 1013 548 1090 agendi,
564 1023 593 1075 ct
606 1015 810 1092 ministrorum,
826 1017 895 1094 quia
907 1017 938 1074 in
952 1016 1003 1076 illa
1017 1017 1098 1078 Deus
1111 1019 1155 1079 uti
1169 1021 1262 1080 voluit
1275 1023 1359 1083 mini-

144 1091 231 1150 sterio
247 1091 444 1170 Angelorum,
460 1094 491 1152 in
504 1095 560 1154 isto
574 1115 645 1156 vero
660 1096 791 1156 Christus
805 1097 867 1175 ipse
880 1097 1045 1158 incarnatus
1058 1099 1139 1177 loqui
1152 1101 1246 1160 voluit
1259 1101 1359 1164 imme-

144 1171 230 1230 diste.
277 1172 322 1232 Ut
335 1193 406 1252 ergo
421 1173 576 1234 discrimen
597 1184 641 1235 est
654 1175 730 1236 inter
742 1195 778 1236 ca
791 1197 856 1254 quse
871 1177 1010 1256 Princeps
1024 1177 1092 1239 facit
1105 1199 1157 1257 per
1170 1200 1202 1242 se
1216 1190 1245 1241 et
1259 1182 1359 1244 imme·

141 1251 231 1326 diste,
259 1259 290 1311 et
314 1271 381 1330 quse
401 1263 520 1330 prestat
541 1275 593 1332 per
615 1255 762 1316 ministros
783 1275 867 1333 suos;
890 1256 938 1317 Ita
962 1257 1155 1337 Evangelium
1175 1264 1360 1339 prestantius

140 1331 199 1391 lroc
221 1351 313 1392 seusu
333 1332 448 1408 dicitur,
464 1335 533 1412 quis
547 1335 679 1396 Christus
696 1334 812 1418 'lacaenae
832 1337 996 1398 immediate
1017 1339 1090 1400 illud
1109 1342 1314 1420 promulgavit,
1330 1353 1360 1404 et

139 1431 196 1549 paq
218 1430 252 1470 se
276 1432 332 1472 nos
353 1413 519 1492 alloquitur,
544 1435 610 1475 cum
633 1416 743 1494 Legem
764 1437 816 1494 per
839 1417 954 1477 Mosam
978 1427 1008 1479 et
1029 1417 1162 1498 Angelos
1185 1421 1254 1482 dare
1274 1425 1360 1484 nobis

140 1511 183 1550 vo
194 1491 281 1551 uerit.

185 1571 284 1632 XIX.
308 1572 375 1632 Dici
395 1592 454 1632 non
474 1581 572 1652 potest
591 1595 697 1636 nomen
712 1576 736 1637 J
736 1577 836 1636 ehovae
856 1577 954 1653 tribui,
969 1579 1017 1638 vel
1031 1578 1134 1640 Vitulo
1148 1600 1244 1659 aureo,
1261 1582 1357 1644 Exod.

140 1653 240 1711 xxxii.
257 1655 286 1728 5,
298 1654 347 1712 vel
363 1654 448 1714 Idolo
462 1655 558 1731 Micca,
573 1656 596 1716 J
596 1656 656 1715 udi.
672 1657 746 1716 xvii.
757 1660 786 1733 3,
797 1657 867 1734 quia
878 1657 1032 1736 utrobique
1045 1659 1077 1718 id
1090 1680 1195 1722 nomen
1208 1683 1278 1724 vero
1294 1665 1358 1725 Deo

140 1732 301 1810 tribuitur,
324 1733 390 1792 Illic
411 1735 538 1812 quidem,
554 1737 623 1814 quia
644 1736 745 1795 Aaron
764 1738 931 1815 promulgat
952 1737 1058 1799 festum
1080 1741 1284 1802 celebrandum
1304 1745 1357 1808 Ja-

139 1812 229 1871 lrovae
243 1831 298 1890 per
317 1813 462 1891 Vitulum,
478 1816 557 1892 qnod
577 1824 654 1876 osset
674 1817 839 1894 symbolum
852 1818 915 1877 veri
930 1817 986 1877 Dei
1002 1819 1091 1896 juxta
1110 1840 1220 1880 morem
1240 1823 1358 1902 AEgyp-

140 1893 261 1967 tiorum,
276 1893 355 1970 apud
369 1913 444 1971 quos
458 1894 535 1973 Apis
547 1896 697 1974 colebatur
717 1897 771 1956 sub
793 1897 886 1956 forms
905 1897 998 1973 bovis,
1013 1899 1091 1958 unde
1105 1919 1165 1960 ver.
1179 1905 1208 1977 4,
1224 1901 1359 1964 dicuntur

140 1973 194 2030 Dii
208 1973 261 2050 qui
276 1973 441 2034 eduxerunt
461 1975 600 2053 populum
621 1996 659 2036 ex
673 1977 828 2054 AEgypt03
852 1977 910 2036 Hie
924 1997 1003 2053 vero,
1019 1979 1087 2055 quia
1105 1989 1265 2058 argentum,
1281 1984 1359 2043 unde

137 2052 255 2112 idolum
269 2055 378 2113 lactum
393 2063 446 2131 est,
462 2055 569 2116 dicitur
582 2056 793 2117 sanctificatum
807 2057 931 2116 Jehovse
945 2077 975 2118 v.
990 2060 1018 2133 3,
1034 2057 1144 2119 scilicet
1157 2060 1268 2120 rationo
1282 2062 1358 2140 finis,

138 2132 183 2193 id.
197 2133 237 2192 ed
251 2134 362 2194 cultum
376 2135 452 2214 ejus.

626 2377 820 2454 QUAESTIO
841 2378 881 2438 V.

213 2575 262 2634 An
276 2575 473 2653 stoprielatee
486 2576 600 2637 Βήἤηω
613 2577 823 2655 distinpuantur
836 2579 952 2638 realiter
966 2579 1001 2639 ad
1015 2581 1148 2641 Essenta'ct
1161 2581 1293 2643 Dr'aa'nc.²

561 2657 636 2737 Neg.
652 2667 751 2718 contra
766 2659 944 2719 Sooinienos.

209 2921 215 2932 Ι
258 2920 265 2934 .
371 2922 377 2936 ⁸
451 2856 477 2917 I.
499 2857 550 2917 Ad
564 2857 786 2936 intelligentiam
801 2857 984 2936 Quaestionis,
1000 2861 1133 2937 quaedam
1147 2861 1183 2922 de
1199 2861 1358 2926 Attnlrutis

167 2919 388 3026 Qffifflivffin
411 2936 527 2998 Divinis
541 2947 609 2998 sunt
622 2939 831 3016 praemittenda
865 2941 1126 3000 AttridataDivirm
1137 2952 1277 3002 vocantur
1287 2945 1357 3003 Pro·

409 3017 547 3096 prietates
568 3019 735 3080 essentiales
756 3019 862 3097 quibus
883 3039 915 3078 se
934 3019 1018 3078 nobis
1040 3019 1161 3079 infirmis
1181 3041 1358 3099 cognoscen·
1469 3086 1474 3092 ,

141 3097 212 3158 dum
225 3099 339 3177 praebet
348 3107 379 3160 et
389 3098 578 3176 distinguitur
590 3119 608 3158 a
622 3098 776 3173 Oreaturia,
789 3100 852 3158 sive
863 3119 928 3176 qua
941 3099 998 3177 ipsi
1011 3099 1178 3160 tribuuntur
1189 3121 1243 3179 pro
1257 3111 1358 3180 captus

139 3181 233 3239 nostri
248 3179 369 3240 modulo
383 3179 422 3238 ed
435 3187 568 3238 naturam
581 3179 646 3257 ejus
660 3177 872 3257 explicandam.

182 3259 225 3318 11.
248 3259 318 3319 Non
340 3259 507 3319 tribuuntur
525 3260 668 3320 Attidem
689 3259 803 3337 proprie
827 3259 899 3334 Deo,
922 3265 956 3319 ut
977 3258 1088 3337 aliquid
1109 3258 1256 3334 irroratis,
1279 3263 1358 3340 quod

141 3340 323 3400 accidentale
337 3348 384 3400 est
404 3339 545 3418 subjecto,
560 3340 639 3418 quod
659 3339 733 3399 illud
754 3338 875 3417 perficit,
891 3348 921 3399 et
934 3339 1013 3416 quod
1033 3340 1149 3400 realiter
1169 3353 1214 3403 cst
1236 3343 1272 3403 ab
1293 3345 1357 3423 ipso

140 3419 331 3497 distinctum
354 3419 407 3479 sed
426 3419 581 3497 inproprie
600 3428 631 3480 et
651 3420 869 3498 transumptive,
885 3429 1026 3498 quatenus
1049 3421 1148 3482 dicunt
1163 3423 1357 3484 Perfectiones

142 3501 313 3561 essentiales
328 3499 447 3560 Natura
461 3500 586 3576 Divinae,
601 3519 667 3578 qua
686 3520 739 3580 pcr
758 3500 877 3560 modum
892 3501 1104 3579 Proprietatum
1125 3523 1143 3562 a
1162 3505 1247 3564 nobis
1261 3507 1356 3566 conci·

163 3580 270 3641 iuntur.

142 3599 244 3720 ΙἸΠ.
267 3660 354 3721 Licet
380 3658 497 3738 singula
521 3659 673 3720 Attn'buta
699 3659 945 3721 foecundissimam
973 3669 1003 3722 et
1030 3662 1274 3740 simplicissimam
1299 3665 1356 3725 Dei

143 3751 275 3801 naturam
299 3748 524 3819 repraesentent;
544 3760 604 3799 non
627 3751 749 3819 possunt
769 3749 866 3801 tamen
887 3743 944 3802 nisi
965 3742 1147 3820 insdssquate
1167 3763 1231 3802 eam
1250 3765 1355 3821 reprae·

145 3830 266 3896 tentare,
288 3821 330 3881 id.
351 3839 411 3882 non
426 3819 584 3880 secundnm
598 3829 689 3880 totam
709 3821 849 3882 rationem
864 3822 918 3897 sui,
934 3822 986 3882 sed
998 3823 1086 3881 modo
1107 3822 1161 3881 sub
1175 3824 1230 3882 hac
1244 3823 1354 3901 persec-

145 3901 228 3978 tione,
245 3902 335 3961 modo
357 3900 413 3962 sub
433 3901 509 3977 alia3
532 3901 600 3979 quia
613 3901 693 3979 quod
712 3921 771 3961 uno
794 3910 935 3980 conceptu
957 3901 1118 3979 adaquato,
1141 3911 1242 3979 utpote
1262 3903 1355 3981 finito,

147 3999 201 4039 non
220 4001 376 4060 possumus
397 3982 522 4059 assequi,
537 3982 567 4039 in
581 3982 678 4041 varios
699 3991 855 4060 conceptue
875 3981 1072 4060 inadaequatos
1092 3983 1240 4059 partimur,
1256 3990 1289 4041 ut
1302 3983 1354 4042 ali·

145 4062 256 4138 qualem
271 4062 470 4140 cognitionem
484 4063 548 4140 ejus
562 4061 737 4140 habeamus;
759 4062 838 4140 quod
852 4081 910 4122 non
931 4070 976 4121 est
996 4061 1192 4120 testimonium
1206 4061 1311 4120 erroris
1324 4063 1355 4121 in

144 4141 299 4218 intellectu,
317 4143 369 4202 sed
383 4150 497 4202 tantum
516 4142 749 4220 imperfectionis.
794 4143 842 4203 sic
857 4141 1071 4219 Omnipotentia
1084 4145 1129 4200 est
1142 4141 1206 4218 ipsa
1220 4141 1355 4202 Essentia

144 4220 241 4282 divina
264 4221 458 4302 apprehensa,
472 4228 506 4282 ut
527 4243 628 4283 carens
648 4223 727 4282 omni
751 4221 901 4282 obstaculo
922 4221 953 4280 in
974 4221 1104 4298 agendo;
1126 4219 1290 4282 AEtemitas
1310 4232 1355 4284 est

145 4304 268 4362 masada
282 4303 348 4379 Dei,
364 4311 399 4362 nt
412 4321 514 4362 carens
528 4304 607 4362 omni
619 4303 743 4364 termino
756 4303 788 4362 in
802 4301 970 4378 duratione;
992 4308 1022 4360 et
1036 4300 1077 4360 sie
1092 4299 1128 4359 de
1143 4302 1262 4363 ceteris.

183 4383 238 4443 1v.
261 4382 446 4461 Inadaequati
470 4381 515 4441 illi
538 4392 695 4462 conceptus
710 4383 853 4442 Essentise
868 4381 925 4440 Dei
946 4380 1030 4440 nobis
1051 4381 1228 4459 objiciuntrn
1241 4403 1292 4462 per
1305 4387 1353 4446 ab·

105 4480 109 4488 ·
145 4465 319 4526 mactericus
327 4463 520 4543 praedicam,
536 4483 587 4524 seu
600 4485 653 4543 per
664 4463 863 4543 praecisionem
877 4461 1036 4541 simplicem
1050 4470 1080 4522 et
1092 4463 1267 4540 negativam,
1277 4473 1311 4525 ut
1319 4466 1355 4526 de

145 4541 269 4605 bonitate
283 4545 414 4623 cogitem
434 4562 493 4601 non
507 4545 662 4623 cogitando
676 4544 712 4604 de
726 4545 872 4621 potentia3
894 4543 946 4602 sed
960 4562 1018 4601 non
1031 4562 1083 4620 per
1097 4545 1292 4620 precisionem
1306 4566 1355 4606 cx-

145 4625 274 4685 elmimm
287 4645 342 4686 sen
357 4621 541 4702 privativam,
555 4633 588 4686 ut
601 4645 631 4686 v.
646 4645 676 4703 g.
696 4643 823 4686 asseram
845 4643 908 4684 esse
931 4623 1165 4702 omnipotentem,
1180 4624 1230 4702 qui
1251 4645 1305 4684 nec
1319 4627 1359 4686 sit

145 4704 305 4766 misericors
318 4723 377 4764 nec
396 4702 502 4779 justus.
