3174 5174
251 340 311 396 476
745 354 837 398 uoces
852 353 972 396 suxrns.
1248 330 1381 415 [onaan.
1397 349 1463 428 vua

253 496 366 556 nullum
379 495 497 556 omnino
509 514 592 574 opus,
608 495 670 556 sive
690 495 806 572 bonum,
823 497 885 555 sire
905 495 1013 554 melum
1027 493 1108 554 exire
1127 501 1231 571 potest,
1246 493 1304 554 nisi
1319 493 1402 554 Deris
1415 493 1461 552 illi

252 576 450 654 permissionis
471 595 530 636 suae
551 576 632 635 laxet
653 575 788 649 habenas,
811 577 869 635 im0
893 595 959 634 cum
979 575 1031 633 illa
1054 575 1173 650 positae
1193 581 1347 632 concurrat
1365 583 1393 632 et
1412 593 1458 632 eo·
1572 633 1573 638 ,

252 665 389 733 operata
408 655 446 718 sd
473 663 570 716 actum
600 663 723 732 etopus
751 656 807 714 hoo
836 655 1081 732 producendum,”
1103 651 1158 713 &a
1207 652 1251 713 At
1271 654 1364 713 nostri
1383 652 1460 711 nihil
1572 703 1573 706 ,

254 735 335 796 eliud
348 735 457 809 volunt,
473 735 543 794 dum
557 734 712 793 efficaciam
734 735 929 794 Providentia
943 735 1020 793 cirea
1032 733 1140 792 malum
1154 741 1296 793 esserunt
1339 733 1375 791 ln
1390 751 1459 792 enm

252 835 369 874 sonsum
381 815 540 891 loquuntur
553 815 603 872 alii
623 813 730 892 plures,
751 823 785 873 ut
801 815 940 887 Paracata,
962 814 993 871 in
1007 833 1069 906 cap.
1084 813 1126 872 xi.
1147 813 1232 887 Exo,
1254 813 1407 872 sonemus
1420 811 1458 871 de

252 914 367 954 concur.
380 894 431 953 lib.
447 893 477 952 ii.
492 913 517 952 c.
533 897 561 968 3,
577 894 701 969 lichia,
717 902 747 953 et
760 893 818 952 alii
848 894 994 952 Armim'as
1009 893 1124 970 Disput.
1134 892 1214 969 publ.
1232 895 1278 967 10,
1293 891 1330 951 de
1341 891 1460 970 justitia

251 983 280 1032 et
294 973 420 1032 efficacia
434 972 629 1033 Providentiae
642 973 674 1030 in
686 973 771 1048 malo,
787 973 829 1032 th.
845 977 872 1050 9,
888 972 1021 1050 agnoscit
1033 981 1138 1048 praetsr
1151 972 1378 1048 permissionem,
1394 970 1459 1028 dari

252 1055 270 1086 ‘⁴
285 1053 459 1112 oblationem
474 1054 657 1112 occasionum
671 1060 701 1111 et
714 1053 900 1130 objectorum,
913 1061 942 1112 et
951 1054 1121 1110 concursum
1136 1051 1200 1126 Dei,
1216 1051 1266 1127 qui
1276 1050 1459 1109 necessarius

251 1141 296 1192 est
309 1133 347 1190 ad
360 1151 475 1192 omnem
489 1140 585 1192 actum
599 1131 824 1208 producendum,
840 1151 906 1190 oum
919 1131 992 1189 nihil
1006 1131 1123 1190 omnino
1136 1130 1226 1189 ullam
1240 1132 1390 1189 entitatem
1406 1130 1457 1190 ba·
1573 1139 1574 1142 ’

250 1212 319 1271 bere
332 1211 432 1290 possit,
447 1212 504 1270 nisi
517 1232 537 1269 a
553 1212 646 1290 primo
660 1219 690 1270 et
703 1230 815 1270 summo
828 1221 895 1271 ente
904 1211 1067 1270 imediate
1080 1210 1160 1267 illam
1174 1209 1366 1286 producente3
1387 1227 1456 1268 oon·

251 1311 369 1350 cursum
384 1299 480 1350 autem
494 1291 580 1366 huno,
595 1309 654 1350 non
668 1309 731 1349 esse
745 1290 888 1350 influxum
901 1289 1098 1349 immediatum
1112 1289 1142 1347 in
1157 1307 1273 1348 causam
1288 1287 1458 1363 secundam,

251 1370 304 1430 scd
316 1371 459 1430 actionem
481 1371 538 1429 Dei
557 1370 721 1429 immediate
742 1369 910 1429 influentem
929 1371 960 1428 in
980 1369 1114 1428 effectum
1134 1377 1282 1442 creaturae,
1304 1367 1347 1426 sic
1366 1379 1402 1428 ut
1414 1368 1459 1428 es·

251 1449 359 1509 fectum
373 1448 450 1508 idem
463 1469 522 1510 una
535 1457 565 1509 et
578 1449 678 1509 eadem
691 1450 774 1509 totali
787 1451 899 1509 actione
913 1469 932 1508 a
946 1449 1009 1508 Deo
1023 1449 1109 1507 simul
1123 1455 1153 1508 et
1165 1456 1297 1507 creatura
1313 1448 1458 1526 produca-

251 1531 328 1606 tur‚”
344 1527 399 1588 &a
442 1532 460 1563 ‘⁴
475 1529 522 1589 Ita
537 1530 631 1588 Deum
651 1529 780 1606 ejusdem
794 1538 876 1588 actus
890 1529 975 1588 simul
996 1547 1060 1586 esse
1074 1526 1237 1586 effectorem
1250 1537 1280 1588 ct
1300 1528 1457 1605 permisso·

252 1609 343 1684 rem,”
359 1606 413 1668 &a
428 1608 511 1668 Idem
525 1608 608 1667 facile
622 1608 736 1667 ostendi
748 1617 847 1685 posset
861 1607 1086 1682 deLutheranis,
1099 1615 1128 1666 st
1142 1607 1177 1665 de
1191 1625 1299 1684 magno
1314 1607 1369 1665 Dei
1380 1607 1458 1666 Viro

252 1691 385 1764 Latino,
407 1689 458 1766 qui
471 1689 558 1765 longe
577 1688 678 1746 fortius
700 1688 814 1746 Nostris
835 1689 890 1746 boc
910 1694 1110 1764 argumentum
1132 1695 1272 1746 executus
1286 1695 1330 1745 est
1348 1685 1399 1744 lib.
1414 1687 1456 1746 de

251 1765 1452 1845 SentoArbitrioquumait,“Torturamverbiesse,siquisdicatverborumillornrn,

254 1847 318 1924 Ego
339 1846 481 1906 indurabo
502 1866 552 1906 cor
573 1846 741 1922 Pharaonis,
763 1847 840 1906 bunc
859 1866 922 1906 esse
946 1865 1072 1922 sensum,
1095 1845 1161 1922 Ego
1182 1845 1344 1922 permittam
1366 1845 1455 1905 indu·

252 1927 318 2001 rari,
334 1925 513 1986 occasionem
527 1925 680 1985 indurandi
694 1926 779 2002 dabo,
795 1927 863 1985 dum
876 1944 936 1984 non
957 1926 1055 1984 statim
1075 1925 1229 2002 corrigitur
1246 1925 1409 2001 peccator,¹'
1425 1945 1457 2002 p.

252 2009 326 2082 4523
344 2009 361 2040 “
369 2006 545 2084 simpliciter,
557 2015 590 2065 ut
603 2006 694 2064 verba
706 2013 817 2081 sonant,
834 2025 993 2065 sermonem
1008 2024 1072 2064 esse
1085 2003 1314 2082 accipiendum‚”
1328 2003 1455 2080 ibidem;

254 2089 272 2120 “
288 2087 361 2146 Cum
376 2085 406 2143 in
419 2087 504 2147 malis
517 2094 547 2145 et
557 2105 608 2162 per
621 2086 713 2144 malos
727 2095 861 2162 operatur
875 2085 964 2164 Deus,
985 2084 1062 2142 mala
1075 2103 1095 2221 q

251 2184 319 2224 mon
332 2185 391 2224 non
405 2185 489 2243 posse
503 2165 578 2223 male
599 2164 701 2240 facere,
716 2165 784 2226 licet
803 2166 879 2224 mala
898 2184 950 2242 per
965 2164 1058 2222 malos
1090 2163 1173 2240 aciat,
1195 2163 1263 2240 quia
1275 2163 1339 2240 ipse
1359 2163 1457 2222 bonna

251 2244 435 2304 malefacere
448 2265 507 2302 non
527 2252 631 2322 potest,
652 2245 736 2302 malis
756 2253 852 2304 tamen
872 2243 1070 2304 instrumentis
1090 2243 1188 2318 utitur,
1210 2260 1275 2318 quse
1295 2251 1411 2320 raptum
1427 2251 1458 2302 et

253 2333 363 2383 motum
377 2324 514 2400 potentiae
528 2343 588 2382 suae
600 2342 659 2381 non
672 2332 795 2400 possunt
807 2324 939 2384 evadere.
967 2323 1079 2382 Vitium
1093 2339 1163 2399 ergo
1177 2330 1221 2380 est
1234 2322 1265 2379 in
1279 2322 1457 2381 instrumen-

251 2403 298 2477 tis,
313 2422 378 2479 quae
393 2404 486 2461 otiosa
507 2399 588 2460 Deus
602 2421 664 2461 esse
678 2421 736 2460 non
750 2403 827 2477 sinit,
843 2402 922 2480 quod
940 2403 1016 2460 mela
1027 2402 1109 2477 fiunt,
1131 2409 1266 2460 movente
1280 2401 1344 2478 ipso
1359 2401 1456 2476 Deo‚”

251 2478 305 2540 &a
327 2501 356 2558 p.
371 2483 440 2540 454.
483 2481 548 2538 “ln
562 2481 654 2555 nobis,
676 2481 766 2540 idest
785 2501 837 2558 per
856 2502 917 2556 nos,
935 2483 1030 2541 Deum
1051 2480 1161 2558 operari
1181 2481 1266 2556 mals,
1288 2499 1349 2539 non
1369 2481 1459 2558 culpa

252 2560 316 2634 Dei,
333 2560 384 2618 sed
395 2560 467 2619 vitio
481 2561 609 2633 uostro‚”
625 2558 680 2619 &a
694 2581 722 2638 p.
737 2563 806 2620 455.
850 2563 868 2594 “
884 2563 999 2621 Satanae
1013 2570 1043 2620 et
1055 2559 1181 2619 hominis
1193 2560 1375 2619 voluntatem
1390 2561 1458 2620 Deo

252 2638 410 2714 deserente,
433 2647 463 2698 et
482 2647 619 2716 peccante
636 2639 750 2714 Setaea,
772 2640 877 2697 melam
898 2641 1013 2716 factam,
1035 2639 1179 2717 operando
1199 2639 1286 2716 arripi
1307 2640 1413 2699 a-Deo
1427 2650 1458 2700 st

253 2719 364 2777 moveri
377 2737 516 2796 quorsum
529 2719 623 2794 vult‚¹’
645 2718 766 2792 ibidem;
790 2719 917 2778 “Verba
929 2720 993 2793 Dei,
1008 2719 1149 2778 indurabo
1166 2737 1216 2778 cor
1230 2719 1399 2794 Pharaonis,
1415 2720 1458 2778 ita

250 2817 314 2856 esse
334 2798 520 2876 accipienda:
542 2797 608 2876 Ego
622 2797 725 2857 faciam
745 2807 778 2858 ut
791 2818 841 2856 oor
857 2799 1015 2858 Pharaonis
1028 2798 1186 2872 induretur,
1207 2817 1258 2856 seu
1271 2807 1306 2856 ut
1323 2817 1371 2858 me
1386 2817 1455 2876 ope-

251 2886 333 2937 rante
350 2887 379 2938 et
393 2877 515 2937 faciente
529 2877 708 2953 induretur,”
723 2875 778 2938 &a
799 2878 921 2956 ibidem;
943 2887 973 2937 et
992 2877 1050 2937 alia
1069 2879 1220 2936 innumera
1239 2877 1374 2954 idgenus,
1389 2897 1459 2955 quaa

249 2976 309 3018 non
323 2957 466 3018 absimilia
480 2967 547 3017 suut
561 2957 731 3017 Nostrorum
745 2958 906 3035 phrasibus.
950 2957 982 3016 si
996 2977 1065 3034 ergo
1079 2975 1181 3016 sanum
1195 2975 1312 3036 sensum
1333 2966 1460 3035 possunt

252 3037 381 3097 obtinere
395 3058 433 3098 ex
451 3037 563 3116 judicio
578 3037 816 3114 Lutberanorum,
839 3036 940 3114 quidni
960 3045 989 3096 et
1010 3037 1181 3096 Nostrorum
1200 3035 1332 3096 dictaer
1352 3037 1458 3098 codem

251 3117 400 3177 charitatis
406 3115 522 3272 &udicio
533 3117 658 3195 benigne
672 3120 872 3194 exponentur?

292 3196 384 3256 VIII.
432 3206 523 3271 uarto,
540 3197 681 3256 Doctores
695 3197 786 3255 nostri
799 3205 924 3256 mentem
938 3215 1020 3256 snam
1033 3197 1075 3255 ita
1088 3195 1165 3255 clare
1179 3196 1335 3274 explicant,
1356 3205 1387 3256 et
1400 3195 1457 3254 im·

250 3276 331 3352 pium
344 3277 400 3334 hoo
415 3275 522 3352 dogma
541 3285 600 3334 tam
614 3295 749 3354 expresse
765 3285 795 3335 ct
814 3276 971 3334 formaliter
984 3275 1123 3335 damnant
1142 3275 1173 3333 in
1193 3276 1308 3352 scriptis
1329 3275 1398 3348 suis,
1422 3287 1459 3336 nt

250 3373 309 3412 non
324 3355 385 3412 sine
400 3354 507 3429 insigni
521 3356 665 3413 calumnia
678 3356 770 3431 possit
789 3355 860 3433 ipsis
878 3355 1017 3433 impingi:
1038 3355 1094 3414 huo
1109 3355 1219 3414 faciunt
1231 3355 1295 3413 loca
1314 3355 1455 3430 Zninglii,

251 3431 373 3504 Calvisi,
391 3433 484 3504 Bonae,
501 3433 648 3508 Martyris,
664 3443 694 3492 et
706 3434 836 3510 aliorum,
852 3435 940 3495 citata
960 3435 1002 3493 Bc
1087 3435 1136 3492 ino
1154 3435 1230 3493 libro
1250 3433 1281 3492 ii.
1294 3433 1330 3492 de
1349 3433 1454 3492 omiss.

250 3529 311 3586 gra.
327 3529 351 3569 o.
367 3514 394 3583 2,
417 3518 447 3568 et
464 3511 570 3569 Beoan.
586 3511 703 3570 Manus.
718 3511 769 3571 lib.
784 3513 825 3570 iii.
840 3533 902 3590 cap.
918 3517 946 3589 5,
961 3533 1009 3590 qu.
1046 3557 1053 3571 .
1097 3513 1230 3573 Caluinam
1244 3533 1312 3572 sane
1332 3531 1391 3570 non
1405 3531 1456 3572 so-

249 3589 310 3648 lum
320 3587 411 3648 solide
422 3589 507 3664 prior,
524 3589 582 3647 imo
596 3589 655 3650 fere
665 3590 768 3649 unicus
780 3591 946 3651 Libertinos
956 3593 1093 3652 refutarit
1102 3603 1212 3651 essene
1224 3593 1279 3650 Dei
1290 3593 1456 3666 sanctitate,

250 3667 303 3728 sed
316 3667 403 3727 etiam
416 3668 447 3726 in
460 3668 535 3728 libro
549 3669 585 3726 do
606 3669 862 3729 Praedestinatione
876 3690 914 3730 ex
934 3671 1063 3748 professo
1076 3672 1152 3730 hano
1165 3671 1339 3730 calumniam
1352 3671 1458 3730 amoli-

250 3756 306 3824 tur,
322 3756 398 3807 utet
421 3748 506 3807 libi.
522 3747 695 3826 Instit.cap.
712 3751 831 3823 laese.
847 3751 875 3808 5.
918 3752 996 3809 Besa
1015 3752 1070 3809 bao
1086 3751 1117 3809 in
1137 3759 1227 3828 parte,
1248 3759 1280 3810 et
1300 3750 1457 3810 Calvinum

251 3835 280 3887 et
295 3847 326 3886 se
347 3827 431 3904 plene
445 3827 648 3888 vindicavitin
662 3837 732 3889 trac.
753 3828 790 3887 de
813 3828 962 3888 Praedesti.
984 3840 1084 3889 contre
1104 3831 1317 3904 Castellionem,
1340 3838 1370 3889 et
1390 3829 1458 3889 fuse

250 3907 378 3966 ostendit
391 3925 449 3966 non
463 3907 601 3984 consequi
609 3927 647 3966 ex
661 3907 791 3967 doctrina
804 3907 919 3967 Caluini
931 3917 962 3968 et
975 3927 1028 3968 sua
1049 3911 1067 3944 “
1080 3909 1170 3968 ullum
1184 3909 1304 3968 istarum
1318 3909 1458 3986 blasphe-

250 3986 381 4061 miarum,
397 4005 499 4064 nempe
513 3987 561 4044 vel
576 3987 671 4046 Deum
687 4005 750 4046 esse
764 3989 913 4048 authorem
927 3987 1046 4066 peccati,
1062 3989 1124 4048 sive
1138 3987 1275 4047 delectari
1289 3987 1456 4064 iniquitate,

252 4065 404 4125 autetiam
418 4065 494 4124 velle
508 4065 698 4142 iniquitatem,
713 4066 762 4125 vel
778 4068 913 4126 Setanam
927 4067 1117 4128 authomines
1125 4067 1323 4145 meleagendo
1333 4067 1457 4127 obedire

251 4143 324 4219 Deo,
339 4153 390 4204 aut
400 4153 543 4222 quatenus
556 4144 631 4203 mule
644 4154 744 4222 agunt,
759 4144 853 4205 facere
867 4146 946 4225 quod
961 4147 1042 4206 Deus
1055 4147 1128 4223 vult,
1143 4165 1177 4206 ao
1190 4147 1311 4225 proinde
1321 4165 1388 4205 esse
1402 4165 1456 4206 ex-

250 4229 295 4280 tra
317 4223 440 4300 culpam.
482 4223 592 4283 Absint
611 4242 682 4284 vero
701 4243 787 4300 quam
807 4225 1007 4302 longissime,'’
1029 4225 1131 4302 inquit,
1155 4229 1288 4285 “omnes
1307 4225 1458 4302 ejusmodi

248 4301 444 4378 blasphemiae,
466 4320 524 4361 non
544 4311 656 4362 tautum
677 4324 695 4363 a
713 4304 831 4382 linguis,
851 4304 903 4364 sed
925 4305 1010 4364 etiam
1030 4325 1048 4363 a
1066 4305 1291 4382 cogitationibus
1314 4305 1456 4364 nostris.”

249 4379 327 4440 Vide
341 4381 428 4473 etism
447 4381 577 4459 ejusdem
595 4382 804 4442 abstersionem
823 4383 1031 4443 odumniarum
1050 4384 1199 4461 Heabusii
1220 4384 1273 4444 ubi
1292 4383 1371 4443 idern
1389 4383 1457 4444 inse

249 4469 486 4629 ‘'fiiistouuo,
512 4538 544 4597 st
564 4538 783 4600 fmdementum
814 4541 1021 4602 semesam
1044 4541 1227 4620 emautur,
1254 4541 1368 4620 pesa
1393 4561 1459 4602 non

246 4609 363 4670 abundo
377 4624 445 4689 petr,
461 4635 553 4690 quarn·
568 4619 697 4678 averbis
710 4619 884 4696 quibusdam
897 4629 927 4680 et
945 4621 1099 4698 phrasibus
1111 4621 1260 4695 maneatis,
1275 4620 1409 4706 detortis,
1425 4631 1460 4680 et

1095 2085 1192 2143 uidem
1206 2083 1276 2158 lieri,
1300 2083 1398 2142 Deum
1411 2093 1455 2142 ta·
1575 2139 1576 2142 ,
