3158 5190
135 335 247 389 cuasa
262 317 322 400 m]
639 339 679 383 ne
693 340 864 387 summunt.
1300 331 1338 391 96

134 485 234 537 narrat
247 477 286 536 de
300 475 369 535 Elia
383 477 568 553 corporaliter
581 498 740 558 reversuro,
754 501 779 541 c.
795 482 888 542 xlviii.
904 484 951 558 10,
966 490 997 542 et
1016 483 1257 546 hallucinationes
1273 507 1340 548 suas

133 559 164 616 in
179 555 310 632 Prologo
323 564 453 615 excussu„

175 635 215 693 V.
238 635 276 693 In
291 633 502 694 Additionibus
515 635 644 696 Ecum
656 646 686 697 et
699 639 829 698 Danielis
841 645 901 698 tam
921 640 1012 698 multa
1033 649 1100 701 sunt
1120 642 1341 704 contradictoria

134 723 165 772 et
185 713 323 787 absurda,
338 721 373 772 nt
386 712 481 772 steca
493 714 622 774 emaus
640 735 690 776 eas
709 717 795 795 plane
815 718 942 794 rejiceat.
982 721 1101 778 Baruch
1120 718 1192 779 dicit
1212 741 1243 780 se
1263 742 1340 782 auno

133 793 239 870 quinto
259 801 327 870 post
339 791 487 850 excidium
501 792 796 871 Hierosolymitanum
809 797 915 856 librum
928 817 1013 856 suum
1026 797 1132 875 legisse
1146 799 1168 859 J
1169 801 1297 859 echoniae
1310 811 1341 861 et

133 871 189 930 toti
202 870 314 948 populo
328 869 497 946 Babylone3
519 891 584 930 cum
604 881 701 932 mmen
714 875 737 934 J
738 876 872 935 echonias
892 885 970 935 esset
989 878 1019 934 in
1036 897 1158 953 waere,
1180 886 1210 938 et
1224 879 1340 940 Bamcb

133 969 202 1008 cnm
222 948 371 1010 Jecbonia
390 947 532 1010 abductus
551 951 654 1011 fuisset
674 953 704 1010 in
717 953 883 1033 AEgyptum
902 964 969 1032 post
989 954 1097 1015 eadem
1118 956 1260 1033 Godoliae,
1274 959 1338 1018 Jer.
1423 1013 1429 1022 .

131 1028 207 1086 xliii
226 1029 275 1088 10.
317 1026 410 1086 Aram
425 1027 543 1087 Domini
556 1040 767 1108 commemorat,
783 1053 808 1092 c.
823 1033 842 1090 i.
859 1035 905 1109 10,
920 1052 987 1092 cum
1002 1034 1123 1112 Templo
1143 1035 1239 1096 dirutu
1259 1037 1340 1096 nulla

132 1115 221 1166 esset
265 1106 350 1165 Lon·
357 1106 584 1167 Maccahaeorum
596 1129 657 1168 non
669 1111 758 1170 semel
771 1112 847 1172 inter
860 1131 891 1170 se
905 1111 1096 1172 disseminat:
1116 1114 1239 1174 conierl
1257 1115 1338 1175 Mac·

132 1186 198 1244 aab.
213 1205 240 1244 c.
260 1185 281 1244 i.
297 1187 344 1260 16,
359 1203 425 1242 cum
441 1205 468 1245 c.
488 1185 528 1245 ix.
544 1189 571 1263 5,
587 1191 636 1262 28,
657 1198 687 1248 et
705 1190 736 1248 li.
754 1192 883 1266 1,c.10.
917 1193 1068 1272 stromata
1081 1192 1179 1251 Razice
1194 1193 1338 1271 laudetur,

131 1267 151 1321 2
168 1263 304 1324 Maccab.
318 1263 380 1322 riv.
394 1266 444 1322 42.
486 1269 673 1347 maguncie
692 1269 917 1345 commendatur,
938 1269 989 1330 lib.
1003 1274 1032 1330 2.
1047 1291 1072 1330 c.
1086 1271 1137 1330 xii.
1151 1274 1199 1346 42,
1215 1273 1245 1330 in
1259 1273 1341 1332 Juda

131 1343 311 1402 sacrificium
333 1360 386 1420 pro
410 1345 531 1404 mortuis
553 1353 658 1423 praeter
681 1346 791 1425 Legem
814 1347 969 1408 offerente:
998 1349 1115 1408 Autbor
1136 1350 1287 1411 minutiam
1309 1360 1339 1411 et

131 1421 332 1481 infirmitatem
346 1439 429 1480 suam
442 1432 571 1498 excusat,
585 1433 616 1483 et
629 1424 665 1484 de
678 1425 786 1486 laboris
805 1426 837 1484 in
851 1427 1075 1487 consarcinaudo
1090 1429 1218 1488 Centone
1232 1449 1285 1489 suo
1299 1449 1337 1488 cx

129 1497 945 1658 tlttlshltJntffl‘rttttmt‘0·
956 1507 1202 1646 utut
1215 1509 1338 1646 tam

129 1658 344 1735 monuwa,
358 1597 389 1716 el
402 1658 474 1717 elios
487 1659 537 1736 qui
550 1659 613 1719 fuse
627 1669 656 1720 et
670 1662 761 1721 solide
774 1663 829 1722 hoe
843 1606 1044 1742 argubd’entum
1058 1607 1263 1726 sunbndxcduti.
1298 1609 1335 1664 m,

438 1737 494 1796 VI.
516 1737 603 1798 Alius
616 1749 661 1799 est
676 1740 776 1800 Oanos
780 1744 861 1820 fidei,
876 1742 965 1802 Alius
980 1743 1081 1804 Oanos
1101 1745 1223 1804 ῑεοείοπὼ
1235 1747 1334 1804 Eccle—

398 1817 534 1876 ac'aeticoe:
553 1817 619 1876 Non
632 1819 729 1896 agitur
741 1821 789 1880 hic
802 1821 839 1880 de
850 1821 966 1880 Oenone
975 1823 1126 1900 posteriori
1139 1842 1244 1899 sensu;
1261 1824 1336 1882 Nam

399 1903 508 1955 certum
522 1904 568 1955 est
580 1897 670 1957 libros
692 1899 763 1959 istos
785 1898 979 1977 Apocryphos
1002 1900 1117 1976 publice
1136 1902 1222 1960 etiem
1244 1901 1335 1961 lectos

129 1972 290 2050 aliqnando
303 1974 393 2036 fuisse
414 1974 445 2033 in
459 1974 607 2053 Ecclesia;
629 1977 681 2036 sed
694 1980 737 2036 ad
747 1979 958 2057 oedeflcutioaem
971 1979 1062 2054 plebis
1078 1986 1198 2054 unnim,
1213 2000 1270 2038 nco
1283 2001 1333 2039 au·

128 2053 292 2112 &marem
306 2057 467 2132 ἀοφιιαωνη
480 2056 709 2132 confinuundam,
725 2065 759 2114 ut
767 2056 855 2115 habet
865 2057 966 2116 Hiero.
975 2060 1095 2132 masat.
1109 2057 1140 2114 in
1149 2057 1196 2115 zio.
1209 2059 1334 2118 Sammo.

128 2131 178 2191 Sic
191 2132 334 2210 Legenda
347 2153 412 2210 qun
425 2132 579 2210 elegendo
593 2133 736 2211 dicuntur,
751 2143 782 2194 et
794 2153 859 2212 quae
872 2135 1021 2212 passiones
1030 2136 1193 2212 Martyrum
1207 2136 1333 2195 contine-

127 2208 212 2286 bant,
226 2211 343 2288 publice
356 2214 387 2270 in
401 2211 539 2271 Ecclesiae
552 2212 580 2271 lc
602 2212 732 2289 ebantur,
752 2213 822 2274 licet
840 2233 894 2292 pro
914 2213 1067 2274 canonicis
1079 2232 1139 2272 non
1151 2213 1333 2275 haberentur.

131 2289 193 2349 Sed
207 2291 305 2368 agitur
316 2291 365 2350 hic
378 2291 416 2350 de
430 2287 546 2350 Gabene
559 2233 636 2350 fidoi.

117 1856 122 1864 ,
170 1801 264 1850 Fontes
274 1803 343 1851 Solu-

206 1862 311 1907 tionum.

168 2368 248 2428 vn.
268 2369 339 2428 Vox
354 2369 478 2431 eme
491 2368 569 2446 apud
591 2369 693 2430 Patres
710 2371 842 2432 bifarium
866 2372 997 2447 sumitur,
1020 2370 1070 2432 vel
1092 2375 1149 2432 late
1162 2372 1211 2431 vcl
1230 2372 1331 2434 structe.

128 2446 231 2506 Primo
255 2467 342 2508 sensu
364 2447 563 2526 complectitur
584 2447 729 2509 Curionem
752 2470 810 2510 non
831 2460 944 2512 tantum
966 2451 1044 2527 fidei,
1072 2451 1126 2512 sed
1151 2459 1180 2512 et
1199 2451 1333 2512 lectionis

128 2525 354 2588 Ecclesiastico.
396 2528 436 2587 Et
448 2527 503 2586 bac
516 2527 626 2587 ratione
641 2528 859 2606 intelligendum
873 2538 919 2591 est
932 2531 1093 2591 Concilium
1106 2531 1333 2608 Carthaginense

127 2605 194 2666 111.
217 2607 288 2666 Cau.
302 2609 352 2680 47,
377 2625 466 2685 quum
490 2606 544 2664 hos
566 2606 670 2665 Libros
692 2608 852 2668 Canonicos
873 2617 959 2670 vocat
981 2607 1021 2688 (si
1043 2617 1141 2668 mmen
1162 2609 1262 2668 Canon
1283 2610 1332 2668 illc

127 2703 189 2743 non
201 2694 249 2745 est
261 2686 434 2778 rugulam,
458 2685 527 2761 quia
548 2684 691 2745 Bonifacii
715 2686 802 2764 Papae
823 2688 961 2764 meminit,
987 2688 1038 2766 qui
1061 2707 1095 2747 eo
1109 2696 1237 2764 tempore
1252 2688 1333 2765 Papa

127 2763 259 2823 nondum
272 2765 346 2825 furt:
367 2765 445 2824 unde
458 2765 559 2823 Sareisa
580 2764 741 2824 Monachus
762 2765 908 2826 canonem
930 2767 1009 2826 hunc
1032 2785 1091 2825 non
1111 2765 1332 2843 Carthaginensi

128 2841 193 2900 ΠΙ.
206 2842 260 2902 sed
273 2843 349 2920 Vll.
363 2842 493 2902 vindicat
515 2842 568 2902 Το.
586 2845 612 2918 l,
628 2842 737 2902 Concil.
751 2864 779 2922 p.
794 2845 878 2924 546,)
903 2865 962 2904 non
987 2845 1085 2905 stricte
1107 2852 1137 2903 et
1159 2845 1274 2923 proprie
1294 2846 1331 2904 de

127 2921 248 2980 canone
260 2921 338 2998 fidei,
353 2921 407 2982 sed
419 2921 477 2980 late
491 2920 528 2980 de
550 2921 665 2980 Oenone
678 2921 819 2999 lectionis,
834 2932 868 2983 ut
885 2942 1022 3000 expresse
1045 2922 1180 2999 Synodus
1193 2923 1329 2999 loquitur,

126 3017 195 3076 qun
208 3000 274 3061 vult
283 3001 371 3062 etiam
383 3000 444 3078 legi
451 2999 598 3077 paeone
606 3003 789 3076 Martyrum:
803 3010 833 3061 et
843 3000 884 3060 sic
898 3001 1104 3078 intelligendus
1117 3001 1203 3058 etiam
1213 3003 1331 3076 August.

125 3097 218 3155 quum
232 3098 283 3138 eos
296 3088 382 3140 vocat
392 3079 565 3152 Oauocicoe;
578 3078 647 3139 facit
655 3080 732 3140 enim
746 3078 819 3139 duos
832 3079 948 3139 ordines
959 3079 1188 3139 canonicorum:
1203 3077 1332 3138 Primum

126 3315 261 3374 solebant
273 3336 312 3376 ax
326 3317 449 3376 ambone
461 3315 538 3394 legi;
559 3324 589 3376 et
601 3316 655 3376 hos
665 3315 779 3394 judicat
788 3334 848 3374 non
861 3335 924 3374 esse
938 3314 1085 3373 faciendos
1098 3311 1199 3389 quanti
1211 3311 1329 3391 priores,

125 3401 157 3452 et
179 3393 268 3472 longe
291 3394 432 3473 imparem
452 3413 551 3454 eorum
565 3414 629 3453 esse
651 3394 854 3455 authoritatem
875 3393 926 3454 lib.
940 3393 971 3452 ii.
982 3401 1053 3451 cont.
1075 3392 1202 3451 Manich.
1223 3411 1258 3450 ca
1278 3435 1286 3450 .
1301 3395 1330 3452 ὅ.

126 3471 300 3551 Apccryphi
312 3492 384 3533 vero
397 3472 441 3532 illi
463 3480 532 3533 sunt
553 3472 661 3550 scripta
682 3473 852 3550 adulterina,
876 3471 949 3532 falsa
969 3477 999 3530 et
1020 3471 1153 3548 improba
1165 3469 1186 3530 l,
1200 3471 1228 3547 5,
1264 3489 1281 3530 e
1296 3471 1329 3531 O.

128 3551 165 3610 D.
180 3571 245 3630 cap.
257 3556 307 3627 24,
322 3551 436 3612 fabulas
448 3560 535 3612 vocat
550 3551 769 3630 scripturarum,
781 3572 847 3629 quae
861 3550 1045 3628 Apocryphae
1058 3549 1202 3610 dicuntur.
1230 3549 1330 3610 Canon

126 3649 197 3689 vero
209 3631 305 3692 nosce
317 3630 442 3690 sumitur
453 3649 507 3709 pro
520 3648 555 3688 eo
569 3630 647 3708 quod
659 3630 748 3689 habet
758 3629 885 3688 divinam
895 3637 926 3689 ct
934 3628 1113 3688 infallibilem
1127 3627 1329 3688 authoritatem

126 3708 166 3766 cd
178 3708 329 3784 probanda
341 3707 411 3768 fidei
424 3708 580 3785 dogmata:
601 3708 641 3766 Et
655 3708 697 3766 sic
710 3708 811 3766 Hiero.
819 3727 922 3767 vocem
931 3707 1056 3767 Canonis
1070 3707 1166 3782 sumit,
1176 3725 1265 3783 quum
1279 3724 1330 3764 eos

125 3787 257 3846 excludit
270 3789 423 3848 acanone.
446 3786 493 3846 Ita
506 3787 634 3862 August.
647 3785 735 3847 latius
748 3785 853 3863 accipit
865 3805 967 3846 vocem
980 3785 1118 3846 Canonics'
1128 3803 1216 3861 quam
1225 3783 1327 3841 Hiero.

124 3865 177 3942 qui
189 3885 292 3926 rocem
304 3865 472 3942 Apocryphi
483 3864 570 3924 latius
583 3865 695 3942 accepit
707 3883 794 3943 quam
806 3866 987 3942 Augustinus,
998 3883 1058 3923 nou
1070 3862 1157 3921 modo
1165 3879 1217 3938 pro
1231 3867 1329 3950 aperte

125 3943 206 4004 falsis
219 3953 249 4004 et
261 3943 403 4004 fabulosis
417 3943 508 4019 libris,
523 3941 575 4002 sed
588 3943 674 4002 ctiam
686 3962 740 4020 pro
753 3944 799 4020 iis,
819 3943 871 4021 qui
883 3943 952 4002 licet
963 3942 1131 4020 legarentur
1142 3938 1173 3998 in
1187 3937 1327 4012 Ecclesia,

124 4041 183 4082 non
206 4023 421 4082 adhibebantur
442 4020 644 4100 adprobanda
665 4020 734 4082 fidei
754 4020 911 4099 dogmata:
933 4021 1021 4080 Unde
1042 4017 1126 4109 facile
1139 4015 1329 4106 conciliantur

124 4101 202 4162 dicta
215 4102 338 4164 Petrum
351 4102 482 4176 istorum
497 4119 562 4178 quae
575 4099 650 4159 inter
664 4119 695 4158 se
707 4100 763 4160 boc
783 4101 814 4157 in
827 4099 945 4174 negotio
959 4099 1080 4156 arietare
1092 4093 1237 4153 videntur.
1280 4093 1329 4152 Sre

126 4180 234 4241 caina
256 4181 409 4241 commen.
420 4179 450 4237 in
460 4179 576 4238 Esther.
590 4177 645 4237 sub
653 4176 747 4253 finem,
760 4177 838 4236 dicta
848 4177 968 4235 Petrum
981 4173 1118 4253 explicat,
1132 4179 1166 4230 ut
1178 4173 1222 4230 ad
1232 4171 1331 4264 litamen

124 4261 294 4337 ffmmuflni
305 4260 471 4319 reducenda
484 4256 562 4316 dieat
574 4265 633 4315 mm
645 4258 730 4316 verbo
742 4256 940 4329 Gemellorum,
951 4272 1037 4330 quam
1045 4253 1211 4324 Doctorum,
1220 4258 1252 4308 ut
1264 4249 1330 4308 labra

3 4343 4 4377 ³
125 4340 170 4398 uu
178 4361 235 4400 nou
248 4340 308 4398 sint
322 4337 470 4412 canonici,
492 4335 533 4395 id.
552 4338 698 4412 reffishres
718 4335 761 4393 ad
773 4333 952 4412 fimcundum
964 4350 999 4390 eo
1012 4349 1075 4407 quau
1087 4338 1152 4389 runt
1162 4327 1242 4409 fidei,
1266 4329 1330 4388 licet

122 4419 225 4494 pernisi
251 4418 315 4479 dici
337 4415 484 4492 Ocnora'cs',
505 4413 545 4474 id.
571 4417 717 4492 recisiones
740 4414 784 4472 ad
801 4409 1012 4489 oedifieuhouem
1024 4409 1162 4489 fidelium,
1184 4416 1279 4484 utpote
1300 4409 1329 4466 in

126 4497 370 4640 Owwgmo
382 4495 426 4555 ad
444 4495 497 4555 hoe
507 4495 620 4571 recepti,
635 4491 690 4554 &a
704 4509 771 4553 cum
784 4509 843 4568 quo
857 4488 926 4550 facit
938 4489 1043 4566 Diony.
1060 4489 1192 4550 Onne.
1208 4505 1327 4564 meam,

122 4598 146 4638 aa
291 4620 300 4635 .
856 4611 860 4620 .
