3158 5190
89 401 211 450 cussr.
227 380 294 463 m.]
604 403 643 444 ns
657 404 828 446 summm.
1282 392 1319 448 tr

92 539 260 617 visionem,
284 539 371 600 nullo
386 540 513 618 amplius
526 541 580 602 erit
599 562 672 620 opus
685 544 733 602 vel
755 543 911 622 Scripturas
925 544 973 604 vel
988 545 1139 606 Pastorum
1153 545 1320 623 ministerio,

96 620 155 680 aad
168 621 302 698 quisque
317 619 488 680 immediate
502 621 574 681 facie
587 621 624 680 ad
637 621 739 682 facicm
754 623 849 683 Deum
863 625 1112 703 contemplabitur.

145 699 191 759 X.
215 700 345 758 Falsum
359 709 406 760 ast
420 700 579 760 Ecclesiam
594 711 794 762 conservatam
806 702 896 762 iubae
916 704 947 762 iu
961 704 1127 782 captivitate
1142 704 1322 782 Babylonica

102 779 219 856 absque
245 779 422 858 Scriptura:
442 799 509 838 nam
532 780 645 858 Daniel,
668 781 750 841 cix.
773 785 801 857 2,
816 781 922 842 dicitur
943 784 997 843 sub
1018 783 1105 842 finem
1120 785 1160 843 70
1180 803 1321 844 annorum

104 858 316 918 considerasse
331 879 370 919 ex
384 859 473 918 libris
481 878 631 920 nnmerum
644 881 793 936 annorum,
809 871 840 921 et
849 862 970 922 Nehem.
980 862 1040 922 viii.
1053 867 1080 938 2,
1096 863 1201 923 dicitur
1212 864 1322 924 Esdras

106 937 223 1012 afferre,
245 957 309 998 non
331 938 369 998 de
392 957 469 998 novo
491 939 622 1014 condere,
645 940 751 1000 librum
772 941 870 1018 Legis.
912 940 1008 1002 Locus
1021 945 1040 1000 4
1055 942 1126 1002 Esd.
1140 963 1203 1020 cap.
1217 944 1257 1002 iv.
1272 947 1320 1020 23,

108 1026 145 1077 ut
157 1018 349 1095 apocryphus
363 1017 437 1076 nihil
450 1018 562 1096 probat.
604 1020 668 1080 Etsi
682 1040 752 1080 vero
767 1021 877 1080 Esdras
895 1021 985 1081 libros
1006 1041 1102 1081 sacros
1123 1023 1272 1100 collegerit
1291 1022 1322 1082 in

109 1117 205 1156 unum
219 1117 336 1174 corpus,
352 1097 412 1155 imo
428 1098 593 1158 Scribarum
613 1099 792 1178 negligentia
805 1099 962 1179 depravata
975 1101 1139 1178 correxerit,
1154 1121 1212 1160 non
1227 1102 1320 1180 sequi·

111 1185 163 1234 tnr
178 1175 344 1235 Ecclesiam
358 1176 490 1237 absolute
505 1178 653 1255 Scriptura
666 1181 801 1240 caruhse.

156 1255 220 1314 XI.
243 1255 346 1314 Gratis
367 1255 478 1333 fingitis
499 1274 517 1314 a
539 1257 645 1319 Bellar.
673 1267 740 1336 post
767 1267 897 1335 tempora
919 1258 1021 1334 Mosis,
1044 1277 1103 1334 eos,
1126 1259 1177 1336 qui
1198 1280 1236 1319 ex
1257 1260 1323 1320 eliis

114 1333 235 1412 populis
255 1335 295 1393 ad
316 1354 416 1393 veram
431 1334 613 1412 Religionem
635 1337 859 1413 adducebantur,
876 1339 938 1396 sola
959 1337 1112 1397 traditione
1134 1357 1202 1398 usos
1224 1339 1321 1417 lirisse,

115 1423 147 1474 et
162 1413 315 1490 Scriptura
336 1413 481 1474 mruisse:
503 1413 578 1474 Nam
599 1416 689 1493 siqui
709 1417 849 1495 proselyti
861 1417 978 1493 fiebant,
992 1417 1023 1475 in
1037 1417 1130 1476 Mosis
1151 1427 1182 1478 et
1196 1417 1321 1496 Prophe·

115 1502 215 1552 tanim
238 1493 369 1551 doctrina
391 1492 595 1553 erudiebantur
616 1495 725 1570 sedulo,
740 1495 819 1572 quod
832 1496 881 1555 vel
902 1516 940 1555 ex
961 1516 1020 1556 unc
1034 1497 1169 1556 Eunuchi
1183 1497 1324 1559 candacis

117 1571 245 1649 Regna
267 1571 402 1650 exemplo
424 1581 537 1632 constat
554 1573 623 1633 Act.
637 1573 698 1632 viii.
740 1575 802 1633 Nec
824 1574 956 1634 absolute
980 1575 1128 1654 Scriptura
1149 1576 1249 1654 ignota
1269 1577 1324 1638 fuit

117 1651 575 1808 ἕξπέωᾞωᾚὲυξοεηω
589 1651 619 1710 in
632 1652 762 1731 linguam
776 1653 910 1714 Graccm
924 1663 1051 1733 tempore
1062 1654 1211 1716 Ptolemaei
1226 1655 1322 1716 Phila·

162 1809 243 1868 XIl.
265 1809 398 1869 Christus
425 1809 468 1868 ita
494 1817 539 1869 est
558 1810 661 1870 unicus
685 1811 796 1870 Doctor
815 1819 922 1887 noster,
943 1813 1030 1873 Matt.
1053 1813 1137 1874 xxiii.
1160 1815 1189 1889 8,
1212 1822 1246 1874 ut
1266 1834 1324 1874 non

117 1888 295 1949 excludatur
315 1888 507 1947 ministerium
529 1889 692 1967 Scriptura,
716 1889 769 1949 sed
789 1891 954 1950 includatur
974 1893 1143 1968 necessario,
1159 1893 1228 1971 quia
1248 1914 1325 1953 nuno

117 1969 150 2028 in
174 1987 212 2028 ea
233 1975 345 2028 tautum
367 1987 421 2028 nos
443 1968 481 2027 all
520 1967 607 2044 uitur,
622 1976 652 2028 et
673 1989 727 2046 per
747 1988 812 2028 eam
833 1989 887 2028 noa
908 1970 1041 2030 instituit.
1084 1971 1150 2030 Non
1172 1973 1326 2048 opponitur

117 2048 258 2108 Chrisnrs
286 2047 450 2124 Scriptura,
474 2067 505 2108 se
553 2047 634 2106 falsis
657 2047 869 2140 Pharisaeorum
892 2049 1074 2125 Ductoribus,
1098 2049 1148 2127 qui
1175 2051 1326 2110 ambitiose

117 2125 1006 2284 mfflffullba‘gieiiaSbiitptSiaOdfffidlilsrisiiullesstlilsum
1027 2207 1134 2267 habeat
1146 2207 1326 2284 personalem

119 2305 195 2364 erga
207 2287 410 2360 έκλφιβιίτως,
432 2286 530 2363 legere
543 2285 665 2362 nescios,
680 2293 777 2345 umen
791 2286 975 2346 materialiter
988 2305 1087 2346 eorum
1102 2287 1283 2346 instructioni
1297 2297 1327 2348 et

118 2365 308 2425 edificationi
329 2365 459 2441 irrservit,
481 2374 623 2443 quatenus
645 2384 703 2424 non
725 2364 841 2426 aliunde
869 2366 1029 2426 desumitur
1055 2365 1272 2445 doctrinaque
1296 2368 1325 2426 in

119 2445 259 2505 Ecclesia
270 2453 395 2504 resonat

453 2643 459 2654 ’
588 2683 781 2761 cussum
802 2684 863 2746 111.

130 2841 1317 2922 sanaemsammaccncuertannmataqtejumdctnosucccratar

539 2923 613 3000 Neg.
628 2933 728 2983 contra
742 2923 918 2984 Pontificios.

429 3079 455 3138 Ι.
477 3080 553 3139 Hae
565 3080 693 3155 Quastic
707 3081 782 3140 inter
796 3081 858 3140 Nos
879 3088 909 3139 et
923 3078 1090 3138 Pontificios
1106 3087 1256 3155 movetur3
1277 3081 1328 3157 qui

170 3145 349 3250 S‘ffiff*
386 3167 421 3218 ut
435 3158 590 3237 Scriptus-te
604 3160 807 3219 authoritatem
817 3168 848 3218 et
859 3158 1062 3235 perfectionem
1077 3158 1255 3233 imminuant,
1270 3179 1329 3218 non

388 3246 500 3297 tantum
522 3238 627 3298 docent
648 3239 745 3298 minus
771 3238 962 3296 necessariam
990 3237 1087 3312 brisso,
1116 3245 1146 3296 et
1168 3236 1328 3297 Ecclesiam

123 3315 257 3394 potuisse
269 3335 305 3375 ea
318 3335 424 3390 carere,
440 3317 592 3377 sedetiam
606 3336 665 3377 non
678 3337 816 3395 expresso
831 3316 888 3376 Dei
901 3315 1045 3390 mandato,
1063 3315 1115 3376 sed
1135 3315 1328 3394 peculiaribus

124 3403 241 3454 tautum
262 3396 461 3455 occasionibus
482 3396 617 3456 traditam
635 3397 774 3456 Ecclesia
795 3395 901 3471 fuisse3
923 3396 986 3455 Nec
1007 3396 1154 3457 Christum
1178 3395 1329 3474 Apostolis

125 3473 299 3550 precepisse
311 3483 346 3534 ut
363 3475 529 3551 scriberent,
551 3495 606 3534 nce
619 3475 779 3552 Apostolos
792 3476 828 3535 de
851 3476 1003 3535 scribendo
1017 3476 1179 3554 Evangelio
1195 3475 1330 3554 primaria

126 3553 287 3612 intentione
308 3554 461 3632 cogitasse,
484 3555 536 3614 sed
556 3555 726 3614 mcundmia
751 3564 872 3631 tantum,
897 3563 985 3616 etex
1009 3557 1167 3632 occasione,
1189 3557 1328 3616 Bellona.

127 3633 510 3708 lacedaemones
531 3636 626 3709 .3,4.

168 3710 213 3770 Il.
236 3711 302 3770 Non
315 3713 471 3789 queritur3
494 3655 544 3772 rin
568 3713 728 3790 Scriptores
752 3713 782 3772 S.
797 3713 970 3791 quibusdam
993 3713 1191 3773 occasionibus
1213 3712 1330 3790 impulsi

129 3789 235 3849 fuerint
247 3790 287 3849 ad
300 3791 506 3852 scribendum?
547 3792 614 3850 Non
634 3812 775 3870 negamus
796 3793 872 3852 enim
894 3793 999 3853 ohletis
1013 3792 1211 3852 occasionibus
1226 3792 1331 3869 sepius

129 3889 196 3930 usos
210 3869 301 3930 fuisse
314 3871 353 3929 ad
370 3871 485 3949 scriptis
498 3871 696 3948 consignanda
711 3872 766 3932 Dei
786 3873 941 3950 mysteria:
965 3871 1024 3932 Sed
1043 3871 1196 3948 quaeritur;
1220 3869 1270 3926 An
1291 3869 1332 3928 ita

130 3950 348 4009 mansionaliter
362 3950 537 4028 scripserint,
552 3959 657 4010 utnon
670 3951 838 4028 scripserint
857 3953 943 4012 etiam
958 3971 996 4009 ex
1009 3951 1138 4027 professo
1153 3957 1182 4006 et
1195 3948 1331 4008 mandato

129 4029 252 4088 divino?
293 4029 355 4088 Nos
369 4029 446 4088 enim
459 4031 522 4088 hnc
543 4049 602 4088 non
615 4031 793 4108 opponenda,
817 4030 869 4090 sed
882 4028 1080 4106 componenda
1093 4045 1259 4102 censemus3
1281 4047 1330 4104 pc·

119 4116 246 4168 -merunt
259 4117 290 4167 et
303 4109 402 4168 oblata
412 4109 561 4168 occasione
571 4109 703 4185 scribere,
713 4119 743 4168 et
756 4119 852 4169 temen
860 4131 898 4168 ex
911 4105 1048 4165 mandato
1058 4105 1166 4180 divino,
1176 4104 1332 4182 divinaque

130 4188 335 4265 inspiratione;
367 4187 431 4248 Irno
452 4188 521 4266 quia
541 4189 655 4248 occasio
676 4189 744 4249 talis
765 4189 880 4248 nonnisi
902 4185 1042 4244 divinitus
1064 4184 1162 4244 oblata
1188 4183 1246 4243 illis
1268 4185 1330 4263 fuit,

131 4267 228 4326 divina
241 4267 331 4327 ctiam
339 4267 489 4327 voluntate
503 4267 562 4326 illis
575 4268 758 4328 scribendum
772 4267 835 4343 fuit,
844 4285 898 4326 nec
911 4265 989 4324 enim
997 4264 1046 4323 val
1059 4273 1165 4324 temere
1178 4263 1215 4323 iis
1225 4263 1330 4342 oblata,

132 4348 176 4406 rel
190 4353 295 4426 sponte
309 4345 367 4405 suit
379 4345 417 4404 ab
430 4346 501 4424 ipsis
514 4355 661 4424 occupata.

168 4427 230 4486 Ill.
261 4424 436 4486 Mandatum
463 4424 543 4486 aliud
569 4434 614 4486 cst
635 4427 797 4504 inplicitum
820 4433 850 4484 et
873 4425 1026 4501 generem
1054 4421 1146 4482 Aliud
1172 4424 1332 4501 explicitum

130 4516 156 4566 et
168 4507 313 4583 speciale.-
335 4503 418 4563 Licet
433 4505 593 4582 Scriptores
616 4507 646 4566 S.
668 4524 768 4566 omnes
780 4525 839 4564 non
859 4503 1013 4564 habuerint
1028 4503 1194 4563 mandatum
1209 4505 1332 4580 speciale

130 4585 285 4660 scribendi,
301 4582 383 4661 quod
405 4584 435 4642 in
456 4585 555 4646 multis
576 4593 673 4645 tamen
695 4586 828 4660 occurrit,
854 4585 929 4644 Exo.
952 4584 1041 4660 xvii.;
1066 4584 1152 4642 Deut.
1175 4583 1259 4640 xxxi.
1277 4585 1331 4657 19;

131 4667 185 4728 lea
201 4665 266 4726 viii.
285 4667 322 4740 l;
353 4661 416 4723 Jer.
430 4665 533 4725 mvi.
557 4669 595 4741 23
627 4665 738 4726 Habac.
760 4665 790 4726 ii.
805 4669 841 4741 23
873 4663 966 4742 Apoc.
989 4665 1007 4723 i.
1026 4666 1071 4738 12,
1087 4660 1141 4722 &c
1170 4661 1333 4720 habuerunt
