3044 5180
78 365 181 418 eonem
198 347 246 430 a]
481 367 520 408 nn
534 367 678 410 nacaarre
692 369 752 427 nni,
769 369 833 411 nnc.
1222 355 1280 414 293

77 528 139 603 perc
151 507 260 602 dicitur
270 516 405 602 tempora
420 509 504 584 malo,
519 509 558 569 id.
574 527 632 569 non
646 507 707 585 cuo,
724 508 804 570 Eecl
820 509 870 569 vii.
888 512 934 568 lt.
959 508 1087 588 ‘lempna
1100 509 1206 588 qnippe
1219 531 1280 590 poe·

77 597 237 648 mtennaeat
246 597 354 666 pietati
364 596 564 668 opportunum,
573 597 688 668 tempus
699 599 743 650 cst
753 599 912 668 occeptum,
923 598 953 650 at
963 609 1031 648 aere
1042 594 1129 666 ertp-
1140 598 1279 668 noenum,

77 687 132 748 quo
144 669 174 727 in
184 687 247 727 rem
260 677 395 728 nonnam
408 669 451 728 nti
465 668 611 745 debemus,
623 671 696 748 quia
705 670 743 730 ab
756 671 808 730 illo
822 671 915 731 omnia
929 669 1034 748 cingla
1045 670 1161 748 pendet
1176 669 1220 730 At
1229 671 1281 732 nbi

78 749 215 842 prutcn'it,
233 767 298 842 uon
314 757 404 808 restat
416 749 474 818 nini
485 754 567 831 augit
579 748 690 832 ἔωςος.
735 751 783 810 Sic
797 751 918 830 exponit
932 751 1031 829 Greg,
1054 751 1150 828 Expo.
1163 769 1235 810 mor.
1249 751 1281 808 in

78 827 205 967 solidi.
219 849 330 984 gurd·
342 831 490 988 ginpture
508 909 637 987 loquitur
650 910 686 970 de
702 912 920 988 prolottqatr'one
932 910 982 970 vel
1001 910 1206 970 abbreviatione
1219 911 1280 970 die·

76 1005 142 1062 rum,
155 1007 223 1065 quoe
243 988 281 1048 fit
302 1007 323 1046 a
335 989 400 1048 Deo
419 997 552 1068 respectu
573 990 686 1068 piorum
704 999 755 1050 aut
776 991 938 1068 impiorum,
955 991 1030 1050 Ero.
1045 1011 1096 1050 xx.
1114 993 1168 1068 12;
1192 991 1281 1052 Deut.

77 1066 171 1148 into,
183 1076 214 1127 et
228 1087 308 1127 xxx.
322 1071 368 1144 19,
384 1072 440 1144 203
461 1069 568 1129 Paalm.
583 1070 641 1132 xci.
659 1073 712 1146 16;
735 1073 750 1128 l
764 1071 959 1149 Reg.iii.14;
978 1071 1096 1130 Prover.
1109 1091 1138 1130 x.
1148 1074 1202 1148 273
1221 1091 1281 1132 non

77 1155 130 1206 tam
148 1147 330 1225 intelligitur
348 1149 463 1226 proprie
481 1151 662 1227 prolenqotco
675 1151 724 1210 vel
743 1152 913 1212 oberwiutto
930 1151 1047 1211 termini
1066 1171 1085 1208 a
1099 1151 1164 1210 Deo
1183 1151 1279 1228 positi,

77 1245 155 1304 qnam
169 1229 340 1304 Ιοιιφωυίται
353 1231 489 1305 utrem,
504 1237 555 1290 aut
568 1249 645 1290 ιοονο
660 1250 790 1307 precoro,
809 1251 861 1310 per
878 1239 1006 1308 metony.
1020 1232 1206 1290 aatwcdentrt
1222 1251 1282 1308 pro

77 1317 259 1384 consequente,
282 1318 319 1368 ut
340 1309 449 1368 Paulus
468 1310 596 1388 explicat
608 1311 699 1370 verba
719 1311 816 1389 Logia,
832 1311 908 1390 Eph.
922 1311 963 1370 vi.
980 1313 1007 1370 1.
1032 1311 1071 1370 Ut
1082 1311 1120 1370 et'a
1141 1313 1282 1388 lonyoevur

341 1389 1282 1550 mg,

78 1554 181 1604 uotum
194 1557 366 1626 comparate
379 1489 441 1608 cim
452 1548 491 1608 ed
500 1549 582 1626 elios,
597 1557 659 1609 tum
669 1550 707 1609 ad
716 1559 826 1611 natura
836 1551 919 1630 leget
928 1558 958 1610 et
968 1491 1281 1627 cureudioordinalinm,

78 1635 133 1684 tum
145 1626 183 1684 ad
195 1627 332 1706 ipsorum
343 1637 412 1688 vote
422 1636 452 1688 et
466 1649 503 1688 ex
524 1629 705 1690 ectationem.
740 1631 816 1690 Nem
829 1640 862 1690 ut
875 1631 1048 1710 quibusdam
1063 1630 1282 1690 diutiuavivere

80 1705 164 1782 datur,
178 1726 269 1785 quam
284 1708 336 1767 vel
350 1708 406 1786 ipai
419 1649 608 1787 crediderant,
623 1710 673 1769 vel
690 1710 741 1769 alii
761 1719 966 1790 speraverant5
989 1710 1035 1770 Ita
1055 1709 1141 1770 multi
1154 1710 1281 1770 calculoa

80 1803 141 1844 moa
158 1787 234 1847 male
255 1799 382 1866 ponunt,
404 1788 473 1847 dum
494 1789 524 1848 in
544 1789 658 1850 florenti
679 1799 763 1850 etate
783 1799 813 1850 et
832 1790 948 1851 sertum
969 1789 1097 1850 sentiunt
1109 1789 1179 1850 vita
1200 1790 1282 1850 filum

84 1865 210 1944 abrumpi,
224 1868 325 1928 multo
339 1868 424 1928 citiua
438 1889 525 1946 quam
539 1869 596 1929 cibi
608 1877 819 1948 persuaserant.

118 1945 220 2006 XVII.
240 1947 388 2030 Quamvis
397 1949 549 2027 longitudo
560 1949 672 2010 dierum
684 1949 870 2028 promittatur
881 1949 991 2028 pietati,
1003 1957 1033 2008 et
1045 1947 1173 2009 brevitas
1187 1948 1283 2026 impiis

83 2022 271 2104 denuncietur,
288 2048 351 2088 nou
364 2037 516 2106 propterea
528 2030 668 2089 terminus
682 2030 752 2089 vitoe
767 2029 952 2107 suspenditur
965 2049 984 2088 a
996 2027 1161 2088 conditione
1174 2029 1285 2088 incerta

83 2103 206 2182 hominia,
221 2109 297 2186 qnia
313 2109 394 2168 Deua
408 2109 459 2186 qui
471 2109 601 2168 decrevit
614 2129 665 2169 eoe
679 2110 717 2168 ad
736 2109 872 2186 pietatem
887 2109 1038 2184 deducere,
1054 2107 1183 2166 decrevit
1197 2107 1283 2166 etiam

82 2182 292 2261 longevitatem
315 2188 386 2266 ipaic
406 2189 571 2264 concedere,
594 2189 758 2248 coronando
777 2189 854 2248 dona
867 2209 928 2265 aaa,
943 2208 1003 2248 non
1023 2189 1151 2266 ipsorum
1171 2187 1282 2264 merita,

85 2271 110 2322 at
127 2265 150 2322 ai
168 2266 326 2327 abbreviat
339 2268 429 2327 vitam
453 2268 606 2348 impiorum
627 2270 665 2329 ob
687 2269 815 2347 ipsorum
830 2270 947 2346 scelera,
967 2268 1069 2328 eodem
1090 2267 1284 2344 concilioque

85 2341 203 2405 decrevit
221 2347 275 2406 illa
298 2348 472 2425 permittere,
494 2349 623 2409 decrevit
643 2349 730 2410 etiam
750 2349 802 2408 illo
821 2350 877 2408 hoc
897 2357 982 2427 pecto
1003 2347 1114 2425 punire.
1157 2346 1283 2406 Promia-

86 2422 171 2484 nlonee
182 2446 254 2506 crgo
268 2436 303 2488 et
316 2429 553 2488 comminationes
566 2449 624 2488 non
635 2429 783 2489 declarant
793 2429 863 2508 quid
878 2428 1010 2489 Deuade
1025 2426 1148 2506 cingulis
1162 2425 1240 2505 apud
1253 2447 1284 2486 ae

86 2501 243 2584 decreverit,
259 2507 318 2568 aed
329 2509 431 2586 quales
444 2508 507 2568 eive
519 2509 707 2587 longevitate
721 2529 831 2586 ornare,
847 2509 909 2570 sive
922 2509 1066 2569 brevitate
1079 2507 1149 2568 vita
1162 2505 1285 2566 multare

85 2583 156 2667 velit,
170 2595 199 2646 et
216 2607 286 2666 qnae
308 2588 428 2666 proemio
446 2589 556 2666 pieteti,
572 2608 644 2667 quac
664 2609 765 2668 poenae
785 2589 926 2667 impietati
945 2588 1083 2667 posuerit,
1098 2606 1164 2664 qna
1177 2595 1283 2662 muron,

87 2679 132 2738 pro
153 2675 255 2728 natura
275 2687 375 2728 rernm
398 2668 609 2746 temporalium,
633 2687 745 2749 temper
766 2689 832 2730 cum
855 2669 1020 2729 conditione
1039 2666 1199 2728 voluntatis
1221 2667 1286 2743 ejus

86 2740 274 2824 intelligendae
290 2756 367 2824 aunt,
382 2749 432 2826 qui
445 2757 541 2827 potest
554 2758 641 2826 prout
658 2749 794 2828 expedire
812 2749 934 2828 judicat,
950 2748 999 2808 vel
1011 2749 1102 2808 vitam
1117 2747 1285 2808 contrahere

87 2821 136 2898 plia
157 2825 194 2884 od
215 2828 349 2908 ipsorum
373 2829 504 2904 salutem,
529 2828 579 2888 vel
602 2829 698 2907 impiis
725 2829 882 2907 producere
905 2829 945 2888 ad
967 2827 1130 2907 graviorem
1157 2827 1286 2905 ipsorum

89 2919 243 3077 ἪΠ.
267 2989 354 3049 Licet
373 2989 511 3068 possibile
529 2989 632 3050 fuisset
651 2991 729 3050 hunc
742 2990 793 3050 vel
812 2989 893 3048 illum
908 2986 1020 3079 diutine
1031 2986 1140 3060 virere,
1155 2985 1186 3044 in
1200 3004 1286 3078 renen

92 3058 183 3142 dimo,
204 3079 234 3130 et
254 3069 386 3148 seposito
400 3069 458 3130 Dei
477 3069 602 3146 decreto,
617 3077 716 3128 tamen
735 3069 767 3126 in
787 3088 874 3128 senen
894 3075 1063 3144 composito,
1084 3072 1165 3124 etex
1179 3063 1289 3122 decreti

91 3138 240 3224 hypothesi,
265 3169 388 3210 neeesse
408 3157 470 3210 erat
489 3157 523 3210 ut
542 3169 577 3210 ao
601 3150 666 3208 loco
687 3156 717 3207 et
736 3157 874 3226 tempore,
898 3154 928 3206 et
951 3165 986 3205 eo
1009 3143 1096 3203 modo
1120 3150 1288 3202 moreretur.

93 3217 218 3294 Quemvis
232 3231 364 3289 taurus
384 3231 540 3290 moriturae
560 3248 619 3288 non
640 3228 750 3303 misse,
774 3228 799 3286 ei
820 3225 952 3286 Christus
965 3225 1035 3284 dum
1050 3221 1210 3300 agrotabat
1222 3241 1289 3282 eum

92 3299 241 3386 naiman
264 3318 366 3370 umen
386 3309 429 3369 ite
450 3309 590 3369 divinitus
613 3315 675 3368 eret
695 3307 896 3382 constitutum,
917 3313 951 3366 nt
971 3303 1104 3365 Christus
1118 3302 1241 3379 abesset,
1257 3310 1290 3361 ut

93 3393 246 3450 moreretur.

128 3461 217 3528 xlx.
237 3471 368 3529 Tantum
382 3469 465 3529 obeat
478 3477 511 3529 nt
525 3467 668 3529 certitudo
688 3468 755 3528 finia
769 3476 799 3528 et
812 3473 934 3527 eventus
947 3465 1032 3528 tollat
1045 3463 1247 3524 necessitatem
1261 3471 1291 3522 et

95 3555 168 3602 utum
179 3549 350 3624 mediorum,
365 3557 398 3609 ut
412 3569 446 3608 ea
460 3557 603 3627 supponat
623 3549 728 3627 potina,
744 3549 813 3626 quia
827 3547 884 3607 Dei
904 3546 1022 3606 decreto
1040 3545 1112 3606 talia
1131 3543 1227 3604 media
1247 3543 1290 3600 in-

98 3619 186 3684 tfituta
198 3638 267 3689 tunt
282 3628 320 3686 cd
340 3629 538 3690 fintnritionem
551 3628 614 3690 rei:
636 3628 719 3688 Licet
733 3628 868 3688 Enechia
887 3633 1044 3704 prorogata
1057 3624 1160 3684 inisset
1174 3623 1243 3698 vita,
1259 3629 1292 3682 ut

97 3694 128 3756 tle
139 3721 170 3761 ee
182 3705 316 3768 dubitare
337 3729 395 3768 non
415 3717 523 3786 poscet,
545 3727 604 3767 non
624 3707 691 3767 ideo
711 3708 812 3768 debuit
832 3707 930 3768 cibum
949 3705 1107 3784 negligere,
1126 3701 1179 3762 ned
1193 3709 1293 3761 contra

98 3773 185 3844 debuit
203 3788 369 3848 anbmrure
389 3789 445 3848 hec
465 3789 496 3846 in
516 3796 598 3866 parte
618 3787 739 3848 coneilio
760 3787 837 3848 Dei:
851 3787 910 3846 ·Sic
931 3785 1000 3846 Act.
1022 3783 1117 3841 xxvii.
1139 3784 1187 3855 24,
1211 3779 1292 3838 Deus

100 3855 177 3920 vitem
195 3867 324 3927 omnium
345 3875 488 3946 quotquot
507 3869 538 3926 in
551 3867 621 3926 navi
641 3876 723 3928 erant
743 3867 863 3926 dederat
878 3865 979 3940 Panlo,
995 3873 1092 3922 tamen
1111 3879 1177 3919 cam
1197 3867 1297 3951 naute

101 3937 194 4003 Vellent
207 3965 237 4007 ae
252 3947 423 4024 subducem,
439 3947 511 4007 dicit
519 3946 680 4040 Apostolus
690 3947 867 4020 Centurioni,
882 3943 938 4003 net
949 3941 1104 4032 manserint
1117 3939 1170 4013 isti,
1184 3957 1295 3996 emon

103 4021 1109 4183 tttttttltttttttttt‘tttttttttlitt
1120 4015 1296 4155 iiiiii

104 4189 152 4234 non
170 4183 205 4243 ait
221 4186 408 4262 collocanda3
430 4205 484 4246 nec
505 4205 617 4246 cessare
638 4186 747 4245 debent
767 4183 811 4241 illi
831 4182 869 4240 ab
886 4199 982 4272 opere,
997 4177 1067 4269 quia
1086 4174 1228 4269 nesciunt,
1242 4195 1296 4234 nec

104 4269 165 4328 ⁰P¹¹⁸
176 4273 217 4324 eat
229 4275 264 4326 nt
277 4267 379 4341 sciant,
395 4266 465 4344 quid
480 4266 561 4325 Deua
575 4265 612 4324 de
626 4266 688 4324 vita
698 4263 746 4322 vel
759 4269 853 4321 morte
864 4279 935 4338 agn
949 4263 1148 4330 constituent;
1166 4261 1297 4314 nocuum

104 4343 142 4392 ‘tl
152 4337 238 4404 fecere
251 4345 332 4423 quod
346 4345 437 4405 nostri
451 4353 496 4405 eat
510 4344 605 4419 officii,
621 4353 651 4404 et
662 4345 726 4403 Deo
740 4349 878 4400 eventum
892 4337 1088 4411 committere3
1113 4333 1145 4393 Si
1157 4333 1298 4394 terminus

107 4410 164 4474 rit„
180 4425 306 4486 nondum
326 4425 458 4502 acceaait
479 4424 633 4484 benedicet
652 4421 797 4496 remediis,
820 4429 849 4479 ct
869 4418 906 4478 iic
926 4425 1024 4477 utetur
1044 4415 1082 4474 ad
1102 4413 1189 4474 finem
1213 4432 1297 4472 auum

106 4489 286 4566 obtinendum.
330 4505 383 4565 Sin
403 4503 543 4564 cliterdc
560 4523 596 4563 eo
617 4501 760 4578 statuerit,
782 4500 889 4562 frustra
909 4504 995 4558 erunt
1015 4503 1092 4554 antea
1113 4493 1231 4570 Medici,
1247 4493 1299 4552 ced

108 4565 192 4638 fetent
204 4590 299 4644 tamen
313 4583 364 4642 ille
378 4584 503 4644 officium
518 4603 612 4643 cunm.

142 4651 209 4719 XX.
230 4663 314 4723 licet
334 4661 412 4723 tinne
427 4664 466 4723 ait
479 4662 548 4722 vita
568 4662 731 4738 Terminus,
752 4661 827 4720 bene
850 4667 947 4722 tamen
969 4673 1069 4734 precer
1091 4673 1143 4734 pro
1165 4651 1300 4731 longave
