3250 5176
183 387 295 434 Qumer.
311 373 368 454 nr]
688 395 727 434 nn
743 394 882 436 escenso.
1329 374 1386 431 est

182 530 330 626 hincinde
341 533 486 612 colligere.
523 533 597 610 Quia
608 543 705 594 tamen
715 534 837 626 subinde
842 534 912 627 yffi
923 533 1000 625 docti
1011 551 1076 592 cum
1088 532 1194 626 quibus
1204 531 1251 590 hie
1262 529 1388 625 agimus,

181 615 847 771 tlttttttttlttmtsttllt
867 615 1181 770 ttffftptttt
1199 612 1387 750 iiiiii?

181 773 275 850 tacite,
288 774 337 834 vel
350 773 437 834 etiarn
451 782 549 852 aperte
563 781 592 834 et
606 773 722 832 disertis
732 773 838 848 verbis,
854 773 1093 850 improbaverint3
1116 773 1182 830 Non
1196 771 1248 830 abs
1262 791 1293 830 re
1306 769 1384 830 futu-

182 870 245 912 rum
259 864 311 928 est,
328 855 352 912 si
366 855 466 932 paucis
480 874 566 932 quam
581 874 598 913 a
612 873 682 912 vero
696 853 830 912 aberrent
842 852 995 930 probatum
1009 851 1181 912 dederimus.

221 932 309 992 XLI.
332 934 417 992 Hanc
432 933 520 994 fuisse
536 933 650 995 Calvisi
662 934 833 994 senentiam
851 933 944 992 multa
963 931 1095 1010 probant.
1138 931 1221 990 Licet
1235 929 1311 990 enim
1325 949 1384 988 non

181 1011 288 1088 ubique
302 1013 499 1089 imputationis
512 1013 686 1072 mentionem
708 1013 802 1088 saciat,
818 1013 934 1090 quando
948 1011 985 1071 de
1005 1020 1123 1090 peccato
1137 1011 1272 1103 originali
1292 1009 1383 1086 loqui·

180 1099 235 1166 tur,
252 1092 314 1151 sive
328 1093 397 1168 quia
410 1093 537 1152 nondum
558 1093 609 1151 illa
622 1093 652 1150 in
666 1094 891 1154 controversiam
904 1093 1071 1168 vocabatur,
1087 1093 1150 1150 sive
1163 1110 1232 1168 qma
1245 1089 1385 1150 adversus

180 1171 326 1229 Albertum
339 1173 470 1248 ΡὲρΙιίιιηι
483 1181 513 1234 et
522 1173 698 1232 Ambrosium
714 1173 901 1233 Camerinum
915 1173 1090 1250 disputabat,
1105 1173 1154 1249 qui
1169 1179 1259 1232 tetam
1273 1169 1385 1247 peccmi

180 1249 330 1326 originalis
354 1261 487 1312 naturam
511 1252 574 1312 sola
600 1252 787 1330 imputatione
815 1253 900 1331 primi
927 1253 1038 1330 peceati
1062 1251 1246 1325 definiebant,
1274 1249 1384 1308 nullam

179 1329 366 1390 inhaerentem
387 1333 597 1410 corruptionem
617 1341 816 1410 agnoscentes,
839 1333 889 1392 ubi
910 1332 1030 1410 proinde
1051 1352 1110 1390 non
1130 1332 1173 1390 illi
1194 1328 1384 1388 laborandum

179 1409 234 1469 fuit
254 1410 285 1468 in
307 1411 455 1486 probanda
475 1413 671 1490 imputatione,
693 1433 780 1490 quem
801 1414 892 1472 solam
913 1412 1109 1489 agnoscebant
1130 1409 1310 1483 Adversarii,
1332 1408 1384 1468 sed

178 1497 290 1550 tantum
305 1491 334 1548 in
349 1491 503 1550 asserenda
516 1492 581 1551 labe
595 1493 769 1553 inlrserente:
791 1492 875 1552 facile
889 1501 985 1552 tamen
999 1501 1044 1550 est
1057 1491 1208 1550 ostendere
1222 1509 1281 1548 non
1299 1489 1381 1564 igno·

177 1578 236 1628 tarn
251 1568 349 1646 fnisse,
365 1571 416 1630 sed
437 1571 586 1648 probatam
601 1593 712 1634 surrnno
727 1572 799 1630 Viro
820 1572 906 1630 istam
920 1571 1089 1630 doctrinam.
1132 1571 1229 1630 Psuee
1242 1588 1259 1628 e
1272 1567 1381 1641 multis,

177 1649 353 1724 quaeafferri
373 1660 502 1728 possunt,
524 1652 588 1712 loca
609 1651 720 1712 damus
762 1652 798 1709 In
817 1651 940 1710 formale
960 1649 1155 1710 Confessionis
1173 1649 1242 1710 fidei
1260 1648 1297 1706 ab
1319 1647 1383 1723 ipso

179 1730 348 1806 conscripta,
372 1731 418 1790 eui
441 1751 471 1790 se
493 1731 673 1808 adstringere
696 1739 831 1792 tenentur
851 1751 951 1790 ornnes
973 1730 1096 1790 studiosi
1119 1729 1243 1807 publice
1269 1727 1382 1786 Schola

175 1808 378 1880 ¹Genevensis:
411 1811 586 1870 “Confiteor
605 1831 720 1872 emnem
743 1820 871 1874 nostram
892 1810 1112 1888 corruptionem,
1134 1818 1164 1870 et
1184 1809 1256 1870 vitia
1276 1806 1382 1885 quibus

178 1887 350 1966 laboramus,
366 1890 433 1950 inde
447 1889 628 1969 profluxisse,
638 1891 716 1970 quod
727 1891 826 1950 Adam
840 1891 999 1951 communis
1012 1891 1161 1950 hominum
1175 1897 1258 1968 pater
1271 1907 1324 1948 sue
1337 1907 1381 1946 re·

177 1966 302 2027 bellione
317 1989 380 2030 sese
394 1991 412 2028 a
426 1971 489 2028 Deo
503 1971 650 2047 alienavit,
666 1981 695 2032 et
708 1972 777 2032 vitae
798 1971 995 2046 bonorumque
1009 1971 1137 2030 omnium
1151 1970 1229 2028 lente
1244 1966 1382 2026 derelicto

178 2066 241 2106 sese
256 2049 389 2108 omnibus
402 2051 526 2110 miseriis
539 2052 698 2110 obnoxium
711 2051 788 2111 fecit.
824 2051 888 2125 Quo
902 2051 943 2125 fit,
958 2059 991 2110 ut
1004 2051 1113 2126 singuli
1126 2057 1281 2110 nascantur
1294 2045 1381 2122 origi-

178 2126 237 2184 nali
257 2137 376 2204 peccato
395 2129 502 2204 inlecti,
518 2139 548 2192 et
561 2131 599 2190 ab
619 2132 682 2208 ipso
700 2131 801 2190 matris
818 2139 900 2192 utero
919 2129 1074 2204 maledicti,
1090 2138 1120 2188 et
1133 2149 1151 2188 a
1165 2129 1228 2188 Deo
1243 2125 1380 2200 damnati

178 2225 236 2266 non
257 2217 373 2285 propter
393 2209 518 2270 alienum
539 2209 677 2270 delictum
696 2210 846 2286 dunensi,
869 2209 921 2268 sed
944 2217 1060 2286 propter
1079 2208 1300 2286 improbitatem,
1316 2224 1381 2281 qnae

178 2283 254 2344 intra
268 2307 317 2346 eos
331 2291 404 2350 est.”
432 2291 471 2349 Et
485 2299 519 2350 tr.
535 2289 675 2351 adversus
690 2291 935 2350 Franciscenum:
952 2291 1079 2348 “natura
1093 2297 1206 2348 eternae
1221 2284 1380 2346 damnatio·

179 2364 223 2422 nis
237 2366 366 2427 haeredes
380 2389 487 2444 sumus,
502 2370 638 2446 quoniam
653 2391 736 2429 omne
757 2371 915 2430 humanum
934 2388 1026 2445 genus
1040 2370 1070 2426 in
1085 2367 1182 2426 Adam
1197 2363 1381 2426 meledictum

178 2446 252 2504 est.'’
295 2448 333 2506 Et
353 2457 461 2525 postea,
479 2452 496 2483 “
509 2449 640 2510 Dicimus
664 2451 757 2510 Deum
775 2451 856 2527 justo
873 2449 984 2526 judicio
1005 2448 1090 2506 nobis
1110 2448 1141 2506 in
1155 2447 1271 2506 Adamo
1291 2445 1381 2504 male·

178 2523 296 2601 dixisse,
312 2547 345 2588 ec
359 2529 486 2588 voluisse
500 2549 554 2590 nos
567 2530 605 2590 ob
626 2529 704 2590 illius
724 2539 873 2607 peecatum
888 2537 1037 2606 corruptos
1056 2528 1146 2602 nasci,
1167 2536 1201 2590 ut
1221 2528 1251 2586 in
1266 2523 1381 2586 Christo

178 2603 398 2666 instauremur.”
442 2610 482 2668 Et
496 2610 648 2687 Responsi.
664 2609 702 2668 ad
713 2609 879 2670 calumnias
893 2608 1046 2668 nebulonis
1059 2608 1095 2668 de
1110 2608 1225 2668 occulta
1239 2607 1295 2666 Dei
1310 2605 1381 2664 Pro·

178 2683 326 2744 videntia:
351 2687 465 2761 “Quod
486 2689 511 2748 si
526 2690 620 2750 Deum
635 2698 744 2750 naturae
765 2690 881 2766 legibus
904 2689 1045 2766 subjicere
1059 2689 1112 2748 tibi
1134 2688 1313 2766 prepositum
1326 2693 1379 2761 est,

177 2763 329 2839 injustitiae
348 2785 414 2823 cum
434 2766 594 2843 damnabis,
616 2769 694 2845 qnod
716 2770 754 2827 ob
774 2770 861 2830 unius
881 2767 1006 2827 hominis
1024 2769 1138 2846 eulpam
1153 2787 1253 2828 omnes
1267 2775 1381 2827 aeterna

177 2842 279 2900 mortis
299 2851 380 2902 reatu
401 2852 556 2906 teneantur.
572 2847 713 2924 impliciti.
756 2848 893 2910 Peccavit
907 2867 992 2920 unus,
1011 2867 1111 2908 omnes
1129 2847 1167 2905 ad
1187 2865 1302 2924 poenem
1323 2855 1380 2906 tra·

177 2922 298 2997 huntur;
314 2941 407 2999 neque
418 2923 449 2982 id
457 2924 552 3001 modo,
565 2925 616 2984 sed
627 2945 663 2984 ex
676 2928 762 2986 unius
771 2927 844 2986 vitio
855 2927 1055 3002 contagionem
1067 2946 1168 2986 omnes
1177 2927 1379 2987 contrahunt.”

178 3001 218 3059 Et
232 3003 338 3077 statim,
356 3002 451 3060 “Etsi
465 3023 496 3062 se
510 3012 540 3062 et
554 3024 621 3064 suos
635 3006 760 3082 perdidit
771 3005 878 3080 Adam,
893 3005 1104 3081 corruptionem
1116 3012 1212 3064 tamen
1226 3013 1255 3064 et
1268 3011 1379 3064 reatum

177 3101 281 3140 arcano
297 3082 351 3140 Dei
366 3081 477 3160 judicio
492 3083 654 3144 adscribere
669 3105 788 3144 neeesse
802 3092 854 3159 est,
870 3084 939 3162 quia
951 3084 1024 3142 nihil
1038 3085 1074 3142 ad
1089 3103 1142 3142 nos
1156 3085 1241 3142 unius
1255 3083 1380 3142 hominis

177 3161 269 3238 eulpa,
291 3161 347 3220 nisi
368 3181 422 3220 nos
442 3163 568 3222 coelestis
581 3163 683 3224 Judex
704 3173 810 3224 aeterno
831 3163 921 3224 exitio
941 3162 1096 3237 addiceret,
1112 3160 1168 3221 &a
1211 3161 1297 3220 Unde
1318 3163 1380 3222 haec

176 3241 311 3318 conditio,
334 3248 367 3302 nt
387 3263 445 3302 nen
466 3243 559 3302 selum
580 3243 786 3320 temporalibus
805 3243 937 3316 miseriis,
960 3242 1011 3302 sed
1033 3241 1119 3302 morti
1136 3261 1252 3318 quoque
1266 3249 1380 3301 aeteram

177 3318 266 3380 sinsus
290 3321 418 3396 obnoxii,
434 3322 491 3380 nisi
503 3323 572 3398 qnia
591 3323 717 3382 hominis
730 3324 816 3382 unius
830 3323 915 3399 eulpa
930 3323 1009 3380 Deus
1030 3322 1061 3380 in
1074 3339 1254 3380 communem
1269 3329 1379 3382 reatum

178 3417 231 3456 nos
252 3402 415 3478 conjecit?”
459 3403 495 3460 In
510 3403 616 3462 Erech.
638 3402 720 3461 xviii.
743 3405 791 3478 20,
809 3402 871 3460 “Si
892 3409 1037 3478 quaeratur
1050 3420 1138 3460 censa
1158 3400 1377 3476 maledictionis,

178 3496 242 3553 quse
263 3480 402 3542 incumbit
415 3482 550 3541 omnibus
570 3483 693 3560 posteris
708 3482 791 3556 Adae,
816 3481 921 3540 dieitur
942 3500 1005 3540 esse
1028 3481 1154 3540 alienum
1176 3490 1334 3557 peecatum,
1350 3489 1379 3540 st

178 3557 316 3634 cujusque
330 3562 493 3638 proprium
516 3561 664 3636 Alienum,
679 3561 748 3638 quin
770 3562 820 3622 ubi
834 3560 939 3620 defecit
953 3559 1050 3620 Adam
1065 3581 1083 3618 a
1097 3561 1169 3634 Deo,
1184 3561 1215 3616 in
1230 3562 1292 3637 ejus
1313 3581 1376 3636 pcr-

177 3655 250 3696 sona
270 3647 362 3698 totum
386 3640 543 3700 humanum
565 3661 657 3718 genus
678 3642 834 3718 spoliatum
854 3640 909 3700 fuit
931 3639 1104 3700 reatitudine
1125 3639 1377 3716 et¹intelligentia3

178 3715 290 3776 Deinde
310 3727 450 3794 corruptae
470 3729 537 3780 sunt
557 3741 658 3780 omnes
678 3722 781 3779 sunna
803 3729 907 3796 partes,
932 3721 972 3780 ita
992 3728 1025 3778 ut
1045 3719 1166 3794 quisque
1187 3719 1218 3776 in
1232 3719 1327 3794 seipso
1341 3719 1379 3776 sit

177 3795 335 3870 perditus.''
380 3799 467 3858 Plura
487 3808 555 3858 sunt
577 3799 748 3874 istiusmodi,
771 3809 801 3860 et
821 3799 850 3856 in
872 3799 968 3858 instit.
989 3798 1040 3856 lib.
1056 3798 1085 3856 ii.
1101 3817 1163 3874 cap.
1181 3801 1206 3872 l,
1222 3817 1246 3856 s.
1264 3801 1289 3871 l,
1306 3800 1333 3873 5,
1349 3807 1378 3856 et

177 3873 228 3931 lib.
249 3875 289 3934 iii.
304 3895 367 3952 cap.
381 3880 429 3950 23,
451 3897 473 3942 s.
495 3883 521 3952 l,
543 3887 572 3938 ot
591 3880 621 3938 in
641 3881 748 3940 Genes.
770 3880 810 3936 ix.
831 3881 879 3952 25,
900 3876 1009 3934 Homil.
1024 3876 1074 3934 liii.
1091 3877 1121 3934 in
1135 3877 1245 3944 Jobum
1260 3875 1320 3936 xiv.
1342 3877 1378 3934 ln

178 3952 466 4030 Rom.v.12etl'l,
488 3967 517 4016 et
536 3959 613 4034 alibi,
636 3979 701 4035 quae
721 3959 777 4016 huc
799 3956 916 4031 faciunt,
938 3976 1003 4034 quse
1023 3955 1174 4016 brevitatis
1195 3955 1291 4015 studio
1312 3956 1377 4014 mit-

176 4032 273 4092 timus.

215 4113 321 4172 XLII.
344 4113 429 4174 Hanc
450 4115 564 4176 Calvini
585 4117 756 4178 sententiam
770 4119 848 4176 Bere
866 4124 983 4176 secutus
997 4124 1049 4191 est,
1065 4123 1095 4176 et
1108 4115 1214 4194 saepius
1227 4114 1376 4176 confirma·

175 4192 227 4267 vit,
242 4193 272 4252 iu
287 4193 414 4272 Apolog.
435 4215 487 4272 pro
501 4197 523 4256 J
525 4196 726 4268 notificatione.
769 4200 787 4228 “
797 4197 866 4256 Tria
884 4203 952 4256 sunt
970 4215 1035 4272 qum
1055 4196 1201 4256 hominem
1216 4215 1296 4255 reum
1310 4215 1376 4254 con-

176 4270 298 4332 stituunt
312 4294 408 4333 coram
423 4275 495 4335 Deo.
520 4279 545 4335 l.
568 4276 661 4352 Culpa
680 4293 853 4353 promanans
874 4297 911 4336 ex
926 4295 960 4334 eo
979 4275 1058 4352 quod
1076 4295 1176 4335 omnes
1194 4275 1378 4352 peccavimus

177 4347 207 4404 in
224 4349 414 4428 Proteplasto,
431 4353 515 4414 Rom.
531 4375 560 4414 v.
579 4358 625 4414 12.
654 4359 682 4415 i.
705 4355 858 4432 Correptio
871 4375 935 4432 qum
950 4363 994 4414 est
1008 4373 1094 4431 poena
1111 4354 1194 4413 istius
1208 4354 1309 4430 culpa,
1325 4355 1376 4410 inr-

176 4427 270 4503 posita
291 4438 349 4488 tam
372 4431 495 4506 Adamo,
517 4453 604 4509 quam
624 4435 755 4510 presteris.
778 4439 805 4494 3.
830 4435 952 4494 Peccets
974 4453 1038 4509 qum
1062 4441 1225 4508 perpetrant
1246 4432 1377 4490 homines

176 4507 296 4565 adulti.''
340 4508 423 4566 Idem
445 4509 547 4570 fortius
569 4514 671 4572 asserit
694 4514 725 4572 in
744 4515 827 4574 Rom.
843 4535 871 4571 v.
890 4517 936 4587 lt,
951 4523 980 4572 et
999 4533 1058 4588 seq.
1084 4516 1101 4544 “
1115 4513 1180 4569 lluo
1203 4509 1377 4570 considerari

176 4585 282 4646 debent
297 4587 326 4644 in
340 4587 460 4662 originis
474 4599 601 4665 peccato,
617 4592 727 4650 licatus
741 4603 769 4652 et
784 4593 944 4668 (lorruptio,
960 4612 1025 4667 qrrm
1040 4601 1142 4650 utnon
1160 4597 1280 4665 possunt
1294 4609 1375 4666 sepa·

176 4666 239 4740 rari,
256 4665 396 4742 distingui
411 4675 506 4726 temon
522 4679 653 4729 accurate
665 4671 798 4744 debent,’'
816 4671 869 4732 ete.
906 4673 966 4730 Nee
981 4671 1037 4728 alia
1051 4671 1104 4728 suit
1120 4689 1199 4728 niens
1214 4689 1312 4728 eorum
1327 4669 1377 4746 qui
