3044 5180
215 359 276 418 286
672 371 923 422 nocusousnrua
1227 351 1420 436 [cossura.

211 517 272 576 rius
285 522 338 592 est,
352 513 432 594 quod
446 531 512 575 cum
527 514 608 575 Deus
627 515 679 593 qui
699 514 800 575 omnm
815 515 848 574 in
866 533 923 576 aaa
936 514 1028 576 ‘mter
1047 523 1199 594 potestate,
1222 515 1294 576 sciat
1313 517 1420 576 condi-

210 599 320 658 tionem
334 595 421 655 talem
433 613 583 673 uunquam
596 594 731 672 futuram,
745 599 846 674 utpote
859 612 948 673 quam
960 596 1026 674 ipss
1036 613 1098 655 non
1110 595 1249 673 demerit,
1273 597 1331 655 dici
1352 615 1421 656 non

208 685 307 757 potset
319 673 431 754 aliquid
443 675 498 736 sub
511 674 564 736 illa
577 675 742 735 conditione
755 675 938 752 decrevisse3
958 673 1033 735 nihil
1050 675 1128 735 enim
1151 673 1226 754 dnm
1245 685 1343 756 petest
1361 677 1421 736 ab·

208 756 334 832 surdius,
345 775 434 834 quam
448 764 575 816 statuere
589 757 685 816 Deum
698 755 852 816 decernere
869 755 982 834 aliquid
1000 756 1056 816 sub
1076 755 1251 836 conditione,
1271 774 1358 836 quam
1378 775 1424 818 aa

207 838 273 916 ipso
286 843 433 896 momento
446 855 505 914 quo
519 835 648 896 decernit
661 837 718 896 scit
728 853 876 914 nunquam
889 837 1040 915 impletum
1053 835 1099 896 iri.

206 951 209 954 -
251 916 325 978 XV.
346 915 488 992 Quamvis
502 917 655 976 Decnnn
667 916 943 996 partcobjoctomm
966 933 1044 996 scope
1067 915 1264 978 conditionem
1288 917 1422 995 aliquam

209 995 369 1072 includant,
383 1015 443 1056 non
456 995 593 1056 desinunt
605 997 763 1057 formaliter
775 1005 806 1056 et
818 996 850 1055 in
864 1015 895 1056 se
908 1013 973 1057 esse
986 997 1139 1074 absoluta3
1158 997 1230 1075 quis
1242 993 1371 1057 conditio
1386 1007 1424 1057 et

211 1076 441 1136 conditionatum
453 1077 582 1154 pendent
593 1077 812 1138 immutabiliter
825 1096 843 1137 a
854 1077 983 1154 Dso,vel
995 1075 1092 1156 quoad
1101 1077 1375 1156 permissionem,ut
1386 1079 1423 1136 in

211 1157 304 1234 malis,
320 1156 370 1216 vel
383 1155 481 1235 quoad
494 1155 682 1234 effectionem,
697 1165 731 1217 ut
742 1157 775 1215 in
786 1156 881 1217 bonis.
1165 1229 1169 1236 ¹

208 1269 211 1274 -
251 1235 343 1296 XVI.
364 1237 490 1296 lentim
518 1237 601 1298 abest
620 1243 653 1296 nt
673 1231 711 1296 ad
729 1237 879 1297 hominnm
902 1236 1099 1314 mutationem,
1123 1237 1205 1297 Deus
1225 1254 1280 1298 sne
1299 1236 1424 1297 damete

209 1325 311 1393 mutet,
334 1324 368 1377 nt
391 1325 492 1376 contra
511 1317 606 1376 omnis
625 1317 677 1376 ills
695 1317 837 1376 laetorum
861 1317 1052 1377 humanorum
1074 1317 1197 1377 mutatio
1217 1318 1359 1394 procedat
1379 1335 1423 1377 ex

208 1406 318 1456 aeterum
331 1405 362 1457 et
375 1396 559 1457 irrevocabili
572 1397 629 1456 Dei
643 1397 767 1473 decreto,
782 1399 834 1475 qui
846 1397 902 1458 hoe
915 1397 1003 1457 modo
1018 1397 1173 1474 exequitur
1192 1395 1274 1475 quod
1292 1405 1423 1458 evenus-

208 1495 274 1536 rum
287 1495 340 1554 per
352 1473 558 1554 promissiones
569 1485 601 1536 et
614 1477 852 1537 comminationes
866 1477 1053 1538 decreverat:
1075 1477 1136 1538 Nec
1157 1475 1332 1538 sententiam
1352 1495 1422 1537 mn·

208 1565 253 1615 tst
265 1555 390 1634 priorem
403 1556 538 1632 precibus
551 1556 673 1635 piorum,
688 1557 741 1616 sed
754 1577 806 1636 per
819 1557 885 1618 illas
897 1557 909 1616 i
930 1575 977 1617 sas
990 1575 1098 1636 preces,
1109 1557 1188 1636 quod
1201 1557 1332 1618 totunm
1347 1571 1421 1616 cen-²

208 1637 342 1718 stituerat
355 1635 488 1713 perducit
505 1635 544 1696 ad
567 1637 687 1696 exitum.
730 1637 778 1697 Ita
801 1657 891 1716 quum
909 1577 998 1698 iesus
1019 1646 1114 1698 mutat
1136 1655 1202 1716 quse
1224 1637 1302 1714 iecit,
1326 1655 1422 1716 quum

207 1714 312 1774 adimit
321 1715 432 1774 homini
439 1715 530 1775 vitem
544 1735 631 1794 quam
639 1717 767 1794 dederat,
778 1737 869 1796 quum
876 1717 1000 1778 destruit
1006 1718 1146 1778 mumdum
1154 1735 1242 1795 quem
1256 1725 1419 1796 creaverat,

207 1794 271 1854 heco
284 1795 405 1855 nunno
419 1804 465 1855 cst
477 1796 509 1854 in
522 1795 609 1856 rebus
627 1817 687 1856 non
699 1797 731 1858 in
746 1799 819 1876 Dec,
831 1815 899 1856 narn
912 1797 950 1858 ah
961 1806 1068 1858 emmo
1081 1797 1211 1858 decrevit
1219 1797 1307 1856 istam
1321 1797 1419 1857 iacere

206 1875 404 1950 mutationem,
419 1882 450 1935 et
462 1876 519 1934 nisi
538 1876 629 1952 fieret,
642 1877 793 1939 decretum
805 1877 844 1937 de
856 1875 988 1938 facienda
1000 1879 1059 1938 ista
1070 1877 1231 1938 mutatione
1244 1887 1420 1938 mutaretur.

248 1955 358 2016 XVII.
380 1955 477 2016 locus
491 1957 578 2016 Num.
593 1957 654 2018 xiv.
670 1960 717 2034 30,
732 1959 785 2019 nbi
799 1959 879 2018 Deus
892 1977 944 2037 per
955 1959 1068 2018 Mosem
1078 1965 1256 2036 protestatur
1266 1957 1421 2017 israelitas

207 2055 267 2095 non
279 2036 436 2096 intraturos
449 2036 480 2095 in
494 2043 608 2114 terram,
624 2055 711 2115 quem
732 2039 792 2098 illis
802 2040 968 2116 J'mnmento
987 2039 1166 2116 momiseret,
1188 2038 1276 2098 docet
1296 2037 1421 2116 quidem

206 2115 355 2176 solennem
376 2115 596 2194 promissionem
609 2116 714 2178 factam
728 2117 816 2178 fuisso
830 2138 849 2177 a
857 2118 921 2178 Deo
930 2117 975 2176 illi
987 2119 1104 2198 populo,
1118 2113 1324 2178 introducendi
1334 2119 1421 2178 illum

205 2194 238 2253 in
259 2204 366 2254 terram
381 2195 506 2272 Ganmn,
523 2196 574 2257 sed
598 2199 653 2256 sub
677 2199 842 2259 conditione
865 2199 997 2275 obsequii
1015 2198 1182 2276 praestandi,
1203 2215 1264 2275 qua
1283 2209 1421 2258 cessante

206 2274 339 2334 cessabat
352 2276 505 2352 promissio
519 2285 736 2338 etcontractus.
778 2279 838 2340 Sed
847 2297 953 2338 nonar
993 2277 1144 2356 ’aliqued
1157 2277 1247 2338 lirisse
1267 2277 1420 2338 decretum

205 2351 438 2414 conditionatum
452 2354 489 2414 ds
502 2355 561 2416 illis
575 2357 810 2435 introducendis;
834 2357 898 2419 Imo
912 2367 946 2418 ut
979 2365 1127 2418 eemvsrat
1139 2358 1228 2418 talem
1246 2359 1418 2436 promissio

206 2451 274 2494 nem
282 2433 386 2510 iacere,
398 2434 440 2494 ita
454 2435 515 2495 suis
529 2436 670 2497 decausis
684 2437 771 2497 edm
782 2439 971 2498 constituerat
984 2434 1064 2497 illem
1073 2438 1194 2499 istorum
1203 2439 1420 2498 mumadam

206 2513 381 2592 permittere,
396 2522 427 2575 et
439 2515 518 2575 illius
532 2517 726 2594 generationis
740 2515 892 2578 individua
904 2536 964 2576 non
982 2518 1165 2578 introducere
1178 2517 1209 2576 in
1228 2527 1336 2578 terram
1349 2539 1419 2596 pro·

206 2595 335 2654 musam.
388 2594 502 2656 Deinde
523 2605 558 2656 nt
596 2597 729 2656 remissio
749 2597 826 2656 faeta
838 2597 894 2658 fuit
915 2598 996 2676 genti
1009 2599 1040 2656 in
1054 2599 1208 2674 communi,
1222 2615 1284 2658 non
1296 2617 1421 2658 neceam

205 2683 252 2735 est
264 2683 299 2735 ut
318 2675 434 2752 singule
455 2677 520 2753 ejus
544 2675 552 2690 “
597 2675 695 2736 'vidus
716 2677 859 2754 respiciet,
881 2685 915 2736 ut
936 2678 968 2736 in
988 2677 1048 2737 illis
1067 2678 1240 2756 impleatur3
1263 2675 1373 2738 sufficit
1386 2689 1421 2738 ut

206 2755 346 2894 {piem
360 2755 476 2894 dzmum
490 2773 525 2815 ea
534 2775 600 2834 quse
610 2755 648 2814 ad
659 2765 826 2836 sequentem
838 2757 1054 2836 generationem
1063 2757 1255 2838 perimebant,
1267 2759 1299 2817 in
1309 2759 1421 2837 quem

231 2855 247 2895 s
268 2835 312 2894 uit
325 2837 365 2894 im
397 2836 448 2895 eri.

249 2857 385 2974 xvnff
399 2915 482 2975 Licet
494 2914 686 2994 proprietates
698 2916 870 2995 respectiva
884 2918 949 2994 Dei,
964 2917 1067 2995 quales
1085 2925 1156 2978 mmt
1168 2918 1370 2978 misericordia
1390 2927 1421 2981 et

202 2995 327 3072 justitia,
343 3004 506 3074 supponant
520 2995 558 3055 sd
571 2996 617 3055 sui
630 2997 801 3076 exercitium
814 2997 845 3080 in
859 2998 973 3075 objecto
986 2998 1063 3058 circa
1076 2998 1154 3076 qnod
1167 3007 1331 3076 versantur,
1346 3017 1420 3078 qma·

207 3075 320 3136 litatem
333 3077 468 3154 aliquam,
483 3084 555 3155 puta
566 3076 712 3136 miseriem
726 3085 757 3137 et
775 3085 925 3156 peceatum
938 3099 945 3139 ι
975 3074 1042 3137 Νοιι
1056 3079 1187 3156 seqnitur
1198 3088 1356 3157 propterea
1367 3080 1419 3140 de-

208 3163 318 3216 cretum
332 3156 412 3233 quod
423 3156 458 3216 fit
472 3157 509 3216 ds
521 3158 671 3218 hominum
693 3158 794 3235 saluts,
809 3157 858 3217 vel
878 3157 1070 3234 damtione,
1091 3177 1155 3218 esse
1175 3157 1419 3236 conditionatum,

207 3234 1098 3396 tttttt‘tttt‘ttdttsttltttts”tt
1110 3239 1420 3398 illidi-ism

248 3390 344 3451 XIX.
366 3393 512 3470 Quicquid
525 3396 632 3456 dicitur
651 3397 793 3458 adversus
813 3399 938 3458 Decreta
957 3397 1161 3475 conditionate,
1183 3399 1292 3458 dicitnr
1310 3400 1421 3480 pariter

208 3479 309 3531 contra
328 3470 508 3531 voluntatem
531 3475 756 3552 hypotheticam,
772 3478 842 3554 quia
863 3477 961 3538 nullus
985 3477 1074 3538 datm
1093 3487 1177 3539 actius
1193 3477 1358 3540 voluntatis
1381 3481 1420 3540 de

207 3549 295 3610 rebus
309 3557 392 3609 exus
406 3569 437 3610 se
460 3551 573 3629 mairia
589 3555 641 3630 qui
664 3573 723 3613 non
743 3555 845 3617 induat
866 3559 1012 3618 notionem
1032 3558 1159 3636 decreti;
1183 3558 1271 3620 Unde
1285 3579 1346 3620 non
1359 3560 1418 3619 els-

207 3631 316 3690 buntur
329 3629 380 3708 qui
403 3631 511 3691 omissa
523 3651 595 3692 voce
620 3633 728 3694 decreti
751 3636 948 3714 conditionsti,
970 3638 1095 3698 retinent
1114 3647 1212 3698 nmen
1235 3640 1418 3701 volmarsen

208 3711 443 3789 hypotheticam
465 3711 543 3772 idem
563 3715 648 3790 enim,
670 3724 781 3775 mutato
802 3725 914 3778 mntem
932 3719 1057 3794 nomine,
1072 3718 1183 3779 dicunt
1238 3719 1332 3781 Plura
1350 3720 1419 3780 ride

209 3809 315 3933 2¹1)sz
321 3789 404 3935 1ῧέιί
404 3795 480 3934 7321oe
458 3791 683 3937 Ἥ
693 3793 730 3856 de
743 3797 868 3858 Samae
882 3799 984 3876 medic,
999 3806 1030 3860 et
1043 3798 1152 3876 Queat
1168 3799 1261 3862 XVI.
1275 3801 1353 3864 thes.
1370 3803 1416 3878 le,

239 3893 264 3932 e.

672 4114 867 4193 eumerio
888 4117 945 4176 ιν.

368 4275 582 4344 semmae
594 4277 1130 4353 affssmsnemracsaees
1151 4277 1266 4340 snm.

250 4432 275 4492 1.
297 4433 425 4507 Quaestio
438 4437 566 4514 agitatm
584 4437 660 4497 inter
674 4437 736 4497 Nos
749 4445 778 4497 st
792 4437 967 4514 Pelagianos
979 4455 1014 4497 ac
1029 4439 1280 4518 Semipelagianos
1295 4441 1417 4501 Veteres

208 4519 241 4569 st
255 4511 362 4588 Notos,
379 4514 429 4592 qni
452 4525 486 4575 nt
506 4517 620 4576 facilius
645 4516 760 4576 Idolum
782 4515 879 4577 Liberi
900 4517 1025 4578 Arbitrii
1042 4519 1199 4596 stabiliant,
1213 4521 1416 4582 necessilatem

207 4607 307 4726 plerum
318 4611 355 4650 ex
371 4593 495 4654 Decreto
508 4605 539 4656 et
554 4596 740 4659 Praescientis
751 4605 868 4676 negant,
884 4617 970 4676 quem
986 4607 1151 4661 constanter
1164 4611 1299 4663 asserum
1312 4599 1415 4664 otene

228 4687 287 4728 om.
1031 4695 1033 4700 ’
