3158 5190
217 330 255 389 92
689 339 779 382 noces
794 339 953 382 saturnus.
1205 319 1328 400 [ouasr.
1342 341 1434 382 vm.

255 484 315 544 XI.
339 485 366 542 7.
389 479 463 558 Quia
483 479 560 540 siV.
575 476 609 538 T.
631 480 669 539 ed
682 480 861 538 Christianos
881 497 940 537 uon
960 476 1092 556 pertinet,
1113 496 1173 535 non
1194 480 1301 555 poterit
1321 481 1436 539 solida

213 562 328 643 probari
349 561 487 620 adversus
501 558 622 620 Judaeos
634 559 739 618 desum
754 559 900 617 Christum
914 556 1094 615 Nazarenum
1107 575 1173 614 esse
1193 577 1296 616 verum
1310 560 1435 618 Messi-

213 663 277 718 am,
299 641 377 720 quod
389 639 505 698 nonnisi
518 658 569 716 per
585 637 769 696 collationem
784 637 996 713 seripturarum
1016 644 1046 694 at
1066 636 1195 716 sbragato
1215 636 1433 698 characterum

213 721 415 800 praedictorum
435 719 465 776 in
479 719 547 776 Vet.
562 718 641 776 Test.
655 715 692 775 de
713 717 831 791 Massia
853 723 883 773 et
902 714 1085 791 Impletorum
1106 717 1136 774 in
1150 717 1227 774 Jesu
1240 724 1340 775 nostro
1360 717 1434 776 sub

214 801 299 858 Novo
319 798 382 856 fieri
404 805 508 874 potest,
531 805 564 855 ut
585 796 640 854 hoc
656 814 715 853 non
735 795 824 854 semel
847 813 864 851 a
885 794 999 852 Christo
1020 802 1049 853 et
1070 793 1223 870 Apostolis
1242 797 1430 872 praestitum,

214 880 285 938 Luc.
307 878 389 935 xxiv.
411 880 459 949 27,
481 879 538 950 44;
561 874 628 932 Act.
644 895 673 932 x.
689 877 737 949 43,
753 883 783 932 et
797 873 868 932 xvii.
886 875 931 946 ll,
954 881 983 931 et
1004 873 1086 930 xxvi
1109 877 1167 949 223
1197 873 1284 931 Rom.
1307 874 1349 932 iii.
1364 878 1429 934 21.

214 959 274 1016 Neo
284 964 420 1033 potarunt
431 954 454 1013 J
455 954 531 1012 udaai
544 954 648 1012 erroris
662 952 803 1028 convinci,
816 958 845 1010 at
858 951 895 1009 ad
905 949 992 1010 fidem
1002 950 1125 1029 adduei;
1140 951 1209 1030 quia
1221 951 1303 1011 aliud
1310 953 1428 1031 prinei-

212 1036 292 1114 pium
306 1055 365 1093 non
378 1041 547 1111 agnoscunt.

401 1177 406 1188 Ι
496 1111 574 1170 XII.
598 1109 654 1170 Per
667 1110 772 1186 Legem
790 1109 982 1185 etPropletas
996 1109 1046 1186 qui
1060 1108 1222 1169 debuerunt
1241 1109 1347 1169 durare
1366 1130 1424 1169 us-

228 1178 432 1281 raphaea..
454 1209 511 1268 qus
525 1189 563 1248 se
576 1191 751 1265 Jonannem,
763 1188 869 1247 Mate.
884 1189 924 1246 xi.
939 1190 984 1264 11,
996 1208 1056 1246 non
1069 1188 1253 1264 intelligendi
1267 1197 1336 1248 sunt
1348 1189 1427 1248 rin-r

345 1266 351 1278 ’
454 1270 492 1328 V.
508 1269 541 1328 Τ.
557 1286 713 1346 eorumque
726 1267 859 1342 duratio;
883 1267 941 1326 Sed
955 1267 1110 1326 mosomio
1128 1269 1160 1325 V.
1177 1269 1210 1326 T.
1224 1267 1334 1326 collata
1351 1288 1425 1327 cum

213 1347 373 1406 oeconomia
385 1347 469 1422 Novi,
480 1367 602 1425 quarum
615 1347 667 1406 illa
679 1355 742 1405 erat
756 1345 936 1423 Prophetica,
951 1345 1008 1404 ista
1022 1344 1215 1423 Evangelica;
1232 1346 1286 1403 illa
1299 1346 1422 1405 umbra-

213 1428 272 1486 tilis
286 1435 315 1484 at
329 1427 426 1502 typica
439 1446 504 1503 quae
518 1427 703 1504 promittebat
717 1425 855 1484 Messiam
869 1423 1064 1483 exhibendum
1076 1447 1084 1500 3
1101 1426 1162 1482 Ista
1175 1425 1293 1484 clareat
1307 1435 1420 1502 aperta

213 1526 278 1583 quaa
291 1505 484 1564 annunciabat
498 1505 637 1565 Massiam
650 1503 831 1564 exhibitum:
853 1503 985 1562 Christus
999 1523 1068 1580 ergo
1082 1503 1155 1562 duos
1168 1505 1240 1562 istos
1254 1504 1359 1562 modos
1371 1525 1419 1564 re-

212 1584 365 1643 velationis
379 1586 454 1644 inter
468 1603 499 1644 se
512 1583 685 1644 conferendo
699 1581 778 1658 dicit,
799 1583 924 1660 primurn
944 1601 995 1659 per
1008 1584 1155 1664 πςοφιπιίιν
1168 1581 1288 1642 durasse
1303 1591 1418 1643 numm

212 1661 1420 1820 11111111111111111111111111111111111111

327 1787 335 1818 ,
1411 1777 1418 1788 .

234 1823 324 1880 issea
360 1823 456 1880 ohann
475 1867 482 1882 .

214 1842 234 1898 p
254 1822 358 1960 XIII.I
372 1841 472 1976 Quume
481 1900 617 1979 Apostoli
631 1899 765 1960 dicuntur
773 1897 903 1957 Misictri
914 1897 1046 1974 Spiritu,
1060 1917 1117 1958 non
1127 1898 1241 1973 Literoe,
1257 1902 1276 1956 2
1292 1897 1359 1958 Cor.
1375 1900 1418 1958 iii.

214 1983 241 2055 5,
258 1983 285 2056 6,
300 1987 352 2057 per
365 1982 494 2040 Literam
506 2000 565 2039 non
578 1980 779 2056 intelliguntur
792 1977 859 2037 libri
872 1978 910 2037 V.
921 1978 954 2036 Τ.
970 1979 1053 2055 quasi
1066 1978 1164 2037 nullus
1177 1978 1302 2055 amplius
1317 1997 1418 2036 eorum

212 2079 283 2118 usus
297 2079 360 2118 esse
375 2059 500 2135 deberet,
516 2079 581 2120 cum
594 2067 691 2118 tamen
705 2059 812 2136 passim
825 2057 884 2116 illis
904 2065 1041 2134 utantur;
1064 2057 1116 2117 sed
1130 2057 1306 2117 Oeconomia
1321 2057 1417 2134 Lega-

213 2139 250 2198 lis
265 2139 500 2198 contradistincta
514 2137 708 2215 Evangelicae,
723 2156 789 2214 quae
809 2136 908 2195 multis
927 2136 1022 2196 modis
1042 2136 1085 2194 illi
1104 2145 1231 2214 praestat,
1246 2155 1307 2194 non
1327 2137 1418 2196 modo

213 2218 323 2276 ratione
337 2217 475 2276 claritatis
489 2225 519 2274 at
532 2217 739 2293 amplitudinis,
755 2216 807 2274 sed
827 2216 970 2292 precipue
984 2214 1094 2275 ratione
1109 2215 1250 2291 afficaeioe,
1266 2215 1336 2292 quia
1356 2235 1416 2274 non

212 2305 325 2354 tantum
335 2295 420 2372 jubet
433 2305 463 2354 et
475 2296 598 2370 imperat
610 2294 735 2352 officium
749 2303 782 2353 ut
796 2295 867 2369 Lex,
884 2293 1035 2353 sedetiam
1050 2304 1192 2372 operatur,
1206 2314 1259 2372 per
1275 2294 1417 2373 Spiritum

215 2373 324 2448 Legem
338 2371 520 2430 inscribendo
534 2373 565 2428 in
578 2372 722 2431 cordibus.

253 2450 343 2510 XIV.
366 2450 458 2510 Aliud
471 2459 516 2508 est
530 2452 715 2508 VetanFoedua
728 2452 905 2526 antiquaam
918 2470 981 2510 esse
995 2451 1091 2528 quoad
1104 2454 1217 2511 modum
1230 2451 1416 2512 adminstra-

213 2530 304 2604 tionis,
318 2538 349 2587 et
361 2529 459 2606 quoad
472 2528 632 2587 accidentia
650 2528 773 2604 foedaris,
790 2529 852 2589 sive
867 2531 1097 2590 observationem
1111 2539 1260 2590 externam
1274 2531 1416 2609 appendi-

211 2627 276 2667 cum
297 2607 398 2666 foederi
418 2627 614 2684 annexamm3
636 2608 714 2684 quod
736 2608 844 2668 Paulus
864 2610 975 2686 asserit,
991 2610 1069 2670 Heb.
1083 2611 1144 2670 viii.
1161 2613 1215 2686 13;
1238 2610 1332 2670 Aliud
1346 2630 1416 2670 vcro

211 2687 307 2762 quoad
320 2707 381 2745 ram
393 2689 620 2746 adminrmam
633 2697 662 2746 et
676 2687 874 2764 substantiam,
896 2709 947 2748 sen
960 2689 1102 2749 internam
1115 2689 1231 2749 foeden's
1245 2691 1338 2768 ipsius
1358 2690 1416 2749 sor-

211 2766 602 2924 maXVllurolliddgddluldqui
621 2844 657 2904 da
671 2845 773 2922 vigore
793 2845 1027 2906 caeremoniarum
1040 2847 1079 2906 V.
1094 2847 1128 2906 Τ.
1143 2846 1192 2906 vel
1207 2846 1296 2924 Legis
1311 2866 1413 2906 secun·

210 2922 280 2982 dum
294 2924 375 3002 illas;
398 2924 490 2985 Aliud
504 2926 540 2985 de
554 2925 713 3000 duratione,
735 2933 765 2985 at
778 2925 941 3003 cognitione
956 2945 990 2985 ac
1003 2926 1189 2986 meditatione
1202 2925 1342 2986 librorum
1359 2928 1413 2987 La·

210 3004 257 3082 gis
270 3012 300 3064 et
314 3005 531 3084 Prophetarum.
554 3005 639 3082 Quod
652 3005 782 3064 umbram
796 3013 908 3064 tantum
920 3006 1009 3064 habat
1021 3005 1183 3066 futurorum
1196 3004 1339 3066 bonorum
1353 3025 1413 3064 non

209 3084 335 3161 pertinet
355 3085 394 3145 ad
416 3084 602 3162 Christianos,
627 3085 677 3163 qui
700 3085 807 3144 habant
828 3104 993 3163 expressam
1014 3103 1109 3145 rerum
1129 3083 1294 3162 imaginem,
1316 3085 1416 3162 quoad

204 3166 327 3239 praedm
341 3173 371 3225 et
383 3167 600 3225 observationem
612 3189 622 3224 :
640 3173 736 3242 potest
749 3174 845 3223 tamen
859 3165 1001 3241 pertinere
1015 3164 1112 3241 quoad
1125 3165 1283 3224 doctrinam
1300 3175 1329 3223 et
1344 3184 1413 3241 cog-

209 3243 356 3319 nitionem,
372 3253 402 3304 et
422 3245 590 3304 relationem
603 3244 640 3302 ad
652 3247 693 3306 riv
707 3245 793 3303 111111.
837 3245 900 3303 Imo
921 3264 958 3302 ex
973 3243 1125 3304 collatione
1139 3245 1249 3304 umbra
1269 3251 1299 3302 et
1313 3243 1414 3303 formae

440 3324 446 3336 ¹
614 3325 619 3336 ¹
650 3324 656 3337 ¹
777 3325 787 3353 7

209 3323 883 3478 8)(11111811111111111ξ11111111ή1ρ111111111111811
897 3411 996 3460 contra
1011 3402 1124 3462 Mosam
1138 3411 1168 3462 et
1187 3402 1251 3480 ipsa
1264 3410 1410 3480 precepta

211 3478 308 3555 Legis,
319 3478 371 3537 sed
384 3480 446 3556 agit
458 3481 554 3558 potius
568 3481 752 3556 interpretem
767 3489 796 3539 et
806 3481 950 3542 vindicem
962 3481 1058 3560 Legis,
1071 3483 1247 3560 corruptelas
1258 3489 1288 3540 et
1301 3481 1411 3559 glosse-

209 3566 287 3616 mata
306 3577 371 3634 quae
391 3577 409 3616 1
428 3559 599 3619 Iudaeorum
620 3559 766 3636 magistris
786 3559 890 3618 inferta
909 3569 993 3622 arant
1012 3563 1042 3620 in
1064 3561 1173 3640 Legem
1194 3559 1361 3638 rejiciendo,
1382 3570 1414 3620 et

208 3637 390 3776 {llamdnitpri
404 3657 456 3697 auo
475 3647 505 3699 et
523 3639 649 3717 genuino
670 3639 767 3700 sensui
784 3639 983 3718 restituend03
1004 3649 1037 3702 ut
1051 3641 1199 3720 sigillatim
1213 3635 1413 3700 videbimini

221 3737 274 3776 oco
308 3739 324 3777 e
366 3737 381 3776 a
403 3737 429 3777 a.

248 3798 356 3857 XVII.
379 3737 518 3873 (gluamvis
541 3797 689 3876 Scriptura
708 3799 746 3859 N.
761 3799 795 3858 T.
811 3801 941 3875 perfica
955 3799 993 3860 sit
1007 3801 1144 3876 1111111111,
1160 3799 1257 3878 quoad
1270 3799 1411 3859 doctrinae

208 3877 341 3938 saluteris
356 3877 545 3938 substantiam
557 3898 564 3952 ;
585 3896 644 3936 non
658 3886 754 3938 tamen
768 3879 834 3938 talis
851 3887 896 3938 est
912 3881 1058 3954 extentae,
1072 3879 1169 3957 quoad
1183 3899 1296 3939 omnam
1313 3880 1411 3938 Rava-

206 3955 322 4016 lationis
336 3957 442 4016 divinae
455 3957 637 4017 latitudinem
648 3979 655 4032 ;
671 3959 739 4036 quia
751 3959 880 4036 loquitur
893 3967 1005 4018 tantum
1019 3959 1055 4018 de
1070 3959 1184 4018 Christo
1199 3959 1339 4035 exhibito,
1351 3979 1410 4017 non

206 4055 276 4095 vero
290 4037 326 4096 da
340 4057 374 4097 eo
389 4037 561 4112 exhibendo,
576 4037 655 4115 quod
668 4038 825 4097 testimonii
839 4058 931 4115 ganus
944 4039 1129 4098 utilissimum
1139 4038 1195 4098 fuit
1207 4037 1411 4098 confirmanda

206 4113 274 4174 fidei
287 4138 294 4175 :
317 4118 387 4176 Ideo
407 4116 545 4194 perfactio
558 4117 696 4176 librorum
715 4117 752 4177 N.
767 4118 801 4177 T.
815 4137 874 4175 non
893 4117 1022 4177 excludit
1035 4139 1120 4178 usum
1132 4119 1271 4177 librorum
1286 4119 1325 4177 V.
1347 4126 1410 4177 tum

207 4194 277 4269 quia
299 4215 330 4255 se
351 4197 437 4256 inniti
459 4203 602 4256 testantur
621 4198 660 4256 V.
675 4197 730 4274 T.;
759 4203 821 4257 tum
841 4199 910 4274 quia
931 4198 1064 4258 iteratum
1085 4198 1210 4276 plurimu
1230 4197 1350 4257 testium
1373 4197 1411 4257 de

207 4272 306 4330 eadem
327 4294 358 4334 ra
378 4277 575 4335 testimonium
593 4277 718 4336 validius
739 4285 784 4337 ast
803 4285 935 4356 respectu
952 4278 1054 4356 nostri,
1075 4277 1189 4338 etfacit
1208 4277 1247 4336 ad
1264 4279 1408 4358 majoram

206 4349 271 4406 fidei
287 4361 392 4411 nostrae
406 4356 556 4426 ὶνφιίλιιιν.
1411 4405 1414 4408 .

244 4429 371 4490 XVIII.
394 4434 478 4508 Quod
491 4437 572 4495 nullo
585 4434 671 4494 modo
686 4435 785 4495 datum
798 4435 853 4495 fuit
867 4456 885 4494 1
899 4436 1024 4512 Christo,
1039 4455 1094 4495 nee
1107 4437 1238 4496 meditate
1251 4457 1304 4495 nee
1314 4437 1412 4496 imme-

206 4507 290 4582 diate,
306 4508 336 4566 id
350 4530 408 4570 non
421 4513 546 4589 pertinet
559 4515 597 4572 ad
606 4515 793 4574 ChrIstianos.
838 4515 896 4575 Sed
911 4517 974 4574 Lex
988 4535 1053 4594 quae
1068 4515 1136 4575 data
1148 4516 1204 4575 fuit
1216 4536 1268 4593 per
1283 4515 1409 4592 Mosam,

206 4585 274 4646 deta
292 4589 379 4648 etiam
397 4591 452 4651 fuit
471 4593 630 4668 tenuato,
650 4614 702 4672 per
722 4595 835 4656 Mosam
850 4603 882 4655 ut
902 4615 1059 4672 servuma
1080 4595 1193 4656 Christo
1213 4605 1245 4655 ut
1265 4595 1412 4658 Domino:
