3158 5190
139 363 253 415 suast.
269 341 341 426 xm]
625 361 664 403 oa
680 361 851 404 sonrrnuss.
1291 349 1348 411 105

138 504 279 566 Lectione
295 507 333 564 12
348 503 387 563 de
404 503 579 562 Punctorum
592 503 770 580 antiquitate,
785 503 859 562 bens
874 502 1026 579 obseruat3
1051 504 1158 571 Quoad
1174 525 1281 582 sonum,
1297 507 1346 584 ait,

136 597 164 646 et
177 589 314 660 merens,
336 586 434 644 nullus
447 583 590 660 separeris
601 585 637 642 ab
650 585 757 660 osipine
763 585 855 658 fisisse
863 593 972 660 puncta
986 592 1013 643 et
1025 593 1161 660 assentiis,
1176 589 1228 644 sed
1240 596 1348 646 tantum

136 667 237 744 quoad
247 666 331 742 εἰφια
345 673 373 722 et
386 665 572 722 characteres.
614 663 653 721 Et
674 663 848 742 paulopost,
869 664 984 722 Vocates
996 665 1119 738 fitensi
1131 685 1232 724 cooeeee
1251 687 1346 726 conso·

137 747 269 804 motus
282 747 383 821 quoad
394 743 450 802 vim
463 745 632 802 subrectam
655 753 683 801 et
694 763 783 819 roseos,
810 744 920 802 temeti
931 745 1025 820 apices
1039 753 1065 802 et
1076 746 1183 824 fipurce
1196 748 1231 804 de
1250 747 1348 823 quibus

135 827 245 902 aqi'tur,
260 827 350 883 iucem
364 832 431 882 tuno
455 823 586 900 tempore
599 825 722 882 medum
735 825 916 899 aspexissent.
959 824 1023 882 Imo
1037 823 1089 882 vix
1104 824 1228 884 dubiteri
1242 836 1346 904 potest,

134 905 265 979 vocales,
281 905 366 962 sinon
380 901 482 962 eedem
495 903 589 980 figura
602 921 659 980 que
672 921 748 962 nune
762 903 929 980 pinguntur,
944 903 1052 962 notulis
1065 912 1162 962 temen
1176 905 1349 982 quibusdam

135 985 203 1044 viee
227 991 403 1062 punctorum
419 982 586 1059 designatas
608 1001 679 1057 esse,
695 999 724 1041 v.
739 1002 769 1059 g.
784 1002 836 1060 per
847 982 947 1042 literas
967 1006 1011 1058 aue,
1035 992 1068 1042 ut
1088 983 1205 1061 quidam
1219 994 1347 1062 censent,

134 1085 204 1142 quse
219 1071 373 1142 propterea
385 1071 492 1120 matres
506 1062 627 1121 lectione
640 1061 782 1136 dicuntur,
792 1069 826 1121 ut
840 1070 936 1121 certus
949 1070 979 1120 et
987 1071 1122 1122 constans
1136 1072 1234 1142 posset
1247 1065 1348 1126 haberi

136 1143 268 1221 Spiritus
284 1143 315 1202 S.
330 1159 450 1218 ssnsus;
472 1141 523 1218 qui
537 1141 608 1200 elias
622 1161 640 1199 e
652 1161 731 1200 mere
744 1141 919 1217 Traditione,
945 1149 974 1200 et
997 1143 1145 1201 hominum
1167 1145 1347 1206 institutione

134 1243 171 1282 ae
186 1221 329 1281 memoria
349 1220 487 1298 pendens,
503 1219 587 1279 facile
600 1221 742 1298 potuisset
763 1220 904 1293 oblivioni
927 1221 1010 1297 tradi,
1036 1231 1065 1280 at
1088 1223 1260 1300 adulterari3
1282 1245 1347 1302 ques

135 1301 285 1362 sententis
299 1309 344 1360 est
358 1300 528 1360 Doctissimi
546 1301 676 1375 Wottoni,
693 1299 807 1378 Proleg.
823 1304 851 1376 7,
875 1300 913 1359 sd
927 1301 1004 1361 Bibl.
1021 1301 1208 1380 Polyglotta:
1229 1306 1282 1362 Ex
1294 1325 1347 1363 seu

135 1383 244 1459 inquit,
260 1390 287 1440 et
299 1382 447 1456 Majonem
463 1381 627 1440 Traditione
641 1400 693 1457 ope
706 1381 791 1438 snum
805 1381 952 1439 literarum
971 1401 1007 1442 uss
1024 1401 1088 1458 quse
1100 1391 1205 1441 matres
1226 1385 1348 1444 lectionis

135 1471 280 1522 veranne
293 1471 320 1519 et
332 1471 398 1519 ante
407 1468 578 1536 punctorum
591 1461 773 1520 investierunt
787 1463 847 1519 loeo
860 1460 998 1520 mochum
1019 1471 1110 1538 eant,
1131 1483 1200 1523 vero
1221 1464 1300 1523 lectio
1320 1473 1348 1524 et

132 1541 340 1620 pronunciatio
354 1549 519 1600 wmeuoto
525 1539 593 1616 ficit.

179 1621 280 1680 XIII.
302 1623 331 1679 4.
347 1619 447 1679 Gratis
469 1627 634 1698 supponunt
656 1618 826 1679 Adversarii
847 1619 926 1697 quod
946 1620 1126 1698 probandum
1148 1621 1211 1698 fuit,
1236 1622 1348 1682 Puncta

136 1719 242 1762 recens
264 1708 295 1760 et
316 1701 473 1759 humanum
495 1719 559 1758 osse
581 1699 740 1776 inventurn,
763 1699 846 1776 cujus
870 1701 1044 1759 contrarium
1071 1720 1177 1779 magno
1205 1722 1347 1762 consensu

137 1782 160 1840 J
162 1781 241 1840 udaei
262 1781 412 1854 hactenus,
434 1786 539 1857 prsetor
560 1797 649 1838 unum
672 1779 767 1838 Eliam
790 1778 932 1853 Lernam,
955 1781 1005 1856 qui
1026 1789 1093 1839 ante
1115 1801 1206 1840 snnos
1231 1789 1346 1842 centum

137 1861 226 1936 vixit,
253 1867 446 1934 ssserueruut,
470 1877 543 1935 quos
565 1859 613 1918 hic
635 1865 794 1935 sequuntur
814 1859 976 1935 complures
993 1859 1058 1918 Viri
1081 1860 1266 1920 Celeberrimi
1287 1870 1347 1920 tarn

138 1938 343 2016 Gmmmstioi
358 1957 444 2016 quam
459 1938 609 2016 Theologi,
634 1938 831 1997 Protestantos
853 1947 883 1997 et
898 1937 1050 2014 Pontificii,
1070 1940 1183 2014 Junius,
1204 1941 1346 2017 Illyrinre,

137 2021 510 2094 Reuehlinus,d1unsterue‚
528 2019 697 2092 Geoolesisss,
719 2017 874 2094 Poeninus,
897 2017 939 2075 M.
954 2018 1096 2092 therinus,
1113 2020 1247 2094 Poenus,
1267 2022 1346 2079 Deo·

137 2103 233 2174 dates,
249 2099 459 2176 Brouqthonus,
483 2098 611 2172 Mutuus,
629 2098 780 2173 Teiterius,
804 2097 930 2170 Boetius,
944 2097 1122 2173 Liptfootius,
1138 2098 1265 2157 maxims
1281 2117 1347 2176 pars

138 2179 302 2239 recentium
315 2178 538 2254 Theologorum‚
553 2185 583 2236 et
596 2176 647 2255 qui
668 2196 753 2236 omne
774 2185 912 2254 punctum
926 2176 1062 2236 videntur
1081 2178 1128 2236 hic
1149 2177 1251 2238 tulisse
1264 2180 1346 2237 Bux-

138 2260 217 2338 tosfii
228 2266 313 2336 peter
333 2266 363 2318 et
383 2257 468 2332 filius,
485 2257 541 2316 Ille
562 2258 592 2316 in
613 2277 665 2316 sua
679 2256 839 2332 Tiberiade,
856 2256 917 2316 Iste
931 2255 961 2314 in
975 2256 1149 2324 solidissimo
1171 2277 1255 2336 opere
1270 2258 1348 2336 quod

138 2339 278 2418 opposuit
296 2340 413 2396 Arcano
433 2338 627 2396 Punctotionis
646 2338 790 2396 Revelato.
832 2337 894 2396 Nec
916 2335 1032 2396 difficile
1053 2346 1130 2397 esset
1151 2338 1240 2396 variis
1261 2358 1347 2416 argu-

139 2419 247 2479 mentis
261 2419 338 2476 hane
352 2417 523 2477 sententiam
537 2415 714 2491 confirmare,
731 2416 755 2475 si
769 2416 800 2474 id
818 2435 895 2475 nuno
909 2435 1077 2494 ageremus:
1101 2417 1159 2476 Sed
1173 2437 1239 2477 oum
1252 2438 1346 2495 quass-

138 2499 181 2558 tio
195 2499 254 2558 ista
267 2497 364 2574 magis
377 2497 511 2556 videatur
524 2496 728 2572 Grammatico,
744 2515 831 2573 quem
845 2495 1030 2573 Theologics,
1046 2505 1173 2556 nostram
1187 2497 1268 2556 litem
1282 2517 1345 2556 eam

138 2579 277 2638 nolumus
291 2577 403 2636 faeere:
425 2575 524 2636 Verbo
538 2584 653 2635 notasse
668 2575 799 2651 sufficiat,
813 2577 954 2636 veriorem
975 2585 1004 2636 et
1024 2577 1160 2636 tutiorem
1174 2577 1258 2636 nobis
1272 2597 1345 2636 sem-

138 2658 310 2736 pervisum,
326 2656 365 2716 ed
378 2657 489 2716 Textus
512 2655 662 2733 originalis
676 2656 795 2715 αὖόιηιῦο
815 2654 955 2716 adversus
977 2656 1088 2734 qusevis
1110 2657 1294 2736 profanorum
1316 2665 1347 2718 et

138 2738 344 2798 hereticorum
361 2736 467 2796 csvilla
488 2744 594 2795 sertam
616 2743 780 2813 tectamque
803 2735 1037 2812 conservandam,
1053 2735 1091 2795 ed
1112 2745 1222 2796 eertum
1244 2737 1344 2796 immo·

137 2827 260 2895 tumque
284 2817 352 2876 fidei
374 2815 546 2894 principium
568 2815 811 2890 constituendum,
833 2815 914 2874 illurn
927 2835 992 2894 quae
1008 2816 1120 2875 Puncta
1141 2816 1261 2894 originis
1283 2836 1346 2876 esse

137 2899 247 2956 divinae
263 2896 373 2971 statuit,
387 2895 449 2955 sire
462 2895 548 2955 eaad
562 2896 676 2955 Mosem
690 2896 752 2955 sive
766 2895 804 2954 ad
818 2895 940 2954 Esdram
957 2896 1121 2973 Synsgogss
1136 2915 1248 2972 msgnae
1264 2895 1345 2953 Prin·

135 2978 233 3055 cipem
247 2977 426 3051 referentum
448 2983 534 3052 etque
543 2973 616 3036 adeo
624 2995 773 3054 perperam
783 2975 977 3034 Adverssrios
985 2993 1024 3034 ex
1031 2975 1161 3034 novitate
1171 2976 1347 3034 Punctorum

136 3057 258 3117 Codicis
274 3055 414 3116 Hebrani
428 3055 631 3116 authoritatem
645 3055 814 3134 impugnare
828 3053 913 3114 velle.

600 3293 795 3371 ounsmo
817 3293 895 3354 ΧΠ.

140 3458 184 3516 An
201 3457 310 3516 nexos
325 3456 487 3514 Hebrotcus
507 3454 658 3514 hodiernus
672 3463 730 3514 tam
744 3453 821 3512 eirca
834 3474 880 3514 res
894 3471 980 3530 quam
994 3454 1070 3514 eirca
1083 3454 1169 3514 veho
1185 3453 1226 3514 ito
1246 3455 1282 3514 sit
1294 3476 1346 3515 nu·

179 3537 316 3596 thatim
330 3545 357 3594 et
367 3533 538 3606 θιᾶπκυπος,
551 3544 583 3594 ut
595 3537 637 3594 od
648 3538 707 3610 ejus
720 3555 850 3612 nmmum
862 3533 1000 3594 unvero
1013 3554 1076 3610 quse
1086 3543 1185 3594 entant
1202 3536 1349 3596 Versiones

179 3617 236 3675 sint
249 3615 404 3691 myosota,
415 3625 442 3674 et
453 3616 539 3674 mnudi
551 3617 696 3691 deflectent
707 3617 873 3674 revocando
885 3613 962 3674 siut!
981 3615 1028 3673 Au
1036 3635 1102 3674 vero
1112 3615 1194 3674 liceat
1207 3616 1348 3674 lectionem

179 3717 268 3774 qssom
289 3695 459 3772 suppeditet,
480 3696 507 3754 si
525 3695 617 3753 nunus
638 3697 784 3753 commodo
797 3695 950 3770 judicetur,
966 3697 1101 3770 emerere,
1116 3704 1143 3754 et
1164 3714 1226 3753 eam
1247 3698 1292 3753 vel
1312 3714 1349 3753 er

185 3779 318 3835 Veterum
332 3778 523 3852 Interpretum
536 3773 690 3849 collatione,
705 3777 749 3832 oei
761 3777 928 3852 quandoque
941 3795 978 3834 ee
987 3775 1110 3850 proprio
1123 3774 1242 3850 judicio,
1258 3783 1285 3832 et
1294 3775 1347 3847 fa·

179 3859 284 3915 cultate
297 3859 463 3936 ποχωπικῇ
475 3856 626 3932 corripere,
641 3863 667 3913 et
680 3855 768 3914 oliam
781 3855 995 3915 commodiores
1007 3855 1087 3932 sequi
1093 3855 1108 3914 ἓ
1138 3851 1221 3912 Affir.
1243 3852 1327 3912 Prius
1338 3874 1348 3928 ς

180 3937 256 4016 Neg.
274 3935 433 3996 Posterius.

181 4097 205 4156 I.
228 4097 272 4158 Ut
281 4097 396 4155 Textus
412 4095 492 4155 Secri
506 4095 616 4154 uihnle
625 4093 792 4171 primarium
806 4101 851 4153 cst
864 4092 933 4151 fidei
946 4091 1172 4166 fundamentum,
1187 4089 1260 4147 nihil
1273 4090 1346 4149 anti-

141 4177 225 4255 quius
246 4175 305 4255 piis
330 4175 465 4235 omnibus
487 4195 550 4234 esso
573 4174 667 4250 debet,
693 4193 780 4251 quern
802 4181 835 4232 ut
861 4172 974 4231 illibata
1001 4179 1187 4229 conservetur
1208 4169 1348 4230 adversus

141 4277 237 4317 eornm
251 4255 405 4316 molimina
418 4255 468 4332 qui
482 4273 545 4314 eam
554 4255 603 4313 vel
616 4255 731 4332 penitus
739 4252 911 4326 convellere,
922 4252 970 4309 vel
984 4269 1155 4327 quocunque
1168 4248 1254 4308 modo
1268 4250 1346 4324 lebe-

140 4337 244 4397 Ieetars
259 4343 414 4395 conantur.
457 4335 493 4392 In
507 4353 573 4394 eum
581 4333 669 4393 finem
682 4331 849 4413 precedens
859 4331 922 4408 jem
936 4331 1069 4390 instituta
1082 4329 1136 4389 fuit
1145 4330 1348 4391 Controversia

140 4417 278 4477 adversus
295 4413 485 4489 Pontificios3
508 4414 552 4472 Eo
566 4414 652 4474 etiem
667 4421 779 4492 spectat
794 4410 922 4486 Qussstio
935 4410 1090 4488 proposita,
1112 4410 1142 4469 in
1156 4431 1214 4488 qus
1227 4411 1264 4469 ed
1277 4431 1346 4470 exe-

139 4519 200 4558 men
215 4503 377 4558 revocetur
388 4495 424 4552 R.
439 4503 469 4554 et
484 4495 520 4553 D.
530 4493 595 4552 Viri
610 4494 747 4560 Ludooici
756 4491 889 4569 Cappetti
900 4491 1050 4566 sententis,
1066 4491 1124 4568 qui,
1140 4499 1172 4550 ut
1187 4491 1347 4551 novitatem

139 4580 328 4648 Punetorum‚
346 4581 483 4650 tanquam
499 4594 597 4633 reeens
612 4574 843 4634 Masorsthsrum
858 4572 1016 4646 insontum,
1038 4573 1075 4632 eb
1088 4572 1214 4631 humans
1227 4571 1347 4648 proinde

135 4658 278 4722 numnis
293 4665 325 4718 et
340 4654 441 4715 labore
455 4653 622 4732 profectum,
638 4655 774 4716 acerrime
787 4652 1026 4733 propugnandam
1041 4651 1167 4728 suscepit
1188 4652 1218 4708 in
1232 4652 1348 4710 Arcano
