3158 5190
97 359 193 414 ot'tsr.
207 340 264 423 ru]
578 356 617 399 ss
632 355 802 406 summunt.
1245 343 1283 406 63

384 497 474 556 XVI.
496 497 628 576 Denique
646 517 696 558 acc
709 499 836 574 decipere
851 505 1013 574 potuerant,
1029 499 1083 558 etsi
1104 498 1284 578 volnissent;

111 559 157 606 Μ
166 561 305 618 mmm*
343 577 412 654 qnia
424 577 588 637 scribebant
600 597 659 637 non
672 575 709 636 de
722 578 809 637 rebus
828 577 947 638 remotis
967 587 997 638 ct
1016 577 1134 655 dissitis,
1150 587 1200 640 aut
1220 599 1286 657 quse

90 657 182 736 priscis
195 655 381 733 temporibus,
396 663 448 716 sut
460 675 525 734 quse
538 657 612 716 clam
626 665 656 716 et
668 657 786 718 remotis
799 656 914 716 arbitris
923 657 953 715 in
963 657 1071 734 angulo
1084 657 1182 735 aliquo
1195 667 1286 736 gestas

89 744 178 812 cana
198 743 286 814 prout
299 735 390 812 vulgo
402 736 572 814 impostores
585 735 688 811 solent,
703 755 740 795 ne
760 734 844 796 facile
864 736 977 814 possint
989 737 1131 798 mendacii
1149 738 1285 816 coargui:

89 815 142 874 Sed
160 834 194 874 es
212 813 386 892 referebant,
401 834 466 892 quse
479 815 530 874 illo
544 815 607 892 ipso
627 822 755 894 tempore
775 814 890 892 publice
903 824 935 875 et
947 835 1043 876 coram
1065 816 1142 892 Sole,
1158 816 1209 876 illo
1223 817 1287 894 ipso

87 894 145 954 loco
157 913 214 970 quo
233 891 408 970 scribebant,
424 894 583 972 etquidem
596 913 673 970 saepe
693 894 729 953 iis
743 892 909 954 videntibus
922 902 952 955 et
965 894 1149 956 audientibus
1162 895 1200 956 ad
1213 915 1286 973 quos

87 971 250 1048 scribebant,
280 972 471 1050 contigerant,
499 974 608 1051 quique
634 971 719 1032 facile
743 972 873 1032 fraudem
900 982 930 1034 et
956 974 1152 1053 imposturam,
1176 976 1202 1034 si
1228 994 1287 1052 qua

87 1051 187 1127 fuisset,
201 1058 335 1128 retegere
355 1060 496 1129 poterant.
540 1053 573 1112 Si
585 1071 655 1130 ergo
676 1071 731 1112 nec
749 1052 863 1130 decepti
881 1062 950 1113 sunt
968 1072 1022 1114 nec
1035 1054 1218 1132 deceperunt,
1232 1054 1285 1114 dn·

87 1131 158 1190 btum
170 1149 228 1190 non
241 1138 298 1206 est,
313 1131 384 1208 quin
397 1131 529 1190 divinum
542 1132 581 1191 sit
594 1151 692 1192 eorum
703 1131 920 1208 Testimonium,
935 1141 1022 1210 atque
1035 1132 1108 1194 adeo
1121 1133 1287 1196 authentica

86 1209 170 1268 omnis
183 1209 235 1268 dla
248 1208 383 1270 doctriua
395 1230 460 1288 qum
474 1230 513 1271 ex
526 1229 561 1270 eo
574 1211 681 1288 pendet
693 1219 723 1270 et
736 1211 787 1270 illo
801 1211 911 1272 nititur.

121 1287 225 1347 XVII.
248 1287 318 1348 Nou
331 1295 429 1366 potest
440 1290 472 1348 in
491 1288 612 1350 dubium
626 1290 733 1365 vocari,
748 1290 799 1348 An
820 1290 973 1368 Prophetae
987 1298 1017 1350 et
1030 1289 1167 1368 Apostoli
1179 1290 1287 1352 fuerint

85 1365 240 1442 aliquando,
254 1375 287 1427 st
300 1367 393 1427 libros
406 1367 573 1446 scripserim
585 1369 636 1460 pui
649 1369 764 1428 illorum
778 1387 841 1430 esse
860 1368 1003 1445 dicuutur,
1017 1371 1089 1447 quin
1102 1377 1185 1430 nutet
1197 1370 1288 1432 totius

86 1445 269 1584 Antipuitatis
287 1445 383 1522 fides,
404 1455 435 1508 et
455 1447 679 1524 Pyrrhoursmus
698 1447 916 1508 introducatur:
958 1449 1007 1509 Sic
1027 1448 1104 1508 enim
1123 1448 1231 1526 pariter
1250 1450 1287 1510 de

86 1523 155 1582 omni
174 1543 209 1584 us
221 1525 290 1584 aliis
304 1525 430 1604 scrIptis,
447 1545 513 1603 qum
533 1527 564 1586 in
584 1526 717 1586 manibus
737 1535 890 1588 versantur
909 1527 1036 1588 dubitari
1048 1529 1172 1606 poterit=
1214 1528 1287 1590 Cum

86 1611 171 1662 autem
184 1612 297 1664 certum
315 1605 354 1664 sit
366 1605 440 1666 tales
452 1605 543 1666 libros
556 1625 575 1664 s
588 1605 675 1666 certis
694 1605 863 1666 authoribus
882 1607 1005 1684 scriptos
1018 1605 1115 1682 fuisse,
1129 1607 1197 1684 quis
1210 1626 1288 1668 sanae

87 1681 181 1740 nantis
193 1702 252 1742 non
266 1683 427 1744 crediderit
439 1683 537 1762 potius
549 1683 672 1762 scriptos
685 1703 748 1744 esse
762 1685 799 1744 ab
812 1685 850 1746 iis
862 1704 985 1762 quorum
1005 1703 1110 1746 nomen
1122 1685 1287 1764 preferunt,

86 1761 155 1838 quod
168 1761 314 1822 Ecclesiae
328 1781 427 1824 omnes
442 1763 612 1822 Christianae
631 1763 740 1840 ubique
760 1764 889 1825 locorum
909 1771 1075 1826 constanter
1094 1764 1286 1843 crediderunt,

87 1839 119 1899 dc
130 1859 183 1917 quo
195 1841 278 1902 nulls
291 1859 424 1918 unquam
437 1849 489 1902 aut
501 1860 520 1901 a
531 1841 654 1918 Jndsis,
669 1849 721 1902 aut
739 1861 758 1901 a
777 1842 905 1920 Paganis
913 1851 997 1903 mota
1016 1844 1212 1904 controversia
1224 1843 1288 1922 tuit,

87 1929 112 1978 ct
123 1919 196 1996 quod
208 1920 425 1998 antiquissimis
437 1920 624 1999 temporibus,
640 1939 706 1982 cum
719 1940 755 1980 es
766 1920 804 1980 de
814 1940 845 1980 re
856 1929 993 1981 constare¹
1000 1930 1106 2000 posset,
1118 1923 1181 2000 jam
1190 1942 1288 2002 recep

86 2005 139 2056 tum
152 2006 202 2076 est,
216 2019 311 2078 quam
326 2019 344 2060 a
357 1999 487 2077 quolibet
499 1999 587 2093 clici.
648 2077 656 2092 ι
701 2078 708 2092 ⁸
819 2078 826 2092 ⁸
984 2079 991 2093 ·

89 2115 322 2244 ‘'hfttdu
342 2078 511 2218 cdliii
522 2076 1291 2236 dtttttttittflt‘ttffitttttttt

114 2232 222 2278 imm·
343 2237 515 2299 excutiatur.
564 2237 640 2298 Nam
667 2237 692 2296 si
719 2237 785 2314 quis
811 2235 885 2297 forts
911 2245 999 2314 neget
1025 2238 1140 2298 Mosam
1163 2257 1288 2316 unquam

91 2314 175 2394 inisse,
188 2318 236 2378 vel
249 2317 408 2378 authorem
420 2336 485 2378 csse
496 2316 637 2377 librorum
650 2316 701 2394 qui
714 2317 758 2375 illi
772 2315 981 2392 adscribuntur,
996 2317 1078 2377 nullo
1090 2317 1208 2394 negotio
1221 2337 1289 2378 con·

91 2393 225 2458 ducetur:
245 2405 316 2458 tum
329 2395 399 2474 quia
411 2415 469 2456 non
483 2395 538 2456 soli
558 2395 657 2456 Judaei
670 2405 700 2456 et
714 2394 870 2456 Christiani
890 2395 954 2474 ejus
973 2397 1173 2474 meminerimt,
1188 2396 1241 2458 ssd
1259 2405 1290 2459 et

91 2473 189 2550 profani
203 2476 371 2555 Scriptores
384 2495 442 2536 non
455 2475 559 2555 pauci;
581 2483 643 2535 tum
676 2475 726 2537 uia
738 2476 794 2535 hoc
807 2482 972 2536 constanter
991 2475 1133 2538 creditum
1146 2484 1192 2537 est
1204 2496 1223 2536 a
1235 2495 1288 2538 nu·

91 2555 383 2696 tt{till-lt,tentet
398 2554 1153 2696 ”smuttuutttututu
1161 2575 1291 2696 uu

93 2727 148 2801 nem
161 2720 189 2774 et
200 2714 273 2774 alios
284 2653 422 2790 blsiipluldm
435 2653 621 2789 extitissbe'ct
634 2653 788 2791 bbrbbraepui
801 2649 1019 2776 sorumemriomen
1031 2681 1188 2793 psaler'c'nt
1200 2713 1258 2776 scri
1278 2748 1289 2761 -

182 2792 456 2934 uuus
979 2735 1292 2855 r

94 2949 177 3024 speeie
187 2891 342 3013 debuisset
354 2971 373 3010 s
384 2951 408 3010 J
409 2949 500 3011 uulsis
509 2950 627 3029 aboleri,
642 2951 711 3028 quia
724 2950 767 3010 sic
779 2970 798 3011 a
812 2951 901 3029 Legis
911 2894 1072 3014 durissirlss
1086 2953 1206 3030 jugosa
1219 2951 1291 3012 libe·

94 3039 209 3091 meent:
228 3040 258 3092 et
271 3029 377 3091 nullus
396 3037 494 3090 umen
510 3030 613 3108 majori
633 3029 730 3092 studio
743 3037 774 3090 et
786 3030 850 3089 zelo
863 3030 901 3089 ab
914 3030 951 3089 iis
970 3037 1110 3107 exceptus
1122 3039 1168 3090 est
1180 3039 1211 3094 st
1223 3050 1291 3089 eon·

94 3117 219 3185 servatm,
234 3111 339 3172 nullus
352 3127 479 3186 unquam
492 3116 602 3170 tantam
616 3109 818 3169 authoritatem
832 3108 928 3168 subito
941 3115 1113 3168 consecutus
1126 3116 1179 3184 est,
1194 3116 1227 3169 nt
1240 3127 1293 3185 pro

96 3182 165 3262 lege
176 3187 274 3250 divina
288 3196 324 3250 et
335 3187 500 3266 Religionis
513 3207 614 3248 norma
626 3188 799 3264 haberetur;
820 3205 879 3246 non
892 3186 950 3246 alia
962 3205 1032 3247 sane
1046 3187 1082 3247 ds
1096 3203 1191 3264 causa,
1205 3205 1292 3264 quam

96 3281 128 3320 tx
140 3267 262 3330 utitatis
275 3267 332 3328 illo
346 3275 489 3330 contentae
501 3267 695 3346 persuasione.

131 3341 218 3406 XIX.
240 3347 389 3424 Secundo,
404 3347 430 3406 si
442 3347 508 3424 quis
521 3346 589 3406 inde
598 3347 736 3424 depulsus
746 3344 804 3406 alio
818 3364 849 3408 se
863 3344 990 3423 recipiat,
1000 3352 1030 3406 ct
1039 3344 1163 3407 fateatur
1176 3345 1292 3424 quidem

100 3420 198 3484 Mosam
211 3428 356 3503 extitisse,
370 3434 401 3487 et
413 3425 503 3488 libros
516 3426 567 3504 qui
580 3426 625 3486 illi
637 3425 803 3486 tribuuntur
815 3425 1038 3504 conscripsisse;
1061 3425 1120 3488 Sed
1129 3425 1218 3488 fuisse
1233 3426 1291 3486 Im·

101 3511 227 3576 postem
241 3515 271 3569 st
284 3505 478 3568 fabulatorem
491 3505 635 3584 insignem
648 3513 767 3582 asserat,
781 3505 832 3583 qui
844 3505 979 3568 inanibus
998 3505 1156 3567 mendaciis
1168 3514 1199 3566 et
1211 3505 1293 3568 falsis

101 3581 225 3662 prodigiis
244 3585 356 3666 populo
378 3584 536 3646 Ismblitioo
555 3585 733 3664 imposuerit,
757 3593 790 3644 ut
810 3604 876 3646 eum
900 3584 983 3663 Legi,
997 3605 1085 3663 quam
1105 3585 1292 3664 proponebat,

102 3667 177 3736 atque
193 3664 265 3726 adeo
289 3665 350 3726 sibi
373 3664 438 3759 ipsi
450 3665 726 3758 mancipsrctpnon
746 3663 843 3758 miuus
865 3663 951 3724 Iscile
973 3665 1176 3757 contrabitur,
1218 3664 1293 3756 llam

105 3905 193 3974 witti,
206 3902 353 3978 quomodo
366 3902 489 3981 insignis
502 3904 554 3962 illa
573 3903 714 3996 sapientia
726 3910 757 3962 st
769 3900 883 3965 eximiae
896 3902 1028 3979 virtnms,
1043 3902 1149 3981 quibus
1162 3907 1224 3960 tota
1233 3899 1296 3960 vita

107 3971 187 4038 idosis
197 3981 298 4058 radiat,
313 4001 380 4044 cum
393 3990 453 4042 tam
466 3981 591 4044 nefanda
603 3991 762 4060 impostura
781 3981 928 4043 conciliari
946 3989 1062 4059 queant,
1076 3979 1126 4039 rel
1138 3998 1198 4056 quo
1209 3985 1295 4056 pecto

106 4057 157 4112 tn111
168 4058 361 4121 adunabilem
375 4061 494 4139 legem,
509 4081 599 4139 aqua
611 4060 749 4140 quicquid
761 4061 832 4121 boni
851 4068 963 4120 caetera
975 4060 1138 4120 habuerunt
1157 4063 1295 4118 mutuatae

107 4143 174 4210 mi,
185 4155 247 4216 quas
254 4140 294 4202 sd
306 4140 394 4201 nnius
404 4141 461 4202 Dei
469 4141 591 4219 gloriam
596 4149 630 4201 ‘et
638 4139 739 4220 populi
747 4139 928 4202 sanctitatem
938 4137 1119 4216 respiciebat,
1130 4135 1296 4214 excogitare

108 4217 218 4305 lqltfftt
237 4229 270 4280 ut
289 4219 386 4282 fraudi
405 4229 436 4281 et
452 4220 618 4314 impostura
638 4240 698 4281 sua
719 4218 837 4280 iuvaret
880 4216 1002 4293 Deinde,
1025 4217 1052 4278 si
1073 4215 1212 4293 impostor
1229 4214 1295 4294 biit,

108 4305 199 4354 mmm
210 4307 254 4360 est
266 4319 318 4361 cur
331 4300 410 4360 viam
423 4299 544 4360 consilio
559 4319 612 4360 suo
624 4301 711 4378 plane
721 4296 894 4360 censariam
903 4305 1019 4358 secutus
1033 4295 1080 4372 sit,
1093 4313 1133 4355 ex
1139 4315 1200 4374 qus
1211 4295 1297 4357 facile

110 4364 228 4436 fatam
239 4379 373 4438 convinci
385 4380 488 4458 potuit.
530 4379 605 4440 Nam
619 4379 645 4439 si
657 4378 732 4440 falsa
744 4386 790 4438 est
802 4395 889 4454 quam
902 4367 1023 4437 utdtdt
1038 4375 1164 4440 narratio
1177 4375 1299 4454 originis

111 4451 206 4528 ²1¹tadi,
219 4457 289 4518 nihil
302 4458 416 4520 facilius
430 4458 485 4520 fuit
497 4477 584 4538 quam
594 4458 737 4520 mendacii
750 4476 816 4518 eum
830 4475 951 4535 arguere
964 4475 1002 4515 cx
1015 4457 1123 4536 enguc
1137 4456 1297 4534 generatio

113 4541 173 4586 Μ
184 4552 304 4614 numero,
319 4557 385 4616 quse
405 4538 443 4599 ab
463 4537 581 4598 Adamo
593 4539 633 4599 ad
651 4537 803 4614 diluvium,
818 4544 848 4597 et
861 4556 879 4598 a
892 4535 1004 4596 ddnvio
1016 4537 1055 4597 ad
1074 4535 1186 4598 exitum
1198 4535 1300 4613 populi
1365 4541 1369 4547 '

114 4619 147 4662 ‘¹
159 4609 280 4694 AEgypto
293 4627 486 4699 moensentur,
501 4617 644 4698 siquidem
654 4627 781 4695 tempore
791 4616 884 4680 Mosis
898 4635 1046 4696 superesse
1060 4617 1155 4680 adhuc
1168 4621 1301 4692 poterant
