3044 5180
102 377 196 430 eamr.
210 359 332 443 assur]
560 380 600 422 ns
614 373 673 424 oso
687 379 757 442 uno,
771 379 810 422 nr
824 382 923 424 sarno.
1223 367 1282 426 259

100 541 154 580 cunr
167 521 224 580 Deo
237 527 440 601 praesuppoaat
458 521 620 583 necessario
640 522 834 602 aequalitatem
854 522 991 602 potentie
1007 522 1178 601 essentialis,
1194 533 1281 605 atque

98 603 159 661 adeo
171 601 254 680 ipsius
268 603 411 662 essentiae.
452 602 513 662 Nec
527 603 623 663 obstat
636 603 716 683 quod
732 603 838 664 dicitur
850 605 1026 679 nihilsaccrc
1039 625 1059 664 α
1072 606 1170 682 achaeo,
1186 623 1215 666 v.
1233 609 1279 666 19.

101 681 156 741 Hoc
163 682 232 740 euim
240 682 371 742 ordinem
380 681 496 760 quidem
505 684 642 760 operandi
650 691 740 759 notat,
750 684 802 762 qui
815 685 945 761 sequitur
953 685 1083 744 ordinem
1094 685 1280 763 subsistendi,

99 761 142 820 aad
153 781 202 821 non
220 762 446 856 insapualitatem
467 764 600 825 assentire
619 764 669 824 vel
689 765 827 844 potentia
851 765 955 843 arguit,
971 765 1043 825 alias
1064 785 1124 825 non
1137 765 1282 828 diceretur

98 862 297 983 wldffimd.
312 922 357 982 Ab
370 923 476 983 anime
489 925 548 1001 piru
559 943 622 984 cam
635 925 733 1002 Paeo,
748 924 836 987 Joan.
850 945 881 986 x.
896 927 944 986 30.
977 927 1043 1005 Epo
1057 928 1182 986 etPater·
1194 947 1280 988 unum

93 1023 180 1077 sorta,
194 1001 271 1080 quod
283 1003 323 1062 ad
343 1004 477 1063 unitatem
497 1025 643 1066 consensus
662 1013 783 1081 tanturn,
799 1025 858 1065 non
878 1005 1012 1066 essentiae
1032 1007 1146 1082 referre,
1162 1017 1207 1068 eat
1219 1009 1280 1068 vim

93 1081 170 1141 lacere
183 1081 277 1142 verbis
291 1083 400 1144 Christi
411 1106 418 1160 ;
442 1087 469 1144 l.
484 1086 552 1163 quia
565 1087 602 1145 ab
615 1086 726 1146 unitate
739 1087 875 1164 potentiss
890 1087 1022 1147 Christus
1035 1088 1222 1148 ratiocinatur
1242 1089 1280 1148 ad

93 1163 214 1222 unitatun
227 1164 370 1240 essentiae,
380 1184 409 1222 v.
424 1167 472 1241 28,
488 1168 536 1243 29,
547 1186 612 1243 que
622 1166 680 1226 duo
694 1185 754 1226 non
767 1165 904 1226 differunt
913 1167 944 1226 in
956 1168 1019 1226 Deo
1031 1189 1038 1244 3
1061 1171 1089 1227 2.
1104 1169 1173 1246 quia
1180 1168 1280 1229 Judoei

92 1243 220 1302 Christum
242 1243 391 1338 lapidibus
413 1245 533 1340 obmere
553 1247 716 1323 voluerunt,
741 1263 801 1306 non
824 1247 862 1341 oh
885 1248 1025 1344 unitatem
1039 1248 1206 1324 voluntatis,
1228 1249 1280 1308 sed

91 1328 1280 1487 ltlttbttrtllitattttptthttmttbtltlbtttt

91 1483 286 1561 blasphemiam,
303 1485 453 1562 quiscum
467 1486 615 1562 sichomo,
630 1495 660 1546 te
674 1488 745 1547 iacis
759 1489 885 1564 Deum,''
896 1507 926 1548 v.
941 1491 989 1549 33.
1032 1492 1060 1549 3.
1076 1488 1207 1549 Christus
1217 1489 1277 1548 dic-

91 1571 141 1620 tun
152 1583 206 1622 non
219 1573 340 1624 revocat
353 1573 383 1624 et
396 1566 522 1644 corrigit,
539 1566 701 1628 sedaretur
720 1577 750 1628 et
763 1568 913 1628 confirmat
925 1568 1059 1628 versibus
1079 1570 1277 1647 sequentibus,

90 1651 240 1720 argumento
253 1646 348 1723 petito
362 1666 381 1704 a
395 1646 623 1724 Magistratibus,
639 1648 690 1724 qui
702 1657 843 1708 vocantur
857 1649 907 1707 Dii
920 1649 951 1707 in
964 1649 1119 1727 Scriptura,
1129 1648 1206 1709 unde
1217 1650 1277 1709 ool·

90 1721 144 1800 ligit
155 1744 208 1782 non
221 1733 338 1785 tanturn
351 1745 369 1784 a
382 1728 563 1804 comparatis,
579 1727 631 1787 sed
644 1727 731 1787 etiarn
745 1747 763 1788 a
775 1729 881 1788 mabors'
887 1732 929 1788 ad
940 1732 1052 1805 majam
1075 1730 1106 1789 Si
1121 1729 1276 1807 Magistra-

91 1811 128 1861 tus
140 1803 242 1880 politici
252 1813 397 1866 vocantur
408 1806 458 1865 Dii
470 1815 588 1886 proptor
597 1827 702 1868 munus
716 1808 834 1886 aliquod
847 1809 1004 1886 temporale
1013 1809 1084 1886 ipsis
1098 1829 1276 1886 concessum

91 1886 1278 2044 ttttttttttlttltztttffitbttltbtttbttltlt

91 2049 117 2101 ut
128 2042 204 2103 Pater
219 1985 300 2105 sitin
315 2065 372 2122 me,
388 2055 418 2105 et
431 2066 486 2124 ego
499 2047 531 2105 in
546 2047 640 2123 Patre,
655 1986 734 2125 diiod
748 2046 785 2106 de
799 1987 880 2106 nubi
893 2055 1023 2107 ereatura
1037 2047 1095 2106 dici
1111 2014 1277 2126 potest'rns

90 2121 198 2198 legitime
213 2125 308 2186 Deum
324 2135 355 2185 et
369 2127 476 2186 Filium
492 2126 548 2186 Dei
561 2146 665 2187 vocare
686 2127 791 2204 potui?
814 2127 862 2186 Sic
881 2126 1070 2186 sanctificatio
1084 2133 1114 2186 et
1126 2126 1226 2185 missio
1246 2127 1277 2186 in

89 2202 209 2262 nundum
222 2205 343 2266 affertur
356 2226 374 2265 a
388 2207 511 2283 Christo,
526 2225 585 2266 non
597 2215 736 2284 tanquam
756 2225 844 2266 eausa
861 2205 1024 2267 Filietionis
1044 2204 1225 2282 antecedens,
1248 2213 1278 2267 et

91 2283 198 2374 apriori,
213 2286 296 2363 quasi
312 2285 408 2346 Filius
429 2295 542 2347 tantum
555 2287 621 2347 ideo
641 2286 793 2364 diceretur,
809 2286 861 2346 sed
880 2295 1018 2366 tanquam
1032 2293 1234 2365 argumentum
1248 2295 1278 2347 et

90 2379 221 2505 ugpffip,
228 2366 780 2508 ppstpnpnnblprnedpvplnhppolhlpprdihppffl
822 2446 897 2523 Quia
921 2443 1066 2507 Mediator
1089 2446 1190 2506 debuit
1213 2465 1277 2508 esse

91 2519 221 2601 Propheta,
236 2527 286 2604 qui
299 2545 361 2585 non
374 2533 487 2587 tentum
501 2535 628 2603 externe,
644 2527 695 2587 sed
716 2535 747 2588 et
768 2528 879 2588 interne
901 2535 1027 2588 mentem
1047 2527 1231 2603 illuminaret,
1247 2535 1277 2588 et

88 2617 126 2657 eor
136 2601 262 2682 flecteret
279 2607 350 2666 Rex
362 2608 412 2684 qui
427 2607 588 2667 Ecclesiam
601 2606 741 2668 adversus
757 2607 872 2668 Satanae
885 2615 915 2668 et
928 2607 1029 2667 mundi
1042 2607 1167 2667 insultus
1181 2616 1274 2667 tuere·

90 2686 133 2757 tur,
147 2691 172 2742 et
193 2685 300 2766 Spiritu
323 2705 376 2748 suo
396 2695 529 2765 potenter
548 2707 612 2746 eam
633 2696 754 2766 regerat,
773 2687 914 2748 Sacerdos
927 2688 979 2766 qui
999 2688 1102 2748 merito
1124 2687 1225 2747 mortis
1247 2695 1278 2747 et

89 2759 238 2826 obedientie
250 2766 366 2828 infinito
385 2767 504 2827 infinite
518 2767 647 2828 Juatitisa
669 2767 775 2827 divinae
797 2767 983 2844 satisfaceret,
998 2776 1029 2828 et
1049 2765 1276 2846 redemptionem

91 2845 205 2903 aetemam
217 2847 301 2907 nobis
316 2848 486 2926 acquireret
528 2847 599 2922 Quae
619 2848 716 2907 omnia
735 2849 773 2908 ab
792 2849 909 2906 homine
928 2867 1008 2906 mero
1028 2847 1091 2906 fieri
1103 2867 1162 2906 non
1176 2855 1276 2924 potua·

90 2928 150 2996 runt,
164 2924 211 2983 sed
224 2945 289 2986 eum
302 2927 498 3005 postulabant,
513 2928 563 3004 qui
577 2927 702 2988 essentia
716 2936 745 2987 et
764 2928 894 3005 potentia
914 2927 1026 2986 infinita
1037 2926 1177 3004 praeditus
1190 2935 1275 3002 esset,

91 3006 116 3055 ut
127 3019 171 3061 suo
183 3003 244 3065 loco
257 3008 437 3085 probabitur.
479 3007 611 3087 Idipsum
625 3007 712 3067 etiam
726 3027 764 3066 ex
779 3007 933 3066 Filiatione
948 3007 1055 3065 Christi
1069 3007 1168 3083 colligi
1181 3013 1277 3084 potest

91 3075 188 3159 imm,
202 3095 233 3145 m
245 3087 275 3145 in
290 3085 947 3228 militiidldaedtddilsetudeffimditluorminm
955 3171 1022 3242 post
1029 3163 1265 3224 resurrectionem

492 3212 500 3228 .
751 3185 782 3225 ea
1267 3209 1275 3241 ‚

121 3221 276 3296 'tuth-
330 3247 397 3308 rer.
412 3248 442 3308 rr.
458 3250 505 3324 se,
527 3265 586 3307 non
608 3245 735 3306 sommo
756 3243 912 3320 asenam,
927 3243 1006 3322 quor
1026 3243 1129 3303 rabat
1150 3243 1217 3303 rnre
1239 3245 1277 3304 ab

149 3288 242 3335 hm
329 3328 398 3388 orbe
412 3327 538 3404 condito,
559 3335 592 3388 ut
606 3326 738 3386 conditor
751 3324 887 3400 omnium,
911 3324 1002 3383 Hebr·
1017 3323 1036 3383 i·
1048 3327 1076 3399 t,
1092 3331 1122 3384 ⁰²
1134 3333 1277 3402 q¹¹³t⁰¹¹¹¹⁵

92 3405 127 3457 0⁸²
138 3402 223 3482 timp
238 3409 288 3468 sed
303 3409 431 3467 dominio
445 3407 589 3486 personati
602 3414 632 3466 et
645 3404 830 3482 oemnomico,
845 3405 925 3483 quod
937 3405 981 3463 illi
995 3404 1139 3482 competit,
1150 3405 1219 3483 quia
1232 3413 1278 3465 est

92 3477 229 3563 irim,
238 3497 267 3547 et
276 3488 395 3568 quidem
407 3506 466 3546 non
481 3486 656 3565 simpliciter,
668 3505 736 3546 nam
748 3486 836 3564 longe
850 3493 917 3546 anta
931 3484 1029 3544 David
1042 3505 1109 3545 eum
1120 3485 1278 3564 appellavit

95 3555 235 3648 {hminum
252 3569 300 3629 Ps.
316 3587 363 3627 cx.
379 3571 406 3645 l,
425 3587 480 3626 neo
493 3566 590 3646 quoad
602 3567 666 3644 ejus
683 3567 734 3644 jus
747 3574 777 3625 at
790 3566 1016 3641 fundamentum,
1033 3563 1111 3643 quod
1124 3565 1226 3626 habuit
1239 3564 1277 3624 ab

96 3638 168 3771 ῑὲἱῒὶρ,
182 3647 230 3706 aad
249 3647 408 3709 seeundum
421 3647 500 3725 quid,
515 3655 546 3708 et
566 3647 677 3706 ratione
697 3647 791 3724 plenae
811 3645 1052 3707 manifestationis
1072 3654 1102 3706 et
1122 3645 1276 3722 inaugura·

115 3736 174 3780 onrs.

129 3797 257 3866 XXXH.
278 3807 336 3882 Qui
348 3808 442 3867 heres
455 3805 640 3866 constituitur
661 3805 738 3865 dono
758 3806 867 3884 gmtira,
883 3825 941 3864 non
962 3804 1136 3884 proprietate
1155 3811 1276 3896 nature,

100 3887 143 3932 rrorr
154 3891 191 3941 est
202 3905 285 3947 rems
301 3886 399 3962 Deus3
422 3885 474 3946 aed
489 3887 582 3945 Filius
602 3903 661 3945 non
680 3886 722 3946 ita
734 3893 856 3946 vocatur
876 3885 977 3960 haeres,
992 3884 1061 3962 quia
1081 3891 1126 3942 eat
1143 3901 1277 3960 proptrea

103 3949 145 4012 Μ
154 3957 251 4043 Filiusp
272 3987 331 4026 non
344 3967 446 4042 Filius,
461 3965 530 4045 quie
542 3967 643 4043 hssrea,
660 3965 711 4025 sed
724 3966 825 4041 haeres,
841 3964 910 4042 quia
924 3965 1028 4024 Filius.
1057 3961 1171 4022 Deinde
1183 3961 1277 4022 haeres

101 4027 182 4097 drutur
193 4045 299 4106 ratione
312 4046 433 4105 dominii
446 4045 525 4123 quod
538 4045 650 4106 obtinet
663 4047 692 4104 irr
707 4045 813 4102 omnia.

131 4112 276 4185 XXXIII.
297 4125 354 4201 Qui
367 4125 556 4204 distinguitur
569 4143 587 4184 a
601 4126 665 4184 Deo
679 4123 795 4190 obtutis
809 4121 999 4200 considerato,
1014 4122 1041 4181 ia
1053 4139 1112 4180 non
1126 4127 1171 4180 est
1180 4120 1275 4198 Deua3

99 4190 139 4250 ”d
150 4195 268 4264 Christus
281 4205 469 4283 distinguitur
481 4224 500 4263 a
514 4207 577 4264 Deo
599 4207 771 4268 tranans&
792 4209 904 4261 tanturn
917 4209 1054 4279 spectato,
1070 4207 1212 4278 quatenus
1226 4219 1278 4277 per

98 4281 329 4364 tlpropristionem
349 4304 455 4345 nomen
470 4285 526 4345 Dei
548 4283 628 4344 Patri
647 4283 791 4358 tribuitur,
806 4301 865 4340 non
887 4281 1036 4340 exclusive
1057 4279 1095 4339 ad
1117 4277 1226 4338 Filium
1247 4287 1277 4340 et

101 4347 214 4442 tipum
233 4364 271 4441 a,
287 4365 338 4424 ser
359 4365 543 4440 oeconomice,
558 4365 627 4442 qne
641 4363 773 4423 ornus
796 4359 966 4420 uersare
986 4377 1091 4420 munus
1112 4358 1231 4438 ostreo,
1247 4365 1278 4419 a

101 4425 203 4562 {illitu
224 4441 252 4503 S.
273 4443 423 4522 Paraclefi,
448 4444 536 4505 Pater
548 4461 618 4505 vero
637 4451 672 4504 ut
692 4442 785 4522 prima
799 4441 927 4500 Persem
949 4439 1072 4500 sustinet
1091 4439 1277 4519 Maiestatem

123 4517 221 4577 mnu.

133 4585 274 4660 XXXIV.
295 4601 351 4678 Qui
363 4603 534 4682 proponitur
546 4610 580 4664 ut
593 4603 674 4663 homo
687 4619 790 4678 meso,
805 4599 831 4660 is
844 4617 903 4659 non
916 4607 1013 4679 potest
1026 4609 1090 4660 esse
1105 4599 1203 4676 Deut3
1225 4598 1277 4658 sed

102 4674 201 4750 torqui
212 4682 375 4760 proponitur
395 4691 508 4754 tantum
529 4691 564 4744 ut
584 4684 666 4743 bom
678 4701 768 4759 cena,
783 4679 853 4760 quia
871 4690 1024 4759 utramque
1044 4685 1233 4760 potestesse,
1248 4687 1278 4743 et
