3044 5180
101 379 232 430 quassa
248 359 331 440 arm]
560 377 598 416 nn
613 377 908 419 rnannsrraarroun.
1047 374 1051 386 ’
1266 360 1324 436 335

105 529 243 598 possum
254 518 333 580 scire
346 537 377 577 se
391 516 517 594 credere,
533 517 668 596 Apostoli
682 538 741 576 non
761 525 880 596 possent
893 517 989 578 dicere
1005 516 1150 592 Nouianae,
1166 525 1193 574 et
1205 518 1324 576 ecdicii

105 619 189 676 mssa,
211 598 283 660 Jch.
298 599 338 658 vi.
354 599 402 658 69.
445 597 484 656 Ει
499 597 585 658 Pater
606 599 748 674 Lunatici,
765 597 1002 674 credemusne,
1023 615 1156 655 racemo
1175 597 1324 656 mordati-

106 681 173 738 tats'
192 699 269 756 mem,
295 685 326 737 et
345 676 417 738 Joh.
441 677 477 736 i·.
493 676 522 736 ii.
537 679 565 754 3,
580 679 717 737 bfooimas
741 680 819 755 quod
839 678 1015 754 cognocimus
1035 677 1134 753 ipsunt,
1157 673 1211 736 dc.
1263 676 1325 736 Nec

106 766 219 836 posset
233 758 344 818 Paulus
357 756 461 832 dicere,
477 759 555 816 Noai
566 759 613 816 cui
623 759 799 833 credidcnbt,
815 761 833 815 2
849 758 954 815 Timet
972 756 991 814 i.
1009 759 1055 832 la,
1071 763 1100 816 et
1120 755 1193 815 alios
1206 755 1324 831 hortari,

113 840 160 896 Ut
171 857 205 896 sc
217 841 373 914 explorent,
388 856 428 895 aa
440 837 496 894 sint
508 837 613 916 obfide,
629 841 646 896 2
662 837 727 896 Cor.
742 837 804 896 xiii.
820 839 847 912 5,
862 837 920 896 nisi
933 837 988 894 hcc
1008 836 1074 906 sciri
1088 842 1194 914 posset.
1238 835 1324 895 Unde

109 918 202 994 Aug.
217 917 253 976 de
267 916 419 992 Trinitate,
433 915 485 975 lib.
500 915 562 976 xiii.
577 936 602 976 c.
619 920 645 993 1,
660 917 762 976 murm
780 937 861 976 mm
878 916 993 994 quoque
1006 917 1057 992 qui
1074 935 1137 974 eum
1150 915 1238 990 babet,
1252 915 1327 973 videt

106 998 146 1056 r'n
161 999 249 1056 corde
261 1017 321 1072 stro,
337 1005 364 1055 et
376 1005 449 1055 terret
460 995 614 1056 cmaema
626 996 749 1072 edentia,
762 995 1117 1055 etctaoumtcccnscientr'o.
1149 994 1324 1070 Nccobsut,

105 1077 200 1154 qnod
213 1077 288 1135 varii
301 1075 380 1134 inani
394 1094 444 1152 spe
460 1095 490 1134 se
505 1075 613 1135 lactare
626 1083 756 1154 possunt,
772 1084 802 1135 et
815 1095 866 1154 per
879 1075 1060 1134 temerariam
1074 1074 1326 1151 presumptionem

109 1156 240 1234 gloriari
255 1154 292 1215 de
306 1155 372 1229 fide,
387 1173 474 1232 quam
487 1173 546 1213 non
560 1155 687 1214 habeant
704 1163 820 1232 tamcn;
842 1155 911 1232 quia
923 1154 1018 1213 inanis
1037 1153 1252 1232 hypocritarum
1262 1153 1324 1230 jac-

108 1235 213 1295 tantia
225 1254 285 1294 non
298 1235 377 1294 tollit
390 1253 489 1294 veram
502 1234 632 1294 fidelium
646 1233 798 1311 fiduciam
821 1234 848 1292 N
849 1253 882 1293 ec
896 1234 930 1309 si,
945 1233 995 1310 qui
1011 1233 1120 1311 Spiritu
1134 1233 1190 1293 isto
1205 1233 1324 1292 destitu-

107 1325 218 1392 untur,
233 1334 301 1374 eum
313 1333 373 1373 non
386 1321 500 1388 norunt,
515 1315 589 1373 bene
603 1313 751 1392 colligitur
764 1332 814 1373 eos
828 1313 878 1390 qui
888 1313 970 1372 illum
983 1312 1141 1390 possident,
1152 1313 1229 1372 hunc
1243 1313 1325 1390 igno-

108 1413 195 1469 rare,
209 1413 304 1471 neque
318 1393 377 1452 illis
389 1393 516 1475 ιςηιςίοκ
529 1413 615 1472 posse
628 1393 711 1453 illum
732 1393 911 1470 dignoscere.
953 1393 1061 1452 Fateor
1079 1400 1163 1451 notas
1176 1391 1247 1452 istas
1267 1411 1326 1451 non

109 1493 236 1552 sempor
257 1473 397 1550 equalem
420 1473 558 1533 claritatis
572 1473 621 1532 vel
642 1472 824 1532 certitudinis
838 1472 960 1550 gradum
982 1472 1096 1546 habere,
1111 1470 1164 1530 sed
1177 1480 1328 1549 propterea

109 1573 182 1612 ιιοιι
196 1563 263 1612 sunt
276 1553 428 1612 censendo
442 1552 560 1611 fallaces
574 1561 602 1612 et
616 1571 694 1611 mere
707 1553 926 1630 conjecturales.
940 1551 1012 1609 Tam
1029 1561 1108 1610 certo
1122 1550 1207 1627 enim,
1222 1571 1256 1610 ac
1276 1551 1327 1629 qni

109 1633 206 1707 vivit,
221 1633 278 1691 scit
291 1651 321 1690 se
331 1632 430 1690 vivere
444 1651 482 1690 ex
495 1632 657 1691 actionibus
666 1631 813 1707 vitalibus,
825 1651 899 1709 quas
908 1631 939 1690 in
950 1651 981 1690 sc
989 1630 1170 1708 persentiscit
1181 1652 1188 1706 ;
1211 1631 1266 1707 Ite,
1276 1631 1327 1708 qui

110 1712 199 1806 yivit
212 1713 274 1771 vita
287 1711 430 1788 spirituali
443 1711 568 1770 filiorum
591 1711 655 1787 Dei,
670 1719 767 1788 potest
787 1711 860 1771 scire
881 1711 1026 1771 scrivere
1040 1730 1078 1770 ex
1094 1710 1211 1788 Spiritu,
1225 1711 1277 1789 qui
1297 1710 1328 1768 in

110 1799 373 1945 lpsdlipgddribiio,
387 1869 465 1928 idem
479 1869 625 1946 colligitur
638 1889 677 1928 ιιι
690 1871 750 1930 Dei
761 1870 848 1946 osee
861 1869 1048 1944 immistione.
1080 1867 1328 1942 Quemadmodum

113 1951 201 2010 ιιιίιιι
215 1949 252 2009 ab
265 1959 374 2009 sterno
387 1949 418 2007 in
432 1950 503 2008 turo
515 1950 579 2008 oitoe
588 1949 705 2008 nomina
715 1948 872 2008 electorum
882 1947 970 2008 inseri
991 1947 1047 2021 sit;
1068 1954 1102 2005 ut
1111 1947 1142 2004 in
1152 1949 1223 2006 titre
1231 1947 1328 2023 Scap

113 2039 196 2089 ιιινω
208 2029 413 2107 promissiones
423 2029 644 2106 perseverantie
652 2029 690 2087 cd
704 2027 949 2086 confirmationem
963 1968 1031 2086 lirici
1044 2034 1150 2085 nostrae
1159 2026 1327 2103 consignat;

115 2109 173 2170 Ita
182 2109 213 2168 in
221 2108 515 2183 ammantica
524 2108 555 2166 in
565 2107 673 2168 tabulis
683 2127 741 2166 non
749 2105 880 2184 lapideis,
891 2105 942 2166 sed
951 2105 1062 2164 carneis
1071 2105 1174 2180 cordis,
1186 2125 1245 2164 non
1254 2113 1329 2165 atra·

115 2197 230 2264 mento,
245 2188 299 2248 sed
314 2187 423 2268 Spiritu
438 2187 494 2246 Dei
507 2187 578 2263 vivi,
593 2191 612 2246 2
628 2187 756 2248 Corinth.
772 2186 813 2246 iii.
829 2189 857 2262 3,
873 2185 1069 2264 apographum
1091 2184 1240 2244 electionis
1263 2203 1329 2244 nos-

115 2277 177 2328 trae
190 2267 338 2343 exscribit,
353 2266 477 2344 gratiam
490 2273 520 2325 et
532 2266 628 2345 legem
641 2265 831 2344 insculpendo
845 2266 950 2324 animis
960 2263 1075 2340 nostris,
1087 2271 1120 2324 ut
1133 2283 1187 2324 nos
1197 2263 1234 2324 de
1248 2273 1330 2324 ater·

116 2349 215 2407 nitate
227 2347 334 2406 amoris
348 2347 403 2422 sni,
424 2355 454 2406 et
473 2365 543 2406 cura
563 2365 616 2406 sua
635 2366 669 2406 ac
683 2345 815 2405 custodia
828 2352 967 2424 perpetua
986 2353 1081 2404 certos
1094 2341 1204 2420 reddat,
1219 2343 1330 2404 Jerem.

116 2427 208 2486 xxxi.
218 2429 267 2486 33.
295 2425 396 2505 Atque
405 2426 462 2485 huc
471 2425 599 2503 apprime
609 2425 679 2485 iacit
690 2423 775 2500 ψίφκ
788 2427 862 2490 λιιι
872 2427 995 2484 calculus
1005 2425 1093 2500 albus,
1105 2443 1192 2502 quem
1200 2423 1332 2484 Christus

116 2505 277 2585 pollicetur
291 2524 322 2565 se
335 2505 439 2566 victori
453 2504 596 2581 (ιιιιιιιιιιι,
611 2505 706 2584 Apoc.
720 2506 751 2564 ii.
767 2509 814 2564 17.
841 2506 897 2567 Oai
907 2505 1109 2564 immundum
1118 2504 1155 2562 eit
1167 2523 1269 2562 uocum
1281 2524 1330 2562 no-

116 2605 195 2662 meri,
211 2588 290 2663 qnod
300 2605 380 2644 ucnw
393 2586 476 2660 novel,
491 2585 547 2643 nisi
566 2585 616 2662 pai
626 2585 740 2662 recepit.
783 2584 852 2645 Sive
872 2584 950 2644 enim
970 2582 1075 2643 allusio
1091 2582 1143 2642 fist
1162 2582 1200 2641 od
1213 2583 1332 2644 chicta

117 2666 275 2740 Veterum,
290 2665 321 2722 in
334 2663 440 2742 quibus
453 2663 598 2723 absolutio
610 2683 663 2742 per
676 2664 819 2724 calculum
836 2665 944 2740 album,
959 2671 988 2725 et
1000 2662 1203 2722 condemnatio
1216 2681 1268 2742 per
1287 2661 1330 2720 ni-

119 2764 210 2823 grum
223 2743 288 2803 lieri
301 2744 421 2818 solebat,
436 2742 513 2803 unde
527 2742 578 2802 illa
590 2741 675 2818 ψίφκ
688 2743 809 2822 νίζουσα,
824 2744 882 2804 ista
894 2763 964 2804 vero
977 2743 1115 2824 ἇιιιιςουα
1126 2740 1284 2816 dicebatur,
1299 2748 1333 2803 ut

119 2832 242 2884 notetur
254 2823 341 2901 plena
353 2822 448 2882 fidelis
465 2822 655 2902 justificatio;
677 2824 740 2883 sive
760 2823 799 2883 ad
814 2823 935 2884 Comitio
954 2822 1079 2900 publico,
1094 2822 1125 2880 in
1166 2821 1252 2880 uibus
1266 2821 1330 2880 Ma-

119 2903 265 2981 gistratus
286 2903 458 2962 croabmtur
481 2921 534 2978 per
547 2901 692 2982 suffragia,
718 2903 864 2980 inscriptis
887 2901 1036 2962 tesserulis
1052 2920 1104 2960 seu
1123 2840 1199 2958 cibis
1212 2899 1332 2958 calculis

118 2981 290 3042 nominibus
303 2982 469 3056 electorum,
484 2981 562 3042 uude
582 2981 752 3060 suffragium
766 2980 924 3041 vocabatur
943 2979 1098 3060 ψηφοφορίᾳ
1113 2997 1171 3055 quo
1186 2997 1274 3038 sensu
1287 2978 1329 3036 in-

123 3070 264 3121 nueretur
276 3081 389 3120 summa
401 3061 525 3120 filiorum
540 3061 597 3120 Dei
611 3061 747 3139 dignitas,
761 3061 812 3137 qui
826 3061 924 3136 Reges
941 3069 972 3120 et
987 3057 1157 3118 Sacerdotes
1171 3055 1235 3115 Deo
1248 3055 1330 3132 fiunt,

127 3141 209 3218 Apo.
222 3141 242 3199 i.
257 3141 292 3218 s;
307 3142 371 3200 sive
385 3141 423 3200 ad
438 3140 604 3202 Cerwmt'm
616 3149 647 3201 et
659 3140 745 3200 ludos
759 3139 919 3216 gymnicos,
934 3137 1085 3214 inquibus
1105 3134 1234 3194 calculus
1247 3133 1332 3196 albus

128 3219 292 3297 symbolum
305 3229 367 3280 erat
380 3220 518 3295 victorie,
533 3229 567 3280 ut
579 3221 622 3280 ita
641 3219 804 3296 triumphus
817 3217 886 3278 fidei
899 3226 930 3277 et
949 3216 1072 3276 felicitas
1085 3213 1214 3273 fidelium
1235 3213 1331 3292 desig·

127 3307 231 3376 netur;
254 3299 370 3360 Certum
384 3308 429 3359 cst
442 3319 541 3358 nomen
554 3300 628 3359 illud
640 3319 751 3374 nocam,
767 3297 846 3376 quod
865 3296 915 3357 isti
928 3296 1040 3356 calculo
1060 3293 1274 3354 inscribendum
1288 3294 1331 3352 di-

125 3379 210 3454 citur,
225 3397 284 3438 non
297 3379 378 3439 aliud
391 3399 454 3438 esse
468 3399 553 3457 quam
568 3399 675 3439 nomen
682 3380 823 3438 Filiorum
833 3377 899 3451 Dei,
911 3375 989 3454 quod
1000 3374 1134 3453 quamvis
1147 3373 1220 3432 alios
1234 3372 1331 3450 lateat,

124 3458 276 3536 cognitum
289 3466 386 3518 tamen
401 3459 482 3518 Deus
496 3477 559 3518 csse
572 3458 666 3519 voluit
679 3457 840 3536 accipienti.
881 3456 925 3516 At
937 3456 992 3516 hoc
1007 3455 1065 3514 dici
1077 3453 1245 3531 neutiquam
1265 3473 1332 3531 pos·

125 3545 179 3614 set,
195 3538 290 3598 since
303 3537 414 3614 electio,
429 3557 483 3596 nec
498 3537 615 3615 adoptio
629 3539 763 3616 cuiquam
777 3535 906 3596 fidelium
920 3536 1037 3614 cognita
1048 3552 1113 3594 esse
1126 3541 1232 3610 posset
1275 3534 1331 3594 Fa

125 3637 921 3757 aas
929 3612 1332 3771 straturus

125 3776 279 3835 noae:
290 3774 330 3833 aa
342 3775 472 3836 saeuum
485 3775 629 3851 cusum,
644 3795 734 3854 quum
743 3741 914 3856 'masne
928 3772 1054 3833 celestis
1066 3771 1185 3852 aprus
1194 3770 1256 3846 jon
1272 3769 1330 3847 ps-

125 3855 223 3914 mitias
236 3853 406 3932 percipiunt.

168 3933 230 3992 ιιι.
250 3933 359 4010 uerso,
381 3933 574 3993 confirmatur
594 3953 632 3992 ex
652 3933 816 3993 cremone
838 3941 868 3992 e
885 3930 1075 4008 auectam
1087 3927 1212 4004 office
1224 3925 1265 4000 s,
1281 3926 1331 4002 qu
1444 3910 1446 3918 ’

128 4029 187 4070 non
207 4012 294 4072 modo
313 4019 438 4072 testatur
456 4032 511 4072 uos
531 4031 594 4072 esse
608 4011 684 4072 filios
698 4013 764 4088 Dei,
780 4013 864 4071 Rom.
879 4010 941 4069 viii.
958 4012 1005 4084 16,
1027 4006 1080 4066 sed
1100 4015 1130 4066 ct
1142 4025 1193 4064 cos
1206 4005 1334 4082 οὸιίφιαι

128 4091 158 4151 ia
171 4091 244 4152 dcem
256 4088 463 4169 redmtptioma,
479 4092 555 4170 Eph.
570 4091 609 4152 iv.
625 4094 673 4152 30.
715 4089 867 4166 Quomodo
880 4107 950 4147 vero
964 4085 1013 4147 vel
1029 4092 1182 4146 testaretm
1195 4102 1264 4142 vere
1277 4102 1332 4143 nos

128 4189 192 4230 esse
205 4171 283 4232 tilios
297 4171 364 4247 Dei,
378 4179 409 4232 ct
421 4171 551 4230 heredes
564 4170 648 4248 regni
661 4171 808 4244 coelorum,
823 4167 872 4228 vel
890 4167 1059 4244 obsignaret
1077 4183 1132 4224 nos
1152 4163 1184 4222 in
1197 4161 1274 4220 diem
1286 4181 1331 4222 rc·

128 4249 312 4343 demptionis,
327 4250 439 4310 sinihil
452 4257 530 4310 certe
543 4249 581 4308 de
595 4269 629 4310 ιο
642 4249 727 4310 nohis
740 4254 894 4341 constaret,
910 4255 939 4308 et
957 4245 982 4306 si
1002 4243 1064 4304 fieri
1084 4250 1190 4335 posset,
1205 4250 1239 4301 ut
1251 4241 1332 4334 testi-

127 4349 257 4390 moninm
271 4331 336 4408 ejus
350 4337 428 4390 esset
440 4329 554 4404 falsum,
570 4329 619 4390 vel
639 4327 802 4407 obsignatio
822 4325 936 4386 sellan?
958 4323 1017 4384 Sed
1036 4330 1211 4382 conmanunt
1225 4329 1333 4380 evmcrt

127 4408 193 4502 ipsa
206 4429 268 4502 von
279 4409 376 4503 ιιφιιι,
398 4428 464 4487 que
482 4409 632 4502 intinctam
652 4408 695 4501 ιιι
714 4406 915 4501 ιιιιιιιιᾱιιιιιιι
929 4403 1081 4544 dppignsp:
1094 4397 1337 4540 miiifid‘iuiffi

126 4487 475 4646 biglifflnilluilmddctgi
488 4487 1181 4628 ffipnpppmhraelpppntlpwrpffibolm
1201 4577 1331 4620 nonnun-

127 4666 214 4724 quam
228 4667 261 4708 se
275 4645 462 4708 transformat
482 4646 513 4706 in
527 4644 677 4724 Angelum
696 4645 779 4720 lucis,
795 4645 932 4708 ιοιιιίιιιιο
953 4641 1082 4721 sequitur
1106 4637 1230 4719 Spiritus
1251 4637 1331 4700 testi·
