3160 5194
513 387 681 435 emarcus
700 386 951 436 nnmcnronrn.
1265 371 1327 434 xvii

153 543 239 608 Cum
256 566 339 610 vero
357 547 437 612 nihil
454 547 611 629 antiquins
635 549 723 612 nobis
745 569 813 614 esse
829 549 949 625 debeat,
971 570 1061 630 quam
1078 549 1159 612 tanti
1175 549 1325 624 beneficii,

108 662 180 704 cum
198 652 298 725 grata
312 645 387 726 ejus
411 667 489 728 erga
503 647 604 711 Deum
620 646 797 728 largitorem
814 648 1108 730 commemoratione,
1123 653 1268 711 constans
1293 654 1327 712 et

113 740 216 805 fidelis
242 743 416 806 custodia:
442 745 482 808 Id
505 744 576 820 luit,
593 745 777 808 Procerus
793 745 1020 822 Aurnrssnrr,
1048 745 1232 809 indefessum
1249 745 1325 808 Pio-

113 859 184 901 rum
199 839 365 920 hlajornm
381 840 566 906 Vestrorum
588 842 733 918 studium,
751 843 803 923 qui
820 851 857 906 ut
881 842 990 923 optimi
1011 842 1159 906 Ecclesia
1179 842 1323 917 Nutritii,

117 935 203 1000 iuter
219 938 342 1018 primas
357 959 448 1003 curas
466 959 584 1020 semper
598 941 775 1004 hahuerunt
784 940 954 1022 Religionis
971 960 1032 1004 non
1044 939 1145 1004 minus
1161 959 1197 1003 ac
1213 940 1325 1004 Liber-

122 1035 200 1098 tatis
215 1055 343 1100 eausam
359 1043 485 1101 smenue
502 1059 599 1119 agere,
616 1044 653 1100 51
669 1058 706 1102 ea
721 1059 808 1119 pura,
824 1045 857 1102 et
871 1038 911 1102 ab
927 1037 1011 1102 omni
1027 1058 1165 1102 errorum
1181 1039 1323 1120 contagio

123 1132 223 1196 libera
238 1141 439 1199 servaretur:
467 1135 692 1216 sapientissime
703 1135 889 1215 judicantes,
906 1135 990 1198 illam
1008 1155 1084 1212 esse,
1101 1156 1163 1199 non
1173 1141 1239 1198 tem
1253 1135 1324 1200 Pal·

125 1229 240 1292 ladium
257 1252 319 1312 qno
335 1232 440 1313 moja,
455 1234 504 1297 vel
519 1233 632 1298 Ancile
647 1239 812 1318 οὐςανοιητὶς
835 1254 896 1314 quo
912 1233 1014 1297 Roma
1029 1233 1101 1297 olim
1123 1233 1323 1314 gloriabatur,

124 1349 216 1408 quam
233 1329 351 1394 Aream
366 1330 499 1411 federis,
516 1331 689 1411 presentia
712 1331 773 1394 Dei
789 1331 900 1414 pignus
914 1331 1129 1412 indubitabile,
1145 1352 1184 1395 ex
1200 1351 1261 1412 qua
1276 1351 1325 1396 re·

124 1432 262 1490 1551551
277 1435 461 1492 conservata
475 1427 666 1509 Reipublicae
691 1449 777 1508 eque
794 1449 830 1493 ac
848 1429 996 1494 Ecclesiae
1013 1429 1162 1492 securitas
1177 1449 1213 1493 ac
1229 1429 1326 1493 felici·

123 1529 174 1587 tas
190 1525 341 1604 pendent.
382 1526 523 1608 Longum
540 1534 622 1592 esset
635 1546 804 1603 recensere,
822 1527 932 1609 quibus
947 1547 1085 1592 errorum
1106 1526 1260 1608 portentis
1276 1533 1325 1591 te·

125 1621 273 1686 terrimrm
299 1623 353 1688 ille
380 1623 510 1688 Generis
536 1625 661 1688 humani
686 1625 794 1701 hostis,
826 1624 977 1705 superiori
1006 1625 1109 1688 seculo
1135 1625 1325 1690 renascentis

126 1719 289 1802 Evangelii
306 1720 406 1785 lucem
423 1723 588 1787 obscurare
604 1729 637 1787 et
653 1723 834 1804 extinguere
849 1723 1017 1787 identidem
1034 1723 1159 1786 annisus
1176 1722 1236 1796 sit;
1262 1743 1325 1786 non

124 1819 216 1882 modo
233 1839 290 1898 per
301 1819 424 1898 juratos
434 1819 675 1886 Reformauonis
689 1821 804 1897 hostes,
821 1821 874 1902 qui
891 1841 958 1884 eam
975 1822 1032 1884 sub
1047 1821 1214 1900 pristinum
1226 1819 1326 1884 Anti-

124 1915 312 1980 Gbristianae
337 1917 497 1982 servitutis
516 1919 625 2000 jugum
650 1919 809 1983 retrahere
829 1918 1053 1992 moliebantur3
1079 1919 1180 1982 sedet
1196 1938 1253 1998 per
1270 1938 1324 1980 va·

121 2013 186 2077 fros
201 2013 343 2090 Sinones,
359 2015 412 2096 qui
429 2017 461 2079 in
476 2016 542 2096 ejus
556 2017 626 2080 sinu
643 2023 811 2091 versantes,
829 2017 886 2080 sub
902 2013 1074 2095 Religionis
1087 2014 1224 2078 fovenda
1240 2021 1273 2077 et
1288 2015 1325 2077 il-

124 2110 295 2174 lmhmdae
304 2113 461 2193 plausibili
471 2114 525 2177 sed
534 2115 613 2178 falso
624 2118 790 2192 pretextu,
802 2111 974 2175 exitialium
984 2109 1161 2190 opinionum
1177 2111 1282 2174 sordes
1293 2111 1326 2174 in

124 2209 300 2272 doctrinam
314 2209 458 2276 invehere
474 2219 645 2287 tentarunt,
661 2230 684 2275 a
699 2210 810 2290 quibus
824 2209 904 2272 mira
916 2208 1075 2290 felicitate,
1088 2207 1243 2288 Majorum
1257 2227 1327 2272 ves-

125 2314 248 2370 trorum
263 2306 436 2390 vigilantia,
449 2309 599 2372 Dominus
612 2329 679 2372 eam
695 2307 848 2372 liberavit.
868 2306 1037 2370 Testantur
1050 2307 1191 2371 Annales
1205 2305 1325 2382 Vestri,

125 2411 203 2484 quot
220 2411 254 2468 51
269 2407 393 2486 quantis
409 2407 558 2470 machinis
575 2407 712 2470 divinum
725 2403 968 2470 Reformationis
983 2421 1062 2484 opus
1077 2404 1214 2484 oprimis
1230 2405 1327 2470 imme

125 2502 325 2566 incunabulis
340 2504 515 2584 impetitum
539 2505 653 2579 suerit3
680 2511 754 2584 quot
770 2505 966 2583 profanorum
981 2509 1014 2565 et
1028 2502 1224 2566 factiosorum
1239 2503 1326 2566 furo-

125 2600 215 2664 ribus
243 2609 351 2666 sancta
374 2623 494 2666 morum
520 2601 683 2682 disciplina
707 2602 750 2666 sit
775 2607 961 2682 oppugnata,
979 2607 1012 2664 et
1037 2599 1158 2680 quoties
1183 2599 1326 2664 veritatis

126 2698 322 2780 Evangelicae
339 2699 459 2780 puritas
482 2706 605 2764 tentata
618 2700 734 2763 luerit:
763 2699 855 2762 modo
879 2718 935 2780 per
950 2697 1116 2762 fanaticam
1131 2697 1327 2779 1155555115-

127 2803 237 2858 tanen
262 2797 431 2873 colluviem,
457 2798 508 2877 qui
533 2817 615 2860 anno
634 2797 739 2874 1536,
765 2797 871 2860 statim
896 2817 916 2858 5
940 2802 1083 2878 suscepta
1097 2793 1329 2858 Reformatione

126 2895 237 2958 turbas
263 2894 312 2958 hic
329 2895 501 2968 dederunt;
527 2901 637 2975 postea
661 2915 717 2974 per
732 2893 819 2957 Petri
836 2893 937 2957 Caroli
962 2891 1150 2973 impudentis
1173 2891 1327 2970 Sophiste

126 2991 244 3055 Proteo
261 2992 473 3056 mutabiliores
494 3001 578 3056 artes
599 2992 752 3068 subdolas,
772 2999 805 3056 et
821 2990 1027 3071 iniquissimas
1042 2989 1230 3062 calumnias3
1254 3009 1328 3052 mox

127 3109 184 3168 per
194 3089 379 3152 Sebastiaai
390 3089 593 3166 certationis,
603 3090 818 3154 hodiernorum
829 3087 1144 3168 Semipelagiauorum
1156 3085 1328 3166 antesigna-

127 3186 169 3262 ni,
195 3185 337 3251 exitiules
355 3186 453 3253 Verbi
478 3188 537 3252 Dei
565 3195 598 3252 et
625 3185 785 3252 Doctrinae
812 3183 1001 3248 Orthodoxae
1026 3182 1238 3261 corruptelas;
1273 3201 1330 3262 per

128 3283 243 3348 Gnaeta'
266 3285 399 3348 hominis
422 3285 555 3366 factiosi,
581 3283 924 3348 Samosatenianismum
949 3301 1018 3345 cum
1042 3279 1272 3345 Manichaeismo
1296 3279 1330 3342 in

128 3381 258 3448 eandem
283 3402 422 3446 errorum
445 3382 632 3465 farraginem
650 3381 823 3456 conflantia,
844 3381 993 3460 pessimas
1014 3379 1152 3442 technas.
1203 3377 1329 3441 Exinde

127 3499 211 3542 auno
229 3480 334 3555 1551,
350 3500 405 3559 per
412 3481 607 3564 Hieronymi
626 3480 748 3542 Botaem’
755 3479 957 3560 impietatem,
973 3483 1111 3542 sanctam
1125 3474 1330 3539 1155551155-

129 3576 224 3640 tionis
250 3585 284 3640 51
298 3577 416 3641 Gratiae
433 3577 578 3642 salutaris
603 3575 775 3640 doctrinam
800 3575 965 3657 Pelagiano
990 3593 1106 3639 veneno
1131 3591 1329 3652 corrumpere

130 3674 320 3755 satagentis:
339 3675 384 3738 Et
398 3695 454 3756 per
466 3675 636 3740 horrendas
652 3674 777 3738 tandem
786 3673 955 3739 Michaelis
966 3673 1097 3746 Servati,
1109 3691 1171 3734 nou
1185 3669 1329 3745 bominis,

130 3771 183 3834 sed
208 3773 339 3836 monstri
368 3773 409 3836 ad
434 3792 554 3836 omnem
581 3772 812 3852 improbitatem
842 3772 928 3846 fecti,
957 3790 1049 3850 super
1074 3766 1230 3832 adorando
1254 3766 1287 3828 S.
1299 3765 1331 3827 S.

130 3867 254 3931 Triadis
280 3869 427 3950 mysterio
451 3869 675 3950 blasphemias3
702 3889 777 3948 quas
798 3871 871 3932 dum
892 3887 1030 3932 evomere
1051 3867 1142 3930 homo
1158 3860 1334 3944 perditissi-

131 3985 210 4046 mus,
225 3966 300 4030 11551
316 3966 429 4046 sepius
453 3967 598 4042 monitus,
613 3987 675 4030 non
692 3967 807 4030 desinit
822 3967 862 4029 ad
878 3963 1164 4046 pestilentissimum
1181 3977 1332 4022 venenum

132 4061 163 4124 in
185 4064 296 4144 vulgus
313 4064 528 4145 spargendum,
544 4065 624 4144 quod
641 4063 705 4127 late
725 4064 792 4144 jam
817 4085 837 4125 a
852 4062 991 4144 pluribus
1008 4058 1097 4122 annis
1113 4057 1146 4119 in
1163 4053 1333 4120 celebribus

136 4157 267 4242 Europae
283 4161 359 4224 loeis
374 4169 540 4240 sparserat,
557 4161 682 4224 tandem
695 4161 729 4224 in
746 4179 899 4224 carcerem
916 4157 1083 4236 conjectus,
1099 4161 1132 4216 et
1146 4151 1179 4214 in
1194 4151 1335 4233 pertine*

136 4255 181 4320 cia
196 4277 254 4322 sna
268 4257 421 4320 diabolica
434 4278 642 4338 perseverans,
665 4257 857 4337 justissimas
879 4273 960 4317 anno
979 4251 1073 4314 1553
1090 4250 1260 4331 impietatis
1281 4269 1334 4312 ex-

135 4354 274 4416 ecranda
288 4373 396 4433 penas
409 4354 493 4419 tulit.
545 4353 619 4418 Non
636 4354 729 4418 desiit
744 4360 848 4416 tamen
864 4352 961 4414 Satan
976 4349 1069 4412 toties
1086 4349 1185 4412 victus
1201 4365 1335 4428 pugnam

136 4450 359 4530 redintegrare,
375 4457 408 4514 51
424 4471 519 4516 novos
545 4451 676 4515 subinde
701 4449 871 4529 impietatis
886 4446 1049 4529 magistros
1064 4445 1211 4518 excitare,
1229 4443 1335 4521 quales

135 4546 261 4610 fuerumt
282 4545 629 4623 Valentious'Gcnlilia
641 4547 766 4612 Paulus
778 4547 937 4620 Aleialuo,
949 4551 982 4607 et
998 4543 1051 4608 5111
1068 4563 1109 4606 ex
1125 4541 1230 4605 eodem
1246 4538 1338 4600 soda-

134 4641 200 4706 litio
220 4642 422 4723 impurissimi
436 4646 556 4710 Servati
583 4644 736 4724 discipuli,
754 4643 807 4724 qui
829 4663 910 4707 anno
928 4642 1021 4705 1558
1049 4639 1275 4702 Tritheltarum
1289 4652 1337 4694 er·

1121 4741 1137 4796 h
