3174 5174
141 370 258 423 consu.
274 348 333 434 rx.]
616 353 622 366 ‘
655 365 695 410 nn
710 369 845 412 snosnrs.
1296 359 1356 418 tos

142 514 244 574 datum
258 533 323 572 esse
338 511 461 588 singulis
474 510 631 570 infantibus
646 511 793 590 Angelum
808 513 838 570 in
850 521 1019 591 perpetuum
1034 516 1196 593 custodem
1211 537 1269 575 uon
1280 516 1350 576 dici-

141 605 192 654 tur
205 594 315 730 dqinite
329 591 478 670 Angelum
499 592 724 669 uniuscujusque
745 612 783 650 ex
803 592 862 650 illis
880 594 988 672 parvis,
1003 595 1052 653 vel
1072 596 1203 673 singulos
1217 595 1350 674 Angelos

142 674 229 751 singu
242 693 325 732 orum
344 671 538 749 parvulorum,
553 671 652 730 videre
674 671 776 730 faciem
792 673 855 748 Dei,
871 673 923 732 sed
943 675 1082 753 indefinite
1101 683 1214 735 tontum
1226 678 1350 754 Angelos

142 774 250 828 eornm,
267 753 329 811 sive
343 752 440 829 plures
454 752 505 809 uni
525 752 716 828 assignentur,
733 751 795 810 sive
809 773 884 811 unus
897 754 1037 832 pluribus,
1053 755 1188 814 nimirum
1202 764 1236 816 ut
1248 757 1350 817 innua-

140 842 192 893 tur
205 853 255 891 cos
271 833 325 891 sub
340 831 522 910 Angelorum
536 831 627 890 tutela
640 832 670 889 in
684 851 789 910 genere
803 834 954 893 asservari.

185 913 276 971 XIV.
299 912 365 971 Nou
379 913 483 970 melius
504 912 559 970 hoc
580 911 723 970 evincitur
743 932 781 970 ex
795 912 1059 990 Act.xii.15,ubi
1079 915 1188 975 mentio
1201 915 1234 975 fit
1248 917 1352 993 Aaycb'

141 994 231 1052 Petri.
256 996 282 1051 l.
298 991 373 1067 Quia
386 1011 444 1049 non
459 998 504 1050 est
517 1011 576 1049 vox
592 992 755 1068 Scriptura,
772 991 824 1050 sed
836 993 1048 1070 nonnullorum,
1064 995 1114 1071 qui
1128 995 1170 1054 ita
1181 995 1348 1074 loquuntur,

140 1081 177 1132 ut
190 1072 298 1146 Judaei,
314 1071 446 1130 conversi
461 1070 586 1149 quidem,
608 1072 731 1130 sednon
746 1072 816 1130 satis
830 1072 859 1129 in
874 1073 1006 1132 doctrina
1020 1073 1183 1133 Christiana
1196 1075 1291 1135 adhuc
1304 1077 1348 1134 in·

139 1153 245 1212 stituti.
288 1152 316 1210 N
317 1171 350 1210 cc
359 1151 385 1210 si
394 1153 449 1210 hoc
460 1149 581 1211 refertur
591 1151 701 1226 sLuce,
709 1171 772 1210 non·
779 1153 874 1210 statim
884 1153 921 1211 ab
932 1173 966 1211 eo
977 1153 1123 1230 probatur,
1130 1175 1196 1214 cum
1206 1156 1298 1216 multa
1307 1156 1349 1217 sio

138 1241 339 1310 proponantur
352 1232 383 1288 in
399 1231 554 1308 Scriptura,
569 1232 721 1306 narrative,
737 1251 796 1289 non
816 1233 1012 1310 approbatius.
1033 1238 1062 1292 2.
1079 1235 1111 1294 si
1124 1234 1214 1293 verbe
1227 1235 1265 1294 ud
1284 1235 1349 1294 An-

139 1313 239 1390 gelum
254 1312 421 1387 referantur,
436 1311 510 1369 bene
524 1310 591 1369 inde
605 1311 705 1388 colligi
718 1319 822 1388 potest,
838 1312 985 1390 Angelum
1000 1313 1125 1391 aliquem
1139 1314 1265 1375 adfuisse
1279 1323 1349 1377 tuno

138 1393 237 1466 Petro,
254 1391 306 1450 sed
327 1411 386 1450 non
407 1399 516 1450 certum
541 1391 665 1468 aliquem
687 1400 717 1450 et
740 1398 908 1469 perpetuum
930 1392 1079 1452 custodem
1099 1394 1143 1452 illi
1156 1395 1264 1470 dutum,
1280 1395 1349 1472 quis

139 1472 248 1530 dicitur
257 1474 261 1484 '
270 1472 466 1547 superventum,
481 1491 510 1529 ν.
526 1475 553 1546 7,
569 1479 601 1529 ut
615 1491 704 1548 quum
718 1472 846 1529 Medicum
860 1480 889 1530 et
905 1476 1035 1546 famulus
1048 1474 1135 1549 Rapis
1159 1473 1271 1550 dicitur,
1287 1494 1347 1533 non

136 1561 235 1611 certus
249 1551 392 1629 quispiam
414 1551 593 1628 intelligitur,
614 1551 665 1609 sed
689 1551 836 1610 indefinito
857 1551 890 1626 is,
906 1553 956 1629 qui
979 1552 1010 1610 id
1032 1552 1158 1611 muneris
1182 1554 1252 1630 obit,
1268 1553 1346 1632 quod

137 1631 225 1690 multi
239 1632 402 1690 successive
424 1639 545 1708 possunt
565 1630 653 1688 obire.
676 1633 703 1690 3.
720 1631 777 1689 Pro
791 1631 922 1689 confesso
943 1632 1066 1691 sumitur
1079 1633 1157 1710 quod
1171 1641 1215 1692 cst
1232 1641 1348 1693 couno·

138 1731 266 1786 versum,
282 1711 331 1788 agi
344 1711 391 1770 hic
406 1711 442 1768 de
458 1709 574 1787 Angelo
588 1711 701 1787 proprie
716 1710 813 1786 dicto;
835 1731 901 1770 cum
922 1711 995 1770 nihil
1009 1712 1105 1772 obstet
1118 1733 1219 1772 vocem
1232 1712 1347 1786 ἆῃίλιυ

138 1791 187 1850 hic
201 1811 254 1868 pro
268 1792 368 1850 nuncio
389 1791 472 1866 sumi,
487 1798 520 1849 ut
534 1791 589 1848 hoe
598 1809 689 1849 sensu
703 1809 761 1847 non
774 1810 839 1848 raro
854 1799 1016 1868 usurpetur,
1032 1791 1136 1852 Metth.
1152 1793 1193 1851 xi.
1210 1796 1256 1868 10,
1273 1793 1344 1853 Luc.

138 1872 190 1930 vii.
206 1874 254 1946 24,
271 1875 319 1946 27,
335 1879 364 1931 et
377 1871 417 1930 ix.
433 1874 480 1946 52,
497 1891 525 1948 q.
535 1869 563 1928 1.
578 1871 694 1928 nuncius
708 1879 748 1928 eat
767 1872 802 1928 ab
823 1891 855 1928 eo
868 1872 974 1947 miseere,
991 1871 1027 1930 de
1049 1891 1083 1930 eo
1102 1872 1213 1949 sliquid
1226 1873 1345 1932 nuncie-

139 1960 230 2026 turus,
246 1961 279 2010 ut
293 1951 342 2028 qui
357 1950 467 2010 suntin
481 1950 606 2008 vinculis
630 1951 724 2009 solent
746 1969 821 2028 saepe
843 1951 956 2010 nunciis
969 1951 1021 2026 uti,
1036 1952 1087 2028 qui
1101 1951 1272 2027 significent,
1287 1971 1346 2029 quo

137 2031 262 2090 instato
286 2051 333 2089 res
357 2031 484 2108 ipsorum
508 2030 574 2088 sint.
597 2030 658 2088 Nec
683 2030 778 2088 obstat
792 2029 870 2107 quod
885 2030 988 2088 Rhode
1009 2031 1114 2089 ancilla
1128 2029 1240 2089 dicatur
1252 2051 1346 2091 vocmn

138 2112 221 2169 Petri
232 2111 396 2188 agnovisse,
413 2111 481 2188 quia
504 2111 534 2167 in
559 2130 593 2168 eo
615 2129 674 2168 non
694 2110 859 2187 impetravit
872 2109 967 2184 fidem,
984 2119 1013 2169 et
1026 2110 1087 2168 fieri
1101 2110 1203 2187 potuit,
1218 2118 1252 2169 ut
1266 2111 1346 2170 Petri

136 2192 245 2268 injecta
258 2191 403 2249 mentione
427 2191 539 2248 uPetri
562 2189 675 2266 nuncio,
692 2190 742 2266 qui
766 2209 832 2249 cum
855 2189 906 2247 illa
929 2189 1121 2266 loquebantur
1139 2191 1268 2267 putarint
1280 2210 1345 2249 earn

140 2272 235 2329 secius
250 2290 309 2328 rem
325 2271 478 2348 accepisse.
983 2345 986 2350 Ι
1043 2269 1045 2274 ’

179 2351 253 2409 XV.
276 2350 360 2424 Quod
374 2350 487 2426 dicitur,
506 2353 519 2407 1
537 2350 602 2409 Cor.
617 2349 657 2407 xi.
674 2352 720 2422 10,
745 2351 890 2408 mulieres
906 2357 1072 2426 potestatem
1085 2349 1187 2408 babere
1201 2351 1298 2408 debere
1314 2349 1344 2409 in

134 2431 228 2506 capite
246 2439 369 2506 propter
389 2431 517 2506 Angelos,
534 2429 660 2488 ostendit
673 2429 789 2506 quidem
811 2428 943 2507 Angelos
957 2429 1080 2488 coetibus
1094 2428 1182 2488 sacris
1196 2429 1345 2506 interesse,

136 2518 167 2568 et
180 2517 270 2569 testes
284 2529 346 2568 esse
361 2510 484 2586 pietatis,
500 2509 548 2567 vel
562 2509 727 2586 impietatis,
742 2509 911 2568 humilitatis
925 2511 974 2568 vel
987 2509 1172 2586 impudentiae
1185 2509 1344 2586 hominum,

135 2590 186 2666 qui
200 2591 237 2648 iis
251 2589 440 2665 intemdsunt,
456 2609 528 2667 quos
548 2595 699 2666 propterea
712 2589 847 2648 mulieres
867 2591 992 2647 revereri
1015 2588 1147 2647 debcant.
1192 2587 1250 2647 Sed
1271 2589 1345 2647 nihil

136 2669 204 2726 hino
218 2669 336 2745 cxculpi
349 2678 445 2746 potest
468 2689 520 2746 pro
536 2668 652 2746 Angelo
667 2668 794 2745 custode,
811 2669 893 2746 quasi
907 2677 1002 2728 certus
1016 2668 1121 2746 uliquis
1136 2667 1270 2746 Angelus
1285 2669 1343 2727 sin-

160 2749 216 2806 ulis
230 2749 316 2807 datus
331 2749 376 2808 sit.
899 2753 903 2764 '

137 2769 159 2824 g
178 2829 318 2902 Quaedam
332 2829 379 2886 hic
393 2827 516 2887 dicenda
529 2835 626 2887 essent
639 2827 675 2887 de
689 2829 897 2906 confirmatione
917 2829 1052 2886 bonorum
1066 2828 1246 2903 Angelorum,
1263 2826 1343 2886 etde

130 2918 249 2983 peccato
262 2911 424 2980 mulctum
439 2907 490 2966 sed
504 2908 540 2966 de
554 2908 605 2965 illa
618 2907 734 2985 quidem
748 2915 843 2965 actum
854 2907 915 2984 jam
930 2916 974 2966 est
988 2906 1127 2983 superius,
1143 2906 1177 2966 L.
1194 2906 1248 2964 IV.
1264 2905 1298 2980 Q.
1314 2908 1341 2981 8,

136 2987 173 3044 de
187 2988 243 3046 isto
259 3007 328 3047 vero
342 2995 445 3066 agetur
457 2996 558 3065 postea
572 2987 650 3045 Loco
665 2987 701 3045 de
715 2988 842 3044 Peccato.

602 3225 795 3302 Qumsmo
816 3223 876 3282 rx.

412 3403 450 3443 DE
465 3403 696 3443 luuuucsssmttu
711 3403 749 3441 ΕΤ
763 3399 859 3442 CULTU
874 3397 1066 3440 luctuosus.

136 3543 182 3603 Aa
192 3543 295 3622 Aaqclr'
306 3544 362 3602 sint
370 3547 570 3603 Intereat-sores
579 3544 670 3602 nost-i
678 3545 758 3618 apud
766 3545 868 3617 Deum,
878 3541 974 3600 EtAn
984 3543 1073 3599 cultus
1082 3539 1184 3618 aliquis
1198 3538 1344 3617 reliqum

418 3625 472 3682 zuis
486 3625 642 3681 debeatne!
672 3622 756 3699 Neg,
772 3629 871 3681 contre
885 3617 1061 3680 Pontificios.

177 3783 203 3841 Ι.
226 3783 274 3840 Ex
289 3781 451 3840 Ministerio
467 3775 619 3858 Angelico,
635 3781 671 3838 de
686 3799 744 3856 quo
766 3788 861 3839 actum
876 3779 930 3837 fuit
943 3785 1036 3851 antea,
1052 3777 1161 3853 duplex
1175 3773 1271 3833 adhuc
1285 3774 1344 3835 ori<

137 3869 183 3918 tur
197 3861 345 3935 Quaestio:
367 3861 464 3918 Prima
478 3861 514 3918 de
528 3881 625 3919 eorum
635 3861 841 3933 Inter-cessione,
854 3856 903 3915 An
919 3875 1017 3914 eorum
1032 3855 1155 3913 officium
1170 3851 1343 3911 extendetur

136 3939 226 4014 adid,
242 3949 276 3998 ut
289 3941 379 3999 nostri
394 3941 452 3997 sint
465 3939 542 4017 apud
567 3940 662 3996 Deum
677 3937 886 3995 Intercesseres
899 3943 929 3993 et
941 3936 1049 4009 μισίτιι,
1065 3933 1114 4010 qui
1128 3932 1176 3989 vel
1190 3939 1343 4008 precentur

135 4038 187 4095 pro
200 4018 294 4092 nobis,
310 4020 359 4077 vel
379 4038 479 4095 preces
498 4027 612 4077 nostras
627 4017 690 4074 Deo
712 4014 841 4089 offerent,
857 4022 886 4072 et
907 4013 1040 4090 precibus
1055 4021 1084 4071 et
1096 4011 1207 4069 meritis
1221 4009 1281 4068 suis
1295 4028 1341 4067 ac·

136 4107 234 4174 ceptae
247 4098 395 4157 reddant?
436 4097 539 4156 Altera
553 4097 589 4156 de
604 4115 700 4155 eorum
716 4095 808 4170 Cultu,
824 4093 874 4150 An
888 4092 992 4169 aliquis
1006 4091 1102 4150 cultus
1115 4089 1270 4166 religiosus
1283 4087 1343 4146 illis

139 4177 302 4236 debeatur?
344 4178 389 4235 De
403 4185 524 4254 utruque
538 4177 638 4254 paucis
652 4193 781 4251 agemus.
925 4173 928 4186 '
958 4187 960 4194 “

163 4249 218 4315 '11.
241 4257 344 4331 Quoad
358 4257 496 4334 primom3
520 4256 671 4330 Quaeritur,
688 4253 738 4312 An
751 4252 788 4310 ed
803 4250 996 4309 Ministerium
1011 4247 1187 4326 Angelicum
1201 4245 1346 4337 pertineat

137 4334 268 4410 quaedam
279 4355 378 4394 corum
390 4335 532 4395 Mediatio
546 4343 575 4394 et
585 4334 764 4406 Intercessio‚
775 4351 833 4408 qua
846 4350 904 4389 non
917 4328 1003 4387 modo
1017 4336 1170 4405 precentur
1182 4345 1234 4403 pro
1248 4324 1342 4399 nobrs,

137 4414 187 4472 sed
201 4416 289 4473 etiam
303 4435 404 4492 preces
417 4425 531 4474 nostras
545 4415 582 4472 ad
598 4415 691 4472 Deum
706 4412 844 4486 deferant,
859 4419 889 4469 et
908 4407 1067 4487 patrocinio
1088 4425 1140 4466 sno
1161 4423 1195 4464 sc
1209 4403 1344 4482 precibus

136 4513 189 4552 nos
204 4495 269 4553 Deo
294 4502 428 4572 acceptos
453 4503 482 4553 et
505 4492 747 4553 commendabiles
770 4489 915 4550 reddent?
936 4485 1080 4546 Pontificii
1099 4486 1259 4560 affirmant;
1282 4483 1346 4542 Nos

138 4591 289 4649 negamus.
