3174 5174
122 387 246 440 curer.
261 367 307 450 a]
592 387 631 428 on
645 387 847 432 rnormnuum
860 389 921 432 nur.
1279 381 1339 440 455

119 528 335 590 mmmnneum
365 524 495 588 sufficere
516 527 692 590 existimant
734 529 798 590 Alii
817 549 888 590 vero
907 535 1070 610 utrumque,
1093 539 1123 596 et
1143 534 1284 612 pretim
1306 545 1338 598 et

123 609 343 684 simultaneum,
356 607 404 666 hic
418 608 653 686 conjungendum
667 627 731 670 esse
744 617 856 687 putant,
871 618 904 673 ut
917 618 978 672 tota
991 611 1065 672 ratio
1075 613 1269 678 Ptevidcntise
1279 617 1337 678 Dei

122 690 185 748 rite
205 688 385 766 explicetur:
411 687 494 747 Licet
507 709 577 748 vero
598 707 703 766 graves
722 707 782 749 non
802 689 898 750 desint
918 692 1053 768 utrinque
1073 693 1208 770 rationes,
1229 695 1335 772 quibus

121 767 274 830 senentis
296 785 408 845 negans
421 767 470 826 vel
489 767 634 828 affirmans
654 767 1002 846 commemorarem
1022 779 1128 850 nmen,
1150 781 1180 837 et
1199 775 1335 838 tutiorem

123 847 319 926 posteriorem
332 866 396 908 esse
410 846 562 908 credimus.

436 926 510 985 VII.
533 927 590 986 Pro
613 926 669 988 hae
696 928 838 990 scntcmia
864 928 997 1007 militant,
1026 937 1131 1010 prater
1151 940 1331 1010 arguments,

136 991 361 1096 officiumst&
395 1024 461 1082 quse
478 1006 653 1083 praecedeuti
674 1006 839 1082 Questicne
860 1006 985 1070 adduce
1005 1011 1131 1072 suntad
1151 1012 1333 1089 probandum

219 1064 263 1108 ΨΟ
337 1083 344 1098 ’
392 1085 594 1162 particularem
609 1086 665 1146 Dei
679 1106 861 1164 concursum,
877 1096 907 1148 et
920 1090 1079 1166 sequentia.
1115 1094 1141 1150 1.
1158 1092 1206 1152 Ex
1225 1101 1333 1154 nam

122 1181 222 1222 cerm
229 1163 336 1238 prime
349 1172 376 1222 et
386 1165 613 1226 subordinatione
625 1187 776 1226 causamn
789 1170 984 1229 sonandarum.
1001 1170 1100 1229 Prima
1113 1189 1201 1233 causa
1213 1180 1259 1232 est
1272 1172 1330 1250 pri-

125 1262 209 1302 mum
222 1261 345 1302 movens
358 1242 389 1302 in
403 1245 481 1304 omni
495 1246 615 1323 acdona,
631 1246 697 1305 ideo
711 1265 798 1306 causa
812 1247 938 1308 secunde
951 1268 1010 1309 non
1026 1257 1122 1342 potest
1135 1269 1260 1328 movere,
1275 1252 1333 1312 nisi

123 1329 287 1397 moveatur,
299 1341 354 1382 nec
364 1343 459 1400 agere,
470 1324 528 1384 nisi
537 1333 601 1386 acta
611 1326 742 1403 aprima;
757 1326 866 1404 alioqui
879 1328 934 1389 erit
946 1328 1118 1408 principium
1129 1331 1175 1390 sui
1185 1337 1289 1408 motus,
1301 1339 1332 1394 et

124 1401 170 1460 sic
184 1419 243 1460 non
254 1402 379 1478 amplius
393 1412 470 1464 esset
483 1423 571 1464 causa
584 1405 718 1480 maunda,
734 1405 786 1466 sed
795 1406 896 1484 prima.
919 1408 1084 1486 Necexcipi
1097 1417 1201 1488 potest,
1214 1430 1330 1474 causam

124 1481 286 1542 secundam
308 1500 421 1560 semper
441 1477 623 1544 subordinari
642 1485 750 1563 primae,
772 1494 835 1544 nrm
855 1487 965 1546 ratione
979 1507 1136 1550 concursus
1156 1489 1329 1568 simultatum

122 1560 178 1638 qui
192 1569 238 1620 est
251 1569 356 1620 natura
368 1572 398 1622 et
411 1563 511 1622 ordine
525 1564 604 1641 prior
616 1583 758 1626 concursu
771 1574 917 1642 creaturae,
939 1575 1002 1628 tun
1014 1567 1125 1630 ratione
1146 1571 1330 1632 emanato-

124 1638 173 1698 nis
187 1639 366 1716 facultatum,
381 1663 433 1720 per
446 1662 519 1720 quas
532 1645 594 1721 agit
607 1663 695 1706 cauea
708 1645 843 1706 secunda.
874 1646 911 1709 R.
927 1647 1002 1706 Nam
1016 1656 1149 1708 neutmm
1163 1656 1259 1726 potest
1272 1649 1328 1710 eal-

124 1738 197 1778 vare
211 1719 433 1797 dependentium
447 1743 540 1784 causae
555 1724 689 1784 secunda
709 1723 739 1782 in
753 1723 875 1801 agendo.
911 1725 978 1786 Non
991 1727 1080 1804 prius,
1095 1728 1164 1804 quia
1180 1728 1232 1790 ubi
1245 1727 1330 1791 datur

122 1805 238 1858 tantum
252 1819 409 1863 concursus
430 1802 626 1879 simultaneus,
649 1803 690 1862 ibi
711 1804 792 1864 Deus
812 1814 947 1880 operatur
967 1808 1078 1883 qsadcm
1096 1829 1161 1868 cum
1176 1809 1327 1885 Orcum

124 1877 183 1936 sed
195 1898 254 1936 nen
266 1879 294 1938 in
307 1900 351 1955 ea,
366 1891 396 1942 et
410 1901 497 1942 cause
512 1885 549 1940 1Ιι
559 1892 589 1942 et
602 1887 644 1942 2⁸
659 1889 727 1943 suut
737 1903 832 1942 causae
845 1884 981 1962 partiales
994 1894 1024 1945 et
1037 1886 1123 1948 socie
1136 1887 1267 1963 ejusdem
1281 1907 1328 1950 ac·

126 1956 227 2034 tionis,
249 1960 391 2034 quomodo
412 1960 469 2022 duo
490 1963 557 2040 equi
577 1963 724 2022 trahentes
744 1983 876 2040 currum3
898 1970 928 2025 et
948 1964 989 2024 sic
1010 1984 1190 2042 mequaeque
1211 1966 1330 2028 adhibet

125 2037 276 2113 proprium
290 2048 320 2098 et
332 2041 507 2116 peculiarem
520 2041 671 2118 influxum,
687 2060 773 2118 quem
788 2043 875 2107 habet
888 2063 907 2101 a
920 2044 1022 2121 seipsa,
1036 2044 1079 2104 ita
1091 2052 1125 2104 ut
1138 2045 1169 2103 in
1182 2044 1329 2106 influendo

125 2134 186 2174 non
202 2117 238 2176 de
275 2118 364 2178 ndeat
377 2141 415 2178 ex
428 2121 542 2182 influxu
555 2121 674 2182 alterius
688 2141 790 2196 musa,
806 2131 943 2198 tanquam
963 2141 981 2182 a
995 2142 1083 2186 causa
1096 2143 1164 2183 vere
1178 2123 1327 2204 efficiente,

124 2193 196 2254 Iicet
208 2137 329 2256 effipiam
343 2198 504 2278 dependeat
523 2202 561 2260 ab
580 2211 711 2278 utreque.
747 2202 813 2260 Non
826 2202 977 2279 posterius,
993 2203 1062 2280 quia
1083 2204 1329 2266 conservatione

126 2283 199 2334 turae
212 2283 245 2336 et
256 2277 363 2336 virium
377 2279 449 2356 ejus,
465 2279 552 2340 efficit
564 2280 690 2358 quidem,
702 2287 735 2340 ut
749 2301 836 2342 cause
850 2281 976 2342 secunda
995 2281 1119 2359 pendeat
1133 2303 1151 2340 a
1162 2283 1225 2341 Deo
1239 2283 1270 2342 in
1283 2301 1328 2342 cs·

125 2355 226 2431 sendo,
243 2356 297 2416 eed
311 2376 370 2417 non
383 2359 414 2418 ἰιι
428 2358 572 2437 operando
594 2367 623 2418 et
637 2359 791 2435 causando,
807 2360 844 2419 de
858 2381 915 2438 quo
929 2361 1086 2437 quaeritur:
1118 2360 1267 2440 Siquidem
1280 2362 1329 2423 hic

123 2436 223 2512 agitur
237 2435 274 2494 de
288 2437 414 2498 motione
435 2447 465 2498 et
483 2438 722 2498 determinatione
741 2459 836 2500 musae
857 2439 999 2516 secundae,
1014 2461 1080 2517 quse
1102 2441 1127 2500 si
1147 2461 1165 2500 a
1186 2442 1249 2502 Deo
1270 2460 1330 2502 non

123 2513 188 2574 fieri
202 2515 347 2593 statuitur,
370 2517 421 2578 scd
442 2516 536 2578 asela
549 2520 687 2594 creatura,
708 2539 743 2580 eo
756 2519 820 2596 ipso
838 2519 894 2580 erit
906 2519 1104 2598 independens
1117 2521 1148 2580 in
1161 2520 1284 2599 agendo,
1299 2529 1330 2584 et

125 2593 208 2654 Deus
221 2615 282 2654 non
295 2597 401 2674 poterit
415 2597 526 2659 censeri
542 2618 629 2658 causa
642 2598 737 2677 prima
756 2599 836 2660 illius
858 2599 1003 2677 motionis,
1019 2619 1084 2677 quse
1105 2608 1211 2664 utens
1232 2609 1330 2664 minen

14 2677 16 2740 ξ
122 2673 213 2734 debet
226 2676 353 2754 pendere
367 2696 384 2734 a
399 2677 472 2738 Deo.

165 2753 260 2814 VIII.
282 2759 310 2814 2.
326 2755 411 2832 Quod
424 2765 469 2816 est
485 2776 523 2816 ex
537 2776 568 2816 se
582 2755 749 2819 indifferens
767 2757 805 2817 ad
817 2758 916 2836 plures
930 2765 1020 2835 actus,
1041 2759 1079 2818 ed
1102 2759 1256 2837 agendum,
1278 2766 1330 2822 aut

125 2853 184 2892 non
198 2834 354 2912 agendum,
366 2855 483 2896 necesse
497 2844 542 2896 est
551 2845 584 2898 ut
596 2838 635 2897 ad
649 2837 793 2915 agendum
807 2837 845 2898 ab
858 2838 916 2896 alio
930 2838 1151 2914 determinetur;
1167 2839 1242 2914 Quia
1250 2837 1330 2917 quod

123 2923 169 2974 est
189 2915 222 2972 iu
242 2915 381 2992 potentia,
396 2935 455 2974 non
475 2923 571 2994 potest
591 2917 691 2976 reduci
711 2918 742 2974 in
762 2927 867 2992 actum,
882 2917 940 2975 nisi
960 2917 1118 2994 abaliquo,
1138 2918 1218 2996 quod
1240 2919 1328 2978 sitin

124 3001 211 3071 actu;
243 2993 302 3054 Sed
323 2995 417 3056 omnis
431 3016 518 3056 causa
539 2996 673 3072 secunda,
689 3003 719 3055 et
734 2996 878 3074 praecipue
891 2995 1028 3056 voluntas
1047 2996 1173 3056 hominis
1193 3005 1239 3056 est
1251 2997 1328 3058 talis.

127 3073 208 3151 Ergo
220 3093 339 3134 necesse
350 3083 403 3152 est,
415 3084 448 3135 ut
458 3076 602 3154 abaliquo
613 3076 671 3134 alio
685 3075 826 3152 principio
840 3083 961 3136 externo
973 3073 1178 3134 determinetur
1191 3075 1229 3133 ad
1239 3094 1328 3152 agen·

128 3152 206 3229 dum,
217 3153 297 3230 quod
310 3174 370 3214 non
382 3163 479 3233 potest
491 3156 571 3216 aliud
585 3175 648 3216 esee
663 3155 701 3214 ab
717 3155 780 3232 ipso
791 3155 863 3214 Deo.
906 3155 968 3214 Nec
982 3154 1039 3214 dici
1054 3154 1148 3228 debet,
1163 3152 1328 3214 indifferen-

126 3232 198 3292 tiam
212 3233 372 3295 voluntatis
384 3235 433 3296 vel
454 3255 605 3296 ceumrum
619 3233 809 3294 secundarum
829 3253 888 3292 non
912 3234 1026 3294 obstare
1044 3233 1199 3311 quominus
1219 3233 1330 3312 seipsas

126 3311 328 3390 determinent,
338 3314 454 3391 quando
467 3315 583 3392 propria
595 3315 711 3392 objecta
723 3313 795 3391 ipsis
808 3311 966 3374 offenmtur
978 3336 985 3374 ι
1007 3313 1082 3389 Quia
1094 3313 1164 3374 licet
1176 3331 1271 3392 cause
1284 3331 1328 3375 se-

127 3391 231 3452 cundae
245 3392 383 3454 virtutem
404 3394 592 3454 sufficientem
606 3393 712 3472 agendi
725 3393 851 3455 habeant
864 3393 894 3452 in
908 3392 1009 3453 ordine
1023 3413 1174 3454 causarum
1188 3393 1328 3454 secunda-

128 3491 191 3530 rum
205 3479 236 3532 et
249 3473 363 3550 possint
382 3475 492 3552 seipsas
506 3473 695 3534 determinare
709 3473 816 3534 adhoc
836 3474 886 3534 vel
904 3472 978 3534 illud
997 3473 1161 3552 agendum
1180 3493 1241 3534 non
1254 3473 1329 3534 desi·

127 3559 201 3612 nunt
215 3561 313 3610 umen
333 3574 406 3631 opus
419 3554 526 3614 habere
538 3553 724 3632 premotione
740 3553 797 3612 Dei
816 3553 854 3614 ud
875 3551 1074 3616 certitudinem
1093 3561 1217 3614 eventus
1229 3573 1329 3616 conse·

149 3631 289 3692 uendam:
303 3631 375 3692 alias
388 3653 454 3693 cum
465 3653 503 3692 ex
516 3641 619 3694 natura
632 3653 685 3696 sua
698 3631 895 3696 indifferentes
909 3634 975 3712 sint,
985 3634 1168 3712 praescientia
1179 3634 1236 3694 Dei
1249 3634 1330 3694 nulls

127 3650 165 3770 de
179 3711 239 3770 illis
253 3719 333 3772 certa
345 3712 446 3772 haberi
458 3721 566 3790 posset.

53 3841 56 3847 .
170 3789 231 3850 IX.
253 3791 360 3868 Tertio,
383 3793 415 3854 Si
430 3793 510 3853 Deus
523 3812 582 3852 non
595 3799 747 3854 concurrat
760 3811 903 3854 concursu
915 3791 1033 3871 praevio,
1048 3788 1265 3852 determinando
1279 3809 1329 3850 an·

129 3869 296 3929 tecedenter
309 3865 469 3932 creaturam
481 3873 520 3931 ad
533 3881 630 3933 actum
644 3891 747 3949 suum;
775 3890 870 3948 neque
930 3871 996 3930 terit
1010 3870 1151 3947 conjungi
1171 3869 1202 3927 in
1215 3869 1329 3946 egendo

128 3967 198 4008 cum
211 3959 341 4015 creatura
354 3971 496 4012 concursu
512 3952 693 4012 simrdtaneo.
735 3950 811 4010 Nam
831 3956 865 4010 ut
898 3969 944 4008 ue
963 3950 1129 4009 voluntates
1147 3947 1247 4008 libera
1260 3967 1329 4008 con·

123 4027 263 4168 junffliflet
282 4031 436 4126 convenire
448 4033 570 4126 possint,
584 4029 622 4090 ad
641 4029 762 4124 eandem
776 4047 956 4168 ctndnmungm
978 4027 1119 4088 actionem
1135 4026 1221 4166 simufl
1234 4035 1264 4088 et
1276 4028 1330 4088 im·

128 4127 181 4248 ι
193 4109 909 4268 mantas
918 4125 1057 4265 ιιι
1064 4115 1333 4280 maan

128 4267 216 4329 talem
231 4270 374 4330 wionem
388 4272 510 4348 elicere;
532 4271 590 4334 Vel
610 4269 703 4330 ambe
716 4289 735 4328 a
747 4267 872 4346 quadam
889 4275 1066 4345 prepotente
1086 4285 1174 4328 causa
1191 4284 1332 4344 snpenon

129 4349 270 4488 Qun&
284 4348 391 4410 debent
404 4351 443 4412 ad
456 4351 578 4412 eandem
591 4350 734 4444 actionem
748 4348 850 4486 mdadm
863 4355 971 4486 punstrito
985 4346 1122 4484 templltiris
1142 4345 1332 4486 eltincieztdafflffi

129 4527 188 4568 non
201 4428 781 4589 hemgssffimprffissdssgfflet}
794 4446 1038 4568 dliiiiedieffi
1051 4445 1247 4584 οιιιοῗιιέοιιὲιι
1260 4505 1331 4568 atte-

129 4588 197 4666 rius,
212 4598 243 4650 et
258 4599 468 4668 consequenter
481 4590 653 4653 determinat
666 4609 783 4652 causam
797 4589 917 4650 alteram
926 4586 964 4648 ud
972 4586 1134 4665 agendum3
1148 4605 1216 4648 nam
1228 4593 1333 4664 preter

128 4667 181 4730 hos
195 4669 393 4735 conveniendi
405 4679 436 4732 et
449 4670 637 4736 concurrendi
651 4670 689 4732 ad
701 4669 919 4751 productorem
933 4666 1019 4766 unius
1032 4666 1219 4748 ejusdemque
1232 4686 1332 4748 opera·
