<?xml version="1.0" encoding="UTF-8"?>
<!DOCTYPE html PUBLIC "-//W3C//DTD XHTML 1.0 Transitional//EN"
    "http://www.w3.org/TR/xhtml1/DTD/xhtml1-transitional.dtd">
<html xmlns="http://www.w3.org/1999/xhtml" xml:lang="en" lang="en">
 <head>
  <title>
</title>
<meta http-equiv="Content-Type" content="text/html;charset=utf-8" />
  <meta name='ocr-system' content='tesseract 3.04.00' />
  <meta name='ocr-capabilities' content='ocr_page ocr_carea ocr_par ocr_line ocrx_word'/>
</head>
<body>
  <div class='ocr_page' id='page_1' title='image "./francisciturret01pictgoog_0513.png"; bbox 0 0 3174 5174; ppageno 0'>
   <div class='ocr_carea' id='block_1_1' title="bbox 252 341 1573 436">
    <p class='ocr_par' dir='ltr' id='par_1_1' title="bbox 252 341 1573 436">
     <span class='ocr_line' id='line_1_1' title="bbox 252 341 1573 436; baseline 0.005 -36"><span class='ocrx_word' id='word_1_1' title='bbox 252 345 311 405; x_wconf 83' lang='lat'><strong>458</strong></span> <span class='ocrx_word' id='word_1_2' title='bbox 687 359 779 403; x_wconf 79' lang='lat' dir='ltr'><strong>cocus</strong></span> <span class='ocrx_word' id='word_1_3' title='bbox 794 359 913 402; x_wconf 77' lang='lat' dir='ltr'><strong>sexsus.</strong></span> <span class='ocrx_word' id='word_1_4' title='bbox 1264 341 1398 423; x_wconf 73' lang='lat' dir='ltr'><strong>[eumer.</strong></span> <span class='ocrx_word' id='word_1_5' title='bbox 1414 363 1456 406; x_wconf 85' lang='lat' dir='ltr'><strong>vr.</strong></span> <span class='ocrx_word' id='word_1_6' title='bbox 1572 429 1573 436; x_wconf 8' lang='grc' dir='ltr'>ἵ</span> 
     </span>
    </p>
   </div>
   <div class='ocr_carea' id='block_1_2' title="bbox 190 499 1575 3372">
    <p class='ocr_par' dir='ltr' id='par_1_2' title="bbox 249 499 1575 2111">
     <span class='ocr_line' id='line_1_2' title="bbox 252 499 1454 582; baseline 0 -18"><span class='ocrx_word' id='word_1_7' title='bbox 252 503 302 564; x_wconf 88' lang='lat' dir='ltr'><strong>vel</strong></span> <span class='ocrx_word' id='word_1_8' title='bbox 315 501 456 578; x_wconf 88' lang='lat' dir='ltr'><strong>illicitum,</strong></span> <span class='ocrx_word' id='word_1_9' title='bbox 471 521 535 582; x_wconf 78' lang='lat' dir='ltr'><strong>que</strong></span> <span class='ocrx_word' id='word_1_10' title='bbox 548 500 636 562; x_wconf 88' lang='lat' dir='ltr'><strong>habet</strong></span> <span class='ocrx_word' id='word_1_11' title='bbox 649 501 788 562; x_wconf 87' lang='lat' dir='ltr'><strong>rationem</strong></span> <span class='ocrx_word' id='word_1_12' title='bbox 795 501 953 578; x_wconf 48' lang='lat' dir='ltr'><strong>fontalia·</strong></span> <span class='ocrx_word' id='word_1_13' title='bbox 973 505 1054 579; x_wconf 86' lang='lat' dir='ltr'><strong>patet</strong></span> <span class='ocrx_word' id='word_1_14' title='bbox 1067 499 1175 560; x_wconf 89' lang='lat' dir='ltr'><strong>nullam</strong></span> <span class='ocrx_word' id='word_1_15' title='bbox 1196 500 1342 562; x_wconf 73' lang='lat' dir='ltr'><strong>actionem</strong></span> <span class='ocrx_word' id='word_1_16' title='bbox 1365 523 1454 581; x_wconf 85' lang='lat' dir='ltr'><strong>posse</strong></span> 
     </span>
     <span class='ocr_line' id='line_1_3' title="bbox 252 580 1456 660; baseline 0.001 -18"><span class='ocrx_word' id='word_1_17' title='bbox 252 583 314 642; x_wconf 91' lang='lat' dir='ltr'><strong>dici</strong></span> <span class='ocrx_word' id='word_1_18' title='bbox 329 583 520 644; x_wconf 75' lang='lat' dir='ltr'><strong>essentialiter</strong></span> <span class='ocrx_word' id='word_1_19' title='bbox 539 582 644 640; x_wconf 91' lang='lat' dir='ltr'><strong>bonam</strong></span> <span class='ocrx_word' id='word_1_20' title='bbox 658 583 707 642; x_wconf 81' lang='lat' dir='ltr'><strong>vel</strong></span> <span class='ocrx_word' id='word_1_21' title='bbox 720 582 835 656; x_wconf 83' lang='lat' dir='ltr'><strong>malam,</strong></span> <span class='ocrx_word' id='word_1_22' title='bbox 851 580 902 640; x_wconf 88' lang='lat' dir='ltr'><strong>sed</strong></span> <span class='ocrx_word' id='word_1_23' title='bbox 916 587 1029 640; x_wconf 88' lang='lat' dir='ltr'><strong>tantum</strong></span> <span class='ocrx_word' id='word_1_24' title='bbox 1042 590 1128 660; x_wconf 91' lang='lat' dir='ltr'><strong>prout</strong></span> <span class='ocrx_word' id='word_1_25' title='bbox 1141 589 1185 640; x_wconf 88' lang='lat' dir='ltr'><strong>cst</strong></span> <span class='ocrx_word' id='word_1_26' title='bbox 1198 581 1246 640; x_wconf 90' lang='lat' dir='ltr'><strong>hic</strong></span> <span class='ocrx_word' id='word_1_27' title='bbox 1259 589 1290 642; x_wconf 92' lang='lat' dir='ltr'><strong>et</strong></span> <span class='ocrx_word' id='word_1_28' title='bbox 1305 602 1386 642; x_wconf 88' lang='lat' dir='ltr'><strong>nunc</strong></span> <span class='ocrx_word' id='word_1_29' title='bbox 1400 584 1456 644; x_wconf 87' lang='lat' dir='ltr'><strong>cir-</strong></span> 
     </span>
     <span class='ocr_line' id='line_1_4' title="bbox 254 660 1458 740; baseline -0.001 -16"><span class='ocrx_word' id='word_1_30' title='bbox 254 663 457 724; x_wconf 75' lang='lat' dir='ltr'><strong>cumstantiata</strong></span> <span class='ocrx_word' id='word_1_31' title='bbox 469 663 500 720; x_wconf 94' lang='lat' dir='ltr'><strong>in</strong></span> <span class='ocrx_word' id='word_1_32' title='bbox 514 681 619 740; x_wconf 85' lang='lat' dir='ltr'><strong>genere</strong></span> <span class='ocrx_word' id='word_1_33' title='bbox 633 662 729 735; x_wconf 87' lang='lat' dir='ltr'><strong>moris,</strong></span> <span class='ocrx_word' id='word_1_34' title='bbox 753 660 793 720; x_wconf 93' lang='lat' dir='ltr'><strong>id.</strong></span> <span class='ocrx_word' id='word_1_35' title='bbox 817 681 882 720; x_wconf 89' lang='lat' dir='ltr'><strong>cum</strong></span> <span class='ocrx_word' id='word_1_36' title='bbox 905 661 987 736; x_wconf 70' lang='grc' dir='ltr'><strong>σχίω</strong></span> <span class='ocrx_word' id='word_1_37' title='bbox 1012 661 1049 719; x_wconf 89' lang='lat' dir='ltr'><strong>ad</strong></span> <span class='ocrx_word' id='word_1_38' title='bbox 1071 661 1127 720; x_wconf 89' lang='lat' dir='ltr'><strong>hcc</strong></span> <span class='ocrx_word' id='word_1_39' title='bbox 1147 661 1195 720; x_wconf 83' lang='lat' dir='ltr'><strong>vel</strong></span> <span class='ocrx_word' id='word_1_40' title='bbox 1216 661 1290 721; x_wconf 93' lang='lat' dir='ltr'><strong>illud</strong></span> <span class='ocrx_word' id='word_1_41' title='bbox 1303 662 1458 740; x_wconf 89' lang='lat' dir='ltr'><strong>objectum</strong></span> 
     </span>
     <span class='ocr_line' id='line_1_5' title="bbox 252 739 1457 820; baseline -0.002 -16"><span class='ocrx_word' id='word_1_42' title='bbox 252 743 361 804; x_wconf 87' lang='lat' dir='ltr'><strong>morale</strong></span> <span class='ocrx_word' id='word_1_43' title='bbox 381 743 489 802; x_wconf 90' lang='lat' dir='ltr'><strong>bonum</strong></span> <span class='ocrx_word' id='word_1_44' title='bbox 503 741 551 802; x_wconf 80' lang='lat' dir='ltr'><strong>rel</strong></span> <span class='ocrx_word' id='word_1_45' title='bbox 565 742 691 802; x_wconf 89' lang='lat' dir='ltr'><strong>malum:</strong></span> <span class='ocrx_word' id='word_1_46' title='bbox 714 739 761 800; x_wconf 86' lang='lat' dir='ltr'><strong>Ita</strong></span> <span class='ocrx_word' id='word_1_47' title='bbox 774 741 876 803; x_wconf 83' lang='lat' dir='ltr'><strong>volitio</strong></span> <span class='ocrx_word' id='word_1_48' title='bbox 897 739 1012 802; x_wconf 87' lang='lat' dir='ltr'><strong>furendi</strong></span> <span class='ocrx_word' id='word_1_49' title='bbox 1032 739 1248 820; x_wconf 83' lang='lat' dir='ltr'><strong>reduplicative,</strong></span> <span class='ocrx_word' id='word_1_50' title='bbox 1274 749 1305 800; x_wconf 87' lang='lat' dir='ltr'><strong>et</strong></span> <span class='ocrx_word' id='word_1_51' title='bbox 1329 741 1457 802; x_wconf 72' lang='lat' dir='ltr'><strong>circum</strong></span> 
     </span>
     <span class='ocr_line' id='line_1_6' title="bbox 253 819 1456 900; baseline 0 -18"><span class='ocrx_word' id='word_1_52' title='bbox 253 822 389 882; x_wconf 61' lang='lat' dir='ltr'><strong>suntiata</strong></span> <span class='ocrx_word' id='word_1_53' title='bbox 401 822 449 880; x_wconf 89' lang='lat' dir='ltr'><strong>bic</strong></span> <span class='ocrx_word' id='word_1_54' title='bbox 463 829 492 879; x_wconf 91' lang='lat' dir='ltr'><strong>et</strong></span> <span class='ocrx_word' id='word_1_55' title='bbox 506 841 583 879; x_wconf 88' lang='lat' dir='ltr'><strong>nuuc</strong></span> <span class='ocrx_word' id='word_1_56' title='bbox 596 821 634 879; x_wconf 86' lang='lat' dir='ltr'><strong>sd</strong></span> <span class='ocrx_word' id='word_1_57' title='bbox 654 821 763 880; x_wconf 90' lang='lat' dir='ltr'><strong>bonum</strong></span> <span class='ocrx_word' id='word_1_58' title='bbox 783 820 917 898; x_wconf 85' lang='lat' dir='ltr'><strong>alienum,</strong></span> <span class='ocrx_word' id='word_1_59' title='bbox 940 829 984 880; x_wconf 89' lang='lat' dir='ltr'><strong>est</strong></span> <span class='ocrx_word' id='word_1_60' title='bbox 1005 820 1121 900; x_wconf 89' lang='lat' dir='ltr'><strong>quidem</strong></span> <span class='ocrx_word' id='word_1_61' title='bbox 1142 819 1334 880; x_wconf 76' lang='lat' dir='ltr'><strong>essentialiter</strong></span> <span class='ocrx_word' id='word_1_62' title='bbox 1354 822 1456 896; x_wconf 68' lang='lat' dir='ltr'><strong>melier</strong></span> 
     </span>
     <span class='ocr_line' id='line_1_7' title="bbox 251 899 1458 978; baseline -0.002 -16"><span class='ocrx_word' id='word_1_63' title='bbox 251 903 303 962; x_wconf 90' lang='lat' dir='ltr'><strong>scd</strong></span> <span class='ocrx_word' id='word_1_64' title='bbox 311 901 421 976; x_wconf 86' lang='lat' dir='ltr'><strong>volitio,</strong></span> <span class='ocrx_word' id='word_1_65' title='bbox 437 901 484 960; x_wconf 92' lang='lat' dir='ltr'><strong>cui</strong></span> <span class='ocrx_word' id='word_1_66' title='bbox 497 900 603 960; x_wconf 88' lang='lat' dir='ltr'><strong>accidit</strong></span> <span class='ocrx_word' id='word_1_67' title='bbox 616 900 667 960; x_wconf 89' lang='lat' dir='ltr'><strong>illa</strong></span> <span class='ocrx_word' id='word_1_68' title='bbox 681 899 902 976; x_wconf 83' lang='lat' dir='ltr'><strong>circumstantia,</strong></span> <span class='ocrx_word' id='word_1_69' title='bbox 916 920 969 978; x_wconf 91' lang='lat' dir='ltr'><strong>per</strong></span> <span class='ocrx_word' id='word_1_70' title='bbox 982 919 1069 978; x_wconf 84' lang='lat' dir='ltr'><strong>quam</strong></span> <span class='ocrx_word' id='word_1_71' title='bbox 1082 907 1128 960; x_wconf 88' lang='lat' dir='ltr'><strong>est</strong></span> <span class='ocrx_word' id='word_1_72' title='bbox 1137 899 1238 960; x_wconf 86' lang='lat' dir='ltr'><strong>volitio</strong></span> <span class='ocrx_word' id='word_1_73' title='bbox 1252 900 1378 978; x_wconf 83' lang='lat' dir='ltr'><strong>lirrandi,</strong></span> <span class='ocrx_word' id='word_1_74' title='bbox 1395 921 1458 960; x_wconf 92' lang='lat' dir='ltr'><strong>non</strong></span> 
     </span>
     <span class='ocr_line' id='line_1_8' title="bbox 251 979 1574 1058; baseline 0.002 -18"><span class='ocrx_word' id='word_1_75' title='bbox 251 983 328 1041; x_wconf 87' lang='lat' dir='ltr'><strong>item.</strong></span> <span class='ocrx_word' id='word_1_76' title='bbox 353 980 453 1040; x_wconf 74' lang='lat' dir='ltr'><strong>Nihil</strong></span> <span class='ocrx_word' id='word_1_77' title='bbox 467 981 564 1040; x_wconf 87' lang='lat' dir='ltr'><strong>obstat</strong></span> <span class='ocrx_word' id='word_1_78' title='bbox 577 1000 646 1058; x_wconf 85' lang='lat' dir='ltr'><strong>ergo</strong></span> <span class='ocrx_word' id='word_1_79' title='bbox 663 979 757 1040; x_wconf 89' lang='lat' dir='ltr'><strong>Deum</strong></span> <span class='ocrx_word' id='word_1_80' title='bbox 771 999 835 1040; x_wconf 88' lang='lat' dir='ltr'><strong>esse</strong></span> <span class='ocrx_word' id='word_1_81' title='bbox 849 999 966 1040; x_wconf 84' lang='lat' dir='ltr'><strong>causam</strong></span> <span class='ocrx_word' id='word_1_82' title='bbox 979 979 1063 1040; x_wconf 84' lang='lat' dir='ltr'><strong>istius</strong></span> <span class='ocrx_word' id='word_1_83' title='bbox 1077 979 1206 1055; x_wconf 82' lang='lat' dir='ltr'><strong>actionis,</strong></span> <span class='ocrx_word' id='word_1_84' title='bbox 1230 979 1283 1038; x_wconf 89' lang='lat' dir='ltr'><strong>sed</strong></span> <span class='ocrx_word' id='word_1_85' title='bbox 1306 989 1458 1057; x_wconf 85' lang='lat' dir='ltr'><strong>quatenus</strong></span> <span class='ocrx_word' id='word_1_86' title='bbox 1573 1029 1574 1052; x_wconf 62' lang='lat'><strong>.</strong></span> 
     </span>
     <span class='ocr_line' id='line_1_9' title="bbox 251 1059 1574 1138; baseline -0.002 -16"><span class='ocrx_word' id='word_1_87' title='bbox 251 1070 295 1122; x_wconf 89' lang='lat' dir='ltr'><strong>est</strong></span> <span class='ocrx_word' id='word_1_88' title='bbox 308 1059 384 1120; x_wconf 88' lang='lat' dir='ltr'><strong>actio</strong></span> <span class='ocrx_word' id='word_1_89' title='bbox 399 1059 554 1138; x_wconf 85' lang='lat' dir='ltr'><strong>singularis</strong></span> <span class='ocrx_word' id='word_1_90' title='bbox 568 1060 736 1138; x_wconf 89' lang='lat' dir='ltr'><strong>simpliciter</strong></span> <span class='ocrx_word' id='word_1_91' title='bbox 749 1059 779 1118; x_wconf 90' lang='lat' dir='ltr'><strong>in</strong></span> <span class='ocrx_word' id='word_1_92' title='bbox 793 1079 902 1137; x_wconf 86' lang='lat' dir='ltr'><strong>genere</strong></span> <span class='ocrx_word' id='word_1_93' title='bbox 913 1059 997 1136; x_wconf 86' lang='lat' dir='ltr'><strong>entis,</strong></span> <span class='ocrx_word' id='word_1_94' title='bbox 1012 1067 1144 1136; x_wconf 84' lang='lat' dir='ltr'><strong>respectu</strong></span> <span class='ocrx_word' id='word_1_95' title='bbox 1154 1059 1321 1138; x_wconf 73' lang='lat' dir='ltr'><strong>metcruIis,</strong></span> <span class='ocrx_word' id='word_1_96' title='bbox 1331 1059 1456 1122; x_wconf 88' lang='lat' dir='ltr'><strong>sednon</strong></span> <span class='ocrx_word' id='word_1_97' title='bbox 1573 1073 1574 1112; x_wconf 82' lang='grc' dir='ltr'><strong>ἱ</strong></span> 
     </span>
     <span class='ocr_line' id='line_1_10' title="bbox 250 1137 1460 1298; baseline 0 -18"><span class='ocrx_word' id='word_1_98' title='bbox 250 1139 532 1298; x_wconf 54' lang='lat' dir='ltr'><strong>uterlibet?</strong></span> <span class='ocrx_word' id='word_1_99' title='bbox 547 1139 1100 1298; x_wconf 57' lang='lat' dir='ltr'><strong>{tererestereres</strong></span> <span class='ocrx_word' id='word_1_100' title='bbox 1120 1137 1460 1295; x_wconf 66' lang='lat' dir='ltr'><strong>b.t⁶,}¹.?t..¹¹¹l.‘¹⁵..t</strong></span> 
     </span>
     <span class='ocr_line' id='line_1_11' title="bbox 250 1298 1455 1377; baseline 0.002 -19"><span class='ocrx_word' id='word_1_101' title='bbox 250 1300 316 1376; x_wconf 83' lang='lat' dir='ltr'><strong>Dei,</strong></span> <span class='ocrx_word' id='word_1_102' title='bbox 332 1298 411 1375; x_wconf 90' lang='lat' dir='ltr'><strong>quod</strong></span> <span class='ocrx_word' id='word_1_103' title='bbox 425 1298 591 1360; x_wconf 88' lang='lat' dir='ltr'><strong>obtenditur</strong></span> <span class='ocrx_word' id='word_1_104' title='bbox 604 1319 622 1358; x_wconf 89' lang='lat' dir='ltr'><strong>a</strong></span> <span class='ocrx_word' id='word_1_105' title='bbox 635 1299 724 1358; x_wconf 84' lang='lat' dir='ltr'><strong>variis</strong></span> <span class='ocrx_word' id='word_1_106' title='bbox 738 1305 877 1375; x_wconf 84' lang='lat' dir='ltr'><strong>tanquam</strong></span> <span class='ocrx_word' id='word_1_107' title='bbox 896 1298 1051 1358; x_wconf 82' lang='lat' dir='ltr'><strong>intrinsece</strong></span> <span class='ocrx_word' id='word_1_108' title='bbox 1065 1305 1094 1356; x_wconf 90' lang='lat' dir='ltr'><strong>et</strong></span> <span class='ocrx_word' id='word_1_109' title='bbox 1108 1298 1299 1358; x_wconf 70' lang='lat' dir='ltr'><strong>essentialiter</strong></span> <span class='ocrx_word' id='word_1_110' title='bbox 1318 1299 1455 1377; x_wconf 86' lang='lat' dir='ltr'><strong>malum;</strong></span> 
     </span>
     <span class='ocr_line' id='line_1_12' title="bbox 249 1377 1454 1518; baseline 0 -80"><span class='ocrx_word' id='word_1_111' title='bbox 249 1379 471 1518; x_wconf 59' lang='lat' dir='ltr'><strong>ntirmtiqldmvdd</strong></span> <span class='ocrx_word' id='word_1_112' title='bbox 478 1377 648 1518; x_wconf 54' lang='lat' dir='ltr'><strong>idlumbpei</strong></span> <span class='ocrx_word' id='word_1_113' title='bbox 660 1377 877 1518; x_wconf 54' lang='lat' dir='ltr'><strong>reduplicattpivneg</strong></span> <span class='ocrx_word' id='word_1_114' title='bbox 892 1385 922 1438; x_wconf 90' lang='lat' dir='ltr'><strong>et</strong></span> <span class='ocrx_word' id='word_1_115' title='bbox 935 1377 1091 1516; x_wconf 53' lang='lat' dir='ltr'><strong>fflffim</strong></span> <span class='ocrx_word' id='word_1_116' title='bbox 1112 1397 1171 1456; x_wconf 89' lang='lat' dir='ltr'><strong>qua</strong></span> <span class='ocrx_word' id='word_1_117' title='bbox 1183 1377 1249 1515; x_wconf 42' lang='lat' dir='ltr'><strong>tage,</strong></span> <span class='ocrx_word' id='word_1_118' title='bbox 1273 1385 1303 1438; x_wconf 90' lang='lat' dir='ltr'><strong>et</strong></span> <span class='ocrx_word' id='word_1_119' title='bbox 1327 1377 1454 1438; x_wconf 90' lang='lat' dir='ltr'><strong>circum-</strong></span> 
     </span>
     <span class='ocr_line' id='line_1_13' title="bbox 251 1467 1455 1616; baseline 0 -18"><span class='ocrx_word' id='word_1_120' title='bbox 251 1478 448 1616; x_wconf 53' lang='lat' dir='ltr'><strong>bled.</strong></span> <span class='ocrx_word' id='word_1_121' title='bbox 471 1479 573 1598; x_wconf 66' lang='lat' dir='ltr'><strong>smil</strong></span> <span class='ocrx_word' id='word_1_122' title='bbox 582 1467 954 1616; x_wconf 48' lang='lat' dir='ltr'><strong>diffidari-ir,</strong></span> <span class='ocrx_word' id='word_1_123' title='bbox 969 1476 1455 1615; x_wconf 65' lang='lat' dir='ltr'><strong>.ttlt⁰.t}{l.¹ll.ttt.⁹tr;</strong></span> 
     </span>
     <span class='ocr_line' id='line_1_14' title="bbox 251 1616 1453 1696; baseline 0 -18"><span class='ocrx_word' id='word_1_124' title='bbox 251 1618 307 1678; x_wconf 91' lang='lat' dir='ltr'><strong>hoc</strong></span> <span class='ocrx_word' id='word_1_125' title='bbox 321 1619 443 1694; x_wconf 88' lang='lat' dir='ltr'><strong>objecto,</strong></span> <span class='ocrx_word' id='word_1_126' title='bbox 459 1625 555 1696; x_wconf 88' lang='lat' dir='ltr'><strong>potest</strong></span> <span class='ocrx_word' id='word_1_127' title='bbox 568 1618 673 1678; x_wconf 86' lang='lat' dir='ltr'><strong>habere</strong></span> <span class='ocrx_word' id='word_1_128' title='bbox 687 1618 846 1678; x_wconf 87' lang='lat' dir='ltr'><strong>bonitatem</strong></span> <span class='ocrx_word' id='word_1_129' title='bbox 859 1617 935 1676; x_wconf 90' lang='lat' dir='ltr'><strong>entis</strong></span> <span class='ocrx_word' id='word_1_130' title='bbox 948 1616 1183 1694; x_wconf 85' lang='lat' dir='ltr'><strong>metaphysicam,</strong></span> <span class='ocrx_word' id='word_1_131' title='bbox 1199 1625 1229 1676; x_wconf 90' lang='lat' dir='ltr'><strong>ct</strong></span> <span class='ocrx_word' id='word_1_132' title='bbox 1250 1637 1314 1678; x_wconf 87' lang='lat' dir='ltr'><strong>esse</strong></span> <span class='ocrx_word' id='word_1_133' title='bbox 1332 1619 1453 1678; x_wconf 86' lang='lat' dir='ltr'><strong>morali·</strong></span> 
     </span>
     <span class='ocr_line' id='line_1_15' title="bbox 250 1695 1452 1776; baseline 0.002 -19"><span class='ocrx_word' id='word_1_134' title='bbox 250 1705 294 1758; x_wconf 91' lang='lat' dir='ltr'><strong>ter</strong></span> <span class='ocrx_word' id='word_1_135' title='bbox 307 1696 481 1773; x_wconf 86' lang='lat' dir='ltr'><strong>indifferens,</strong></span> <span class='ocrx_word' id='word_1_136' title='bbox 497 1706 526 1758; x_wconf 92' lang='lat' dir='ltr'><strong>ct</strong></span> <span class='ocrx_word' id='word_1_137' title='bbox 540 1705 658 1758; x_wconf 88' lang='lat' dir='ltr'><strong>eatenus</strong></span> <span class='ocrx_word' id='word_1_138' title='bbox 671 1705 768 1776; x_wconf 90' lang='lat' dir='ltr'><strong>potest</strong></span> <span class='ocrx_word' id='word_1_139' title='bbox 781 1715 877 1756; x_wconf 79' lang='lat' dir='ltr'><strong>essee</strong></span> <span class='ocrx_word' id='word_1_140' title='bbox 899 1695 972 1756; x_wconf 90' lang='lat' dir='ltr'><strong>Dec.</strong></span> <span class='ocrx_word' id='word_1_141' title='bbox 1014 1696 1097 1756; x_wconf 86' lang='lat' dir='ltr'><strong>Licet</strong></span> <span class='ocrx_word' id='word_1_142' title='bbox 1121 1715 1190 1774; x_wconf 84' lang='lat' dir='ltr'><strong>ergo</strong></span> <span class='ocrx_word' id='word_1_143' title='bbox 1215 1697 1254 1756; x_wconf 90' lang='lat' dir='ltr'><strong>ad</strong></span> <span class='ocrx_word' id='word_1_144' title='bbox 1275 1695 1452 1772; x_wconf 82' lang='lat' dir='ltr'><strong>determina-</strong></span> 
     </span>
     <span class='ocr_line' id='line_1_16' title="bbox 250 1777 1575 1856; baseline 0.001 -19"><span class='ocrx_word' id='word_1_145' title='bbox 250 1777 359 1837; x_wconf 90' lang='lat' dir='ltr'><strong>tionem</strong></span> <span class='ocrx_word' id='word_1_146' title='bbox 373 1777 437 1852; x_wconf 88' lang='lat' dir='ltr'><strong>Dei,</strong></span> <span class='ocrx_word' id='word_1_147' title='bbox 453 1777 549 1856; x_wconf 86' lang='lat' dir='ltr'><strong>quoad</strong></span> <span class='ocrx_word' id='word_1_148' title='bbox 562 1786 644 1838; x_wconf 85' lang='lat' dir='ltr'><strong>actus</strong></span> <span class='ocrx_word' id='word_1_149' title='bbox 658 1777 857 1852; x_wconf 77' lang='lat' dir='ltr'><strong>substantiam,</strong></span> <span class='ocrx_word' id='word_1_150' title='bbox 873 1784 1009 1854; x_wconf 86' lang='lat' dir='ltr'><strong>sequatur</strong></span> <span class='ocrx_word' id='word_1_151' title='bbox 1029 1777 1190 1838; x_wconf 88' lang='lat' dir='ltr'><strong>necessario</strong></span> <span class='ocrx_word' id='word_1_152' title='bbox 1205 1779 1300 1854; x_wconf 58' lang='grc' dir='ltr'><strong>ἀκρίς</strong></span> <span class='ocrx_word' id='word_1_153' title='bbox 1323 1797 1386 1853; x_wconf 76' lang='lat' dir='ltr'><strong>que</strong></span> <span class='ocrx_word' id='word_1_154' title='bbox 1413 1777 1449 1838; x_wconf 88' lang='lat' dir='ltr'><strong>in</strong></span> <span class='ocrx_word' id='word_1_155' title='bbox 1574 1778 1575 1844; x_wconf 84' lang='lat' dir='ltr'><strong>l</strong></span> 
     </span>
     <span class='ocr_line' id='line_1_17' title="bbox 250 1855 1575 1936; baseline 0 -20"><span class='ocrx_word' id='word_1_156' title='bbox 250 1855 316 1916; x_wconf 90' lang='lat' dir='ltr'><strong>odio</strong></span> <span class='ocrx_word' id='word_1_157' title='bbox 332 1855 388 1916; x_wconf 91' lang='lat' dir='ltr'><strong>Dei</strong></span> <span class='ocrx_word' id='word_1_158' title='bbox 401 1865 536 1934; x_wconf 77' lang='lat' dir='ltr'><strong>notatur,</strong></span> <span class='ocrx_word' id='word_1_159' title='bbox 558 1877 617 1916; x_wconf 90' lang='lat' dir='ltr'><strong>non</strong></span> <span class='ocrx_word' id='word_1_160' title='bbox 630 1865 728 1918; x_wconf 86' lang='lat' dir='ltr'><strong>temen</strong></span> <span class='ocrx_word' id='word_1_161' title='bbox 741 1855 885 1918; x_wconf 83' lang='lat' dir='ltr'><strong>censenda</strong></span> <span class='ocrx_word' id='word_1_162' title='bbox 905 1865 950 1918; x_wconf 91' lang='lat' dir='ltr'><strong>est</strong></span> <span class='ocrx_word' id='word_1_163' title='bbox 968 1856 1094 1934; x_wconf 88' lang='lat' dir='ltr'><strong>pendere</strong></span> <span class='ocrx_word' id='word_1_164' title='bbox 1114 1855 1248 1916; x_wconf 83' lang='lat' dir='ltr'><strong>effective</strong></span> <span class='ocrx_word' id='word_1_165' title='bbox 1267 1857 1303 1916; x_wconf 87' lang='lat' dir='ltr'><strong>ab</strong></span> <span class='ocrx_word' id='word_1_166' title='bbox 1325 1856 1396 1936; x_wconf 82' lang='lat' dir='ltr'><strong>ipsa,</strong></span> <span class='ocrx_word' id='word_1_167' title='bbox 1410 1865 1449 1916; x_wconf 89' lang='lat' dir='ltr'><strong>ut</strong></span> <span class='ocrx_word' id='word_1_168' title='bbox 1574 1873 1575 1880; x_wconf 55' lang='lat'>¹</span> 
     </span>
     <span class='ocr_line' id='line_1_18' title="bbox 250 1935 1453 2017; baseline 0 -21"><span class='ocrx_word' id='word_1_169' title='bbox 250 1936 405 1996; x_wconf 85' lang='lat' dir='ltr'><strong>causalitas</strong></span> <span class='ocrx_word' id='word_1_170' title='bbox 415 1937 526 2017; x_wconf 88' lang='lat' dir='ltr'><strong>peccati</strong></span> <span class='ocrx_word' id='word_1_171' title='bbox 540 1937 571 1996; x_wconf 90' lang='lat' dir='ltr'><strong>in</strong></span> <span class='ocrx_word' id='word_1_172' title='bbox 584 1937 664 1998; x_wconf 86' lang='lat' dir='ltr'><strong>illam</strong></span> <span class='ocrx_word' id='word_1_173' title='bbox 672 1936 786 1998; x_wconf 84' lang='lat' dir='ltr'><strong>refundi</strong></span> <span class='ocrx_word' id='word_1_174' title='bbox 796 1935 904 2014; x_wconf 56' lang='lat' dir='ltr'><strong>possin</strong></span> <span class='ocrx_word' id='word_1_175' title='bbox 919 1935 988 2014; x_wconf 86' lang='lat' dir='ltr'><strong>quia</strong></span> <span class='ocrx_word' id='word_1_176' title='bbox 997 1936 1054 1996; x_wconf 87' lang='lat' dir='ltr'><strong>ista</strong></span> <span class='ocrx_word' id='word_1_177' title='bbox 1064 1935 1264 1998; x_wconf 75' lang='lat' dir='ltr'><strong>determinatio</strong></span> <span class='ocrx_word' id='word_1_178' title='bbox 1277 1945 1322 1998; x_wconf 86' lang='lat' dir='ltr'><strong>est</strong></span> <span class='ocrx_word' id='word_1_179' title='bbox 1334 1945 1453 1996; x_wconf 70' lang='lat' dir='ltr'><strong>untrrm</strong></span> 
     </span>
     <span class='ocr_line' id='line_1_19' title="bbox 250 2015 1028 2111; baseline -0.001 -35"><span class='ocrx_word' id='word_1_180' title='bbox 250 2015 380 2096; x_wconf 85' lang='lat' dir='ltr'><strong>physice,</strong></span> <span class='ocrx_word' id='word_1_181' title='bbox 396 2037 454 2075; x_wconf 89' lang='lat' dir='ltr'><strong>non</strong></span> <span class='ocrx_word' id='word_1_182' title='bbox 468 2017 593 2094; x_wconf 86' lang='lat' dir='ltr'><strong>moralis,</strong></span> <span class='ocrx_word' id='word_1_183' title='bbox 608 2038 673 2111; x_wconf 79' lang='lat' dir='ltr'><strong>quae</strong></span> <span class='ocrx_word' id='word_1_184' title='bbox 688 2018 750 2076; x_wconf 84' lang='lat' dir='ltr'><strong>sole</strong></span> <span class='ocrx_word' id='word_1_185' title='bbox 763 2025 808 2076; x_wconf 89' lang='lat' dir='ltr'><strong>est</strong></span> <span class='ocrx_word' id='word_1_186' title='bbox 820 2016 1028 2094; x_wconf 85' lang='lat' dir='ltr'><strong>peccaminosa.</strong></span> 
     </span>
    </p>

    <p class='ocr_par' dir='ltr' id='par_1_3' title="bbox 247 2093 1457 2732">
     <span class='ocr_line' id='line_1_20' title="bbox 292 2093 1452 2173; baseline -0.002 -17"><span class='ocrx_word' id='word_1_187' title='bbox 292 2095 417 2156; x_wconf 89' lang='lat' dir='ltr'>XVIII.</span> <span class='ocrx_word' id='word_1_188' title='bbox 440 2097 706 2158; x_wconf 82' lang='lat' dir='ltr'><strong>Proedetermrnstio</strong></span> <span class='ocrx_word' id='word_1_189' title='bbox 721 2097 778 2156; x_wconf 91' lang='lat' dir='ltr'><strong>Dei</strong></span> <span class='ocrx_word' id='word_1_190' title='bbox 790 2097 821 2154; x_wconf 92' lang='lat' dir='ltr'><strong>in</strong></span> <span class='ocrx_word' id='word_1_191' title='bbox 841 2095 954 2156; x_wconf 87' lang='lat' dir='ltr'><strong>actibus</strong></span> <span class='ocrx_word' id='word_1_192' title='bbox 975 2093 1068 2172; x_wconf 88' lang='lat' dir='ltr'><strong>malis,</strong></span> <span class='ocrx_word' id='word_1_193' title='bbox 1088 2113 1147 2153; x_wconf 94' lang='lat' dir='ltr'><strong>non</strong></span> <span class='ocrx_word' id='word_1_194' title='bbox 1167 2103 1309 2173; x_wconf 79' lang='lat' dir='ltr'><strong>repugnat</strong></span> <span class='ocrx_word' id='word_1_195' title='bbox 1324 2095 1452 2172; x_wconf 60' lang='lat' dir='ltr'><strong>pamb-</strong></span> 
     </span>
     <span class='ocr_line' id='line_1_21' title="bbox 248 2173 1452 2254; baseline 0 -20"><span class='ocrx_word' id='word_1_196' title='bbox 248 2176 321 2238; x_wconf 77' lang='lat' dir='ltr'><strong>aioar&#39;</strong></span> <span class='ocrx_word' id='word_1_197' title='bbox 334 2177 405 2254; x_wconf 88' lang='lat' dir='ltr'><strong>ejus,</strong></span> <span class='ocrx_word' id='word_1_198' title='bbox 421 2177 489 2254; x_wconf 86' lang='lat' dir='ltr'><strong>quia</strong></span> <span class='ocrx_word' id='word_1_199' title='bbox 507 2197 566 2236; x_wconf 90' lang='lat' dir='ltr'><strong>non</strong></span> <span class='ocrx_word' id='word_1_200' title='bbox 579 2184 732 2238; x_wconf 85' lang='lat' dir='ltr'><strong>versantur</strong></span> <span class='ocrx_word' id='word_1_201' title='bbox 755 2177 832 2236; x_wconf 87' lang='lat' dir='ltr'><strong>circa</strong></span> <span class='ocrx_word' id='word_1_202' title='bbox 853 2175 948 2254; x_wconf 86' lang='lat' dir='ltr'><strong>idem;</strong></span> <span class='ocrx_word' id='word_1_203' title='bbox 970 2175 1021 2236; x_wconf 85' lang='lat' dir='ltr'><strong>illa</strong></span> <span class='ocrx_word' id='word_1_204' title='bbox 1044 2173 1120 2234; x_wconf 87' lang='lat' dir='ltr'><strong>circa</strong></span> <span class='ocrx_word' id='word_1_205' title='bbox 1141 2185 1222 2234; x_wconf 89' lang='lat' dir='ltr'><strong>actus</strong></span> <span class='ocrx_word' id='word_1_206' title='bbox 1246 2175 1452 2251; x_wconf 69' lang='lat' dir='ltr'><strong>substantiam,</strong></span> 
     </span>
     <span class='ocr_line' id='line_1_22' title="bbox 249 2254 1454 2334; baseline 0.002 -21"><span class='ocrx_word' id='word_1_207' title='bbox 249 2254 306 2314; x_wconf 89' lang='lat' dir='ltr'><strong>ista</strong></span> <span class='ocrx_word' id='word_1_208' title='bbox 319 2273 389 2314; x_wconf 88' lang='lat' dir='ltr'><strong>vere</strong></span> <span class='ocrx_word' id='word_1_209' title='bbox 403 2255 479 2314; x_wconf 89' lang='lat' dir='ltr'><strong>circa</strong></span> <span class='ocrx_word' id='word_1_210' title='bbox 492 2257 556 2334; x_wconf 89' lang='lat' dir='ltr'><strong>ejus</strong></span> <span class='ocrx_word' id='word_1_211' title='bbox 570 2257 726 2334; x_wconf 63' lang='lat' dir='ltr'><strong>malitiam</strong></span> <span class='ocrx_word' id='word_1_212' title='bbox 748 2255 799 2315; x_wconf 88' lang='lat' dir='ltr'><strong>illa</strong></span> <span class='ocrx_word' id='word_1_213' title='bbox 812 2255 930 2333; x_wconf 83' lang='lat' dir='ltr'><strong>attingit</strong></span> <span class='ocrx_word' id='word_1_214' title='bbox 949 2259 979 2313; x_wconf 72' lang='lat' dir='ltr'><strong>eb</strong></span> <span class='ocrx_word' id='word_1_215' title='bbox 999 2255 1147 2316; x_wconf 86' lang='lat' dir='ltr'><strong>materiale</strong></span> <span class='ocrx_word' id='word_1_216' title='bbox 1169 2255 1206 2316; x_wconf 86' lang='lat' dir='ltr'><strong>ed</strong></span> <span class='ocrx_word' id='word_1_217' title='bbox 1227 2255 1301 2316; x_wconf 88' lang='lat' dir='ltr'><strong>illud</strong></span> <span class='ocrx_word' id='word_1_218' title='bbox 1322 2254 1454 2316; x_wconf 83' lang='lat' dir='ltr'><strong>efficien-</strong></span> 
     </span>
     <span class='ocr_line' id='line_1_23' title="bbox 248 2333 1455 2412; baseline 0.004 -21"><span class='ocrx_word' id='word_1_219' title='bbox 248 2333 326 2410; x_wconf 89' lang='lat' dir='ltr'><strong>dum,</strong></span> <span class='ocrx_word' id='word_1_220' title='bbox 342 2335 398 2394; x_wconf 88' lang='lat' dir='ltr'><strong>ista</strong></span> <span class='ocrx_word' id='word_1_221' title='bbox 411 2354 481 2396; x_wconf 83' lang='lat' dir='ltr'><strong>vero</strong></span> <span class='ocrx_word' id='word_1_222' title='bbox 494 2340 523 2394; x_wconf 73' lang='lat' dir='ltr'><strong>cl</strong></span> <span class='ocrx_word' id='word_1_223' title='bbox 536 2335 655 2394; x_wconf 89' lang='lat' dir='ltr'><strong>formale</strong></span> <span class='ocrx_word' id='word_1_224' title='bbox 669 2336 707 2394; x_wconf 89' lang='lat' dir='ltr'><strong>ed</strong></span> <span class='ocrx_word' id='word_1_225' title='bbox 720 2335 793 2396; x_wconf 89' lang='lat' dir='ltr'><strong>illud</strong></span> <span class='ocrx_word' id='word_1_226' title='bbox 817 2335 908 2396; x_wconf 90' lang='lat' dir='ltr'><strong>libero</strong></span> <span class='ocrx_word' id='word_1_227' title='bbox 932 2335 1057 2396; x_wconf 86' lang='lat' dir='ltr'><strong>hominis</strong></span> <span class='ocrx_word' id='word_1_228' title='bbox 1078 2335 1205 2411; x_wconf 87' lang='lat' dir='ltr'><strong>arbitrio,</strong></span> <span class='ocrx_word' id='word_1_229' title='bbox 1228 2355 1293 2412; x_wconf 83' lang='lat' dir='ltr'><strong>quae</strong></span> <span class='ocrx_word' id='word_1_230' title='bbox 1314 2334 1364 2394; x_wconf 87' lang='lat' dir='ltr'><strong>bic</strong></span> <span class='ocrx_word' id='word_1_231' title='bbox 1385 2336 1455 2396; x_wconf 82' lang='lat' dir='ltr'><strong>sols</strong></span> 
     </span>
     <span class='ocr_line' id='line_1_24' title="bbox 247 2413 1455 2506; baseline 0.003 -34"><span class='ocrx_word' id='word_1_232' title='bbox 247 2421 292 2472; x_wconf 90' lang='lat' dir='ltr'><strong>est</strong></span> <span class='ocrx_word' id='word_1_233' title='bbox 306 2423 393 2472; x_wconf 84' lang='lat' dir='ltr'><strong>causa</strong></span> <span class='ocrx_word' id='word_1_234' title='bbox 406 2414 523 2474; x_wconf 86' lang='lat' dir='ltr'><strong>moralis</strong></span> <span class='ocrx_word' id='word_1_235' title='bbox 537 2413 682 2492; x_wconf 84' lang='lat' dir='ltr'><strong>deficiens,</strong></span> <span class='ocrx_word' id='word_1_236' title='bbox 698 2415 938 2506; x_wconf 81' lang='lat' dir='ltr'><strong>relinquendum:</strong></span> <span class='ocrx_word' id='word_1_237' title='bbox 960 2415 1043 2490; x_wconf 90' lang='lat' dir='ltr'><strong>Nam,</strong></span> <span class='ocrx_word' id='word_1_238' title='bbox 1059 2414 1137 2476; x_wconf 86' lang='lat' dir='ltr'><strong>utin</strong></span> <span class='ocrx_word' id='word_1_239' title='bbox 1158 2422 1225 2474; x_wconf 87' lang='lat' dir='ltr'><strong>actu</strong></span> <span class='ocrx_word' id='word_1_240' title='bbox 1237 2413 1315 2474; x_wconf 89' lang='lat' dir='ltr'><strong>malo</strong></span> <span class='ocrx_word' id='word_1_241' title='bbox 1337 2413 1455 2492; x_wconf 81' lang='lat' dir='ltr'><strong>duplex</strong></span> 
     </span>
     <span class='ocr_line' id='line_1_25' title="bbox 247 2492 1457 2574; baseline 0.002 -23"><span class='ocrx_word' id='word_1_242' title='bbox 247 2499 292 2551; x_wconf 90' lang='lat' dir='ltr'><strong>est</strong></span> <span class='ocrx_word' id='word_1_243' title='bbox 306 2492 387 2552; x_wconf 90' lang='lat' dir='ltr'><strong>velut</strong></span> <span class='ocrx_word' id='word_1_244' title='bbox 407 2493 481 2552; x_wconf 82' lang='lat' dir='ltr'><strong>ratio</strong></span> <span class='ocrx_word' id='word_1_245' title='bbox 495 2493 632 2568; x_wconf 83' lang='lat' dir='ltr'><strong>formalis,</strong></span> <span class='ocrx_word' id='word_1_246' title='bbox 655 2514 713 2554; x_wconf 87' lang='lat' dir='ltr'><strong>uua</strong></span> <span class='ocrx_word' id='word_1_247' title='bbox 737 2493 854 2571; x_wconf 82' lang='lat' dir='ltr'><strong>qrudem</strong></span> <span class='ocrx_word' id='word_1_248' title='bbox 878 2514 943 2574; x_wconf 83' lang='lat' dir='ltr'><strong>quae</strong></span> <span class='ocrx_word' id='word_1_249' title='bbox 967 2495 1055 2554; x_wconf 88' lang='lat' dir='ltr'><strong>habet</strong></span> <span class='ocrx_word' id='word_1_250' title='bbox 1075 2494 1215 2554; x_wconf 85' lang='lat' dir='ltr'><strong>rationem</strong></span> <span class='ocrx_word' id='word_1_251' title='bbox 1238 2493 1368 2570; x_wconf 85' lang='lat' dir='ltr'><strong>effectus,</strong></span> <span class='ocrx_word' id='word_1_252' title='bbox 1391 2493 1457 2554; x_wconf 82' lang='lat' dir='ltr'><strong>alie</strong></span> 
     </span>
     <span class='ocr_line' id='line_1_26' title="bbox 248 2571 1454 2653; baseline -0.002 -19"><span class='ocrx_word' id='word_1_253' title='bbox 248 2591 318 2634; x_wconf 74' lang='lat' dir='ltr'><strong>vero</strong></span> <span class='ocrx_word' id='word_1_254' title='bbox 331 2591 396 2648; x_wconf 78' lang='lat' dir='ltr'><strong>quae</strong></span> <span class='ocrx_word' id='word_1_255' title='bbox 411 2571 499 2632; x_wconf 89' lang='lat' dir='ltr'><strong>habet</strong></span> <span class='ocrx_word' id='word_1_256' title='bbox 517 2573 659 2633; x_wconf 88' lang='lat' dir='ltr'><strong>rationem</strong></span> <span class='ocrx_word' id='word_1_257' title='bbox 679 2573 825 2650; x_wconf 72' lang='lat' dir='ltr'><strong>defectus,</strong></span> <span class='ocrx_word' id='word_1_258' title='bbox 849 2573 930 2634; x_wconf 82' lang='lat' dir='ltr'><strong>Deus</strong></span> <span class='ocrx_word' id='word_1_259' title='bbox 951 2582 1047 2652; x_wconf 84' lang='lat' dir='ltr'><strong>potest</strong></span> <span class='ocrx_word' id='word_1_260' title='bbox 1066 2593 1183 2634; x_wconf 89' lang='lat' dir='ltr'><strong>movere</strong></span> <span class='ocrx_word' id='word_1_261' title='bbox 1202 2581 1232 2633; x_wconf 91' lang='lat' dir='ltr'><strong>et</strong></span> <span class='ocrx_word' id='word_1_262' title='bbox 1251 2573 1454 2653; x_wconf 72' lang='lat' dir='ltr'><strong>praedetermi-</strong></span> 
     </span>
     <span class='ocr_line' id='line_1_27' title="bbox 248 2651 1454 2732; baseline 0.003 -22"><span class='ocrx_word' id='word_1_263' title='bbox 248 2670 317 2710; x_wconf 87' lang='lat' dir='ltr'><strong>nere</strong></span> <span class='ocrx_word' id='word_1_264' title='bbox 331 2651 368 2710; x_wconf 87' lang='lat' dir='ltr'><strong>ad</strong></span> <span class='ocrx_word' id='word_1_265' title='bbox 382 2651 470 2728; x_wconf 87' lang='lat' dir='ltr'><strong>illam,</strong></span> <span class='ocrx_word' id='word_1_266' title='bbox 486 2670 550 2729; x_wconf 84' lang='lat' dir='ltr'><strong>quae</strong></span> <span class='ocrx_word' id='word_1_267' title='bbox 561 2652 649 2712; x_wconf 89' lang='lat' dir='ltr'><strong>habet</strong></span> <span class='ocrx_word' id='word_1_268' title='bbox 662 2653 802 2714; x_wconf 86' lang='lat' dir='ltr'><strong>rationem</strong></span> <span class='ocrx_word' id='word_1_269' title='bbox 816 2652 950 2730; x_wconf 72' lang='lat' dir='ltr'><strong>effectus,</strong></span> <span class='ocrx_word' id='word_1_270' title='bbox 967 2653 1020 2714; x_wconf 87' lang='lat' dir='ltr'><strong>sed</strong></span> <span class='ocrx_word' id='word_1_271' title='bbox 1032 2654 1191 2732; x_wconf 75' lang='lat' dir='ltr'><strong>aliamque</strong></span> <span class='ocrx_word' id='word_1_272' title='bbox 1204 2652 1293 2714; x_wconf 87' lang='lat' dir='ltr'><strong>habet</strong></span> <span class='ocrx_word' id='word_1_273' title='bbox 1306 2653 1454 2714; x_wconf 80' lang='lat' dir='ltr'><strong>rationem</strong></span> 
     </span>
    </p>

    <p class='ocr_par' dir='ltr' id='par_1_4' title="bbox 190 2729 810 2810">
     <span class='ocr_line' id='line_1_28' title="bbox 190 2729 810 2810; baseline 0.005 -20"><span class='ocrx_word' id='word_1_274' title='bbox 190 2753 195 2761; x_wconf 91' lang='lat'><strong>·</strong></span> <span class='ocrx_word' id='word_1_275' title='bbox 238 2729 386 2807; x_wconf 84' lang='lat' dir='ltr'><strong>delectus,</strong></span> <span class='ocrx_word' id='word_1_276' title='bbox 401 2738 497 2809; x_wconf 87' lang='lat' dir='ltr'><strong>potest</strong></span> <span class='ocrx_word' id='word_1_277' title='bbox 511 2739 623 2794; x_wconf 86' lang='lat' dir='ltr'><strong>tantum</strong></span> <span class='ocrx_word' id='word_1_278' title='bbox 636 2733 810 2810; x_wconf 86' lang='lat' dir='ltr'><strong>permittere.</strong></span> 
     </span>
    </p>

    <p class='ocr_par' dir='ltr' id='par_1_5' title="bbox 246 2809 1453 3372">
     <span class='ocr_line' id='line_1_29' title="bbox 287 2809 1452 2892; baseline 0.003 -24"><span class='ocrx_word' id='word_1_279' title='bbox 287 2809 382 2870; x_wconf 90' lang='lat' dir='ltr'>XIX.</span> <span class='ocrx_word' id='word_1_280' title='bbox 405 2811 477 2872; x_wconf 88' lang='lat' dir='ltr'><strong>Cum</strong></span> <span class='ocrx_word' id='word_1_281' title='bbox 491 2811 627 2872; x_wconf 83' lang='lat' dir='ltr'><strong>voluntas</strong></span> <span class='ocrx_word' id='word_1_282' title='bbox 647 2813 791 2892; x_wconf 73' lang='lat' dir='ltr'><strong>precepti,</strong></span> <span class='ocrx_word' id='word_1_283' title='bbox 815 2818 845 2872; x_wconf 91' lang='lat' dir='ltr'><strong>ct</strong></span> <span class='ocrx_word' id='word_1_284' title='bbox 867 2811 984 2889; x_wconf 82' lang='lat' dir='ltr'><strong>decreti,</strong></span> <span class='ocrx_word' id='word_1_285' title='bbox 1000 2811 1115 2872; x_wconf 84' lang='lat' dir='ltr'><strong>diversa</strong></span> <span class='ocrx_word' id='word_1_286' title='bbox 1137 2811 1250 2890; x_wconf 80' lang='lat' dir='ltr'><strong>objecta</strong></span> <span class='ocrx_word' id='word_1_287' title='bbox 1270 2811 1452 2892; x_wconf 76' lang='lat' dir='ltr'><strong>respiciapt3</strong></span> 
     </span>
     <span class='ocr_line' id='line_1_30' title="bbox 246 2888 1453 2971; baseline 0.006 -23"><span class='ocrx_word' id='word_1_288' title='bbox 246 2888 320 2948; x_wconf 92' lang='lat' dir='ltr'><strong>nihil</strong></span> <span class='ocrx_word' id='word_1_289' title='bbox 333 2891 429 2950; x_wconf 88' lang='lat' dir='ltr'><strong>obstat</strong></span> <span class='ocrx_word' id='word_1_290' title='bbox 442 2899 476 2950; x_wconf 91' lang='lat' dir='ltr'><strong>ut</strong></span> <span class='ocrx_word' id='word_1_291' title='bbox 497 2891 577 2952; x_wconf 90' lang='lat' dir='ltr'><strong>Deus</strong></span> <span class='ocrx_word' id='word_1_292' title='bbox 597 2892 708 2971; x_wconf 86' lang='lat' dir='ltr'><strong>aliquid</strong></span> <span class='ocrx_word' id='word_1_293' title='bbox 727 2893 800 2952; x_wconf 86' lang='lat' dir='ltr'><strong>volit</strong></span> <span class='ocrx_word' id='word_1_294' title='bbox 820 2893 969 2952; x_wconf 83' lang='lat' dir='ltr'><strong>voluntate</strong></span> <span class='ocrx_word' id='word_1_295' title='bbox 990 2892 1107 2970; x_wconf 78' lang='lat' dir='ltr'><strong>decreti,</strong></span> <span class='ocrx_word' id='word_1_296' title='bbox 1122 2891 1200 2969; x_wconf 91' lang='lat' dir='ltr'><strong>qued</strong></span> <span class='ocrx_word' id='word_1_297' title='bbox 1221 2912 1279 2950; x_wconf 91' lang='lat' dir='ltr'><strong>non</strong></span> <span class='ocrx_word' id='word_1_298' title='bbox 1299 2893 1375 2968; x_wconf 76' lang='lat' dir='ltr'><strong>vult,</strong></span> <span class='ocrx_word' id='word_1_299' title='bbox 1396 2893 1453 2955; x_wconf 76' lang='lat' dir='ltr'><strong>secl</strong></span> 
     </span>
     <span class='ocr_line' id='line_1_31' title="bbox 246 2970 1452 3052; baseline 0.004 -25"><span class='ocrx_word' id='word_1_300' title='bbox 246 2970 380 3048; x_wconf 89' lang='lat' dir='ltr'><strong>prohibet</strong></span> <span class='ocrx_word' id='word_1_301' title='bbox 392 2971 543 3033; x_wconf 85' lang='lat' dir='ltr'><strong>voluntate</strong></span> <span class='ocrx_word' id='word_1_302' title='bbox 556 2973 700 3051; x_wconf 77' lang='lat' dir='ltr'><strong>praecepti.</strong></span> <span class='ocrx_word' id='word_1_303' title='bbox 743 2973 899 3052; x_wconf 81' lang='lat' dir='ltr'><strong>Itapotest</strong></span> <span class='ocrx_word' id='word_1_304' title='bbox 912 2971 974 3030; x_wconf 90' lang='lat' dir='ltr'><strong>fieri</strong></span> <span class='ocrx_word' id='word_1_305' title='bbox 988 2971 1146 3032; x_wconf 88' lang='lat' dir='ltr'><strong>secundum</strong></span> <span class='ocrx_word' id='word_1_306' title='bbox 1166 2972 1347 3033; x_wconf 74' lang='lat' dir='ltr'><strong>voluntatem</strong></span> <span class='ocrx_word' id='word_1_307' title='bbox 1369 2993 1452 3032; x_wconf 78' lang='lat' dir='ltr'><strong>arca-</strong></span> 
     </span>
     <span class='ocr_line' id='line_1_32' title="bbox 248 3049 1450 3134; baseline 0.001 -25"><span class='ocrx_word' id='word_1_308' title='bbox 248 3069 315 3110; x_wconf 88' lang='lat' dir='ltr'><strong>nam</strong></span> <span class='ocrx_word' id='word_1_309' title='bbox 329 3049 511 3131; x_wconf 76' lang='lat' dir='ltr'><strong>beneplaciti,</strong></span> <span class='ocrx_word' id='word_1_310' title='bbox 526 3053 605 3134; x_wconf 91' lang='lat' dir='ltr'><strong>quod</strong></span> <span class='ocrx_word' id='word_1_311' title='bbox 625 3061 670 3112; x_wconf 90' lang='lat' dir='ltr'><strong>est</strong></span> <span class='ocrx_word' id='word_1_312' title='bbox 683 3060 784 3112; x_wconf 88' lang='lat' dir='ltr'><strong>contra</strong></span> <span class='ocrx_word' id='word_1_313' title='bbox 796 3053 976 3112; x_wconf 81' lang='lat' dir='ltr'><strong>voluntatem</strong></span> <span class='ocrx_word' id='word_1_314' title='bbox 989 3051 1148 3112; x_wconf 88' lang='lat' dir='ltr'><strong>revelatam</strong></span> <span class='ocrx_word' id='word_1_315' title='bbox 1162 3051 1247 3128; x_wconf 80' lang='lat' dir='ltr'><strong>signi.</strong></span> <span class='ocrx_word' id='word_1_316' title='bbox 1291 3051 1374 3110; x_wconf 87' lang='lat' dir='ltr'><strong>Deus</strong></span> <span class='ocrx_word' id='word_1_317' title='bbox 1397 3072 1450 3110; x_wconf 90' lang='lat' dir='ltr'><strong>no·</strong></span> 
     </span>
     <span class='ocr_line' id='line_1_33' title="bbox 246 3128 1452 3212; baseline 0.003 -24"><span class='ocrx_word' id='word_1_318' title='bbox 246 3128 326 3190; x_wconf 85' lang='lat' dir='ltr'><strong>lebet</strong></span> <span class='ocrx_word' id='word_1_319' title='bbox 339 3131 441 3192; x_wconf 82' lang='lat' dir='ltr'><strong>fratres</strong></span> <span class='ocrx_word' id='word_1_320' title='bbox 455 3133 578 3212; x_wconf 88' lang='lat' dir='ltr'><strong>Jcsephi</strong></span> <span class='ocrx_word' id='word_1_321' title='bbox 592 3133 718 3194; x_wconf 84' lang='lat' dir='ltr'><strong>vendere</strong></span> <span class='ocrx_word' id='word_1_322' title='bbox 731 3133 753 3194; x_wconf 88' lang='lat' dir='ltr'>J</span> <span class='ocrx_word' id='word_1_323' title='bbox 755 3133 902 3210; x_wconf 87' lang='lat' dir='ltr'><strong>osephum,</strong></span> <span class='ocrx_word' id='word_1_324' title='bbox 919 3139 948 3190; x_wconf 92' lang='lat' dir='ltr'><strong>et</strong></span> <span class='ocrx_word' id='word_1_325' title='bbox 968 3131 990 3190; x_wconf 91' lang='lat' dir='ltr'><strong>J</strong></span> <span class='ocrx_word' id='word_1_326' title='bbox 992 3130 1091 3192; x_wconf 81' lang='lat' dir='ltr'><strong>udaeos</strong></span> <span class='ocrx_word' id='word_1_327' title='bbox 1108 3131 1276 3208; x_wconf 82' lang='lat' dir='ltr'><strong>crucifigere</strong></span> <span class='ocrx_word' id='word_1_328' title='bbox 1291 3131 1452 3205; x_wconf 81' lang='lat' dir='ltr'><strong>Christum,</strong></span> 
     </span>
     <span class='ocr_line' id='line_1_34' title="bbox 247 3209 1451 3288; baseline 0.003 -20"><span class='ocrx_word' id='word_1_329' title='bbox 247 3229 312 3268; x_wconf 88' lang='lat' dir='ltr'><strong>cum</strong></span> <span class='ocrx_word' id='word_1_330' title='bbox 327 3211 384 3272; x_wconf 88' lang='lat' dir='ltr'><strong>ista</strong></span> <span class='ocrx_word' id='word_1_331' title='bbox 397 3219 495 3272; x_wconf 84' lang='lat' dir='ltr'><strong>essent</strong></span> <span class='ocrx_word' id='word_1_332' title='bbox 569 3213 688 3272; x_wconf 84' lang='lat' dir='ltr'><strong>vissima</strong></span> <span class='ocrx_word' id='word_1_333' title='bbox 710 3212 819 3272; x_wconf 86' lang='lat' dir='ltr'><strong>scelera</strong></span> <span class='ocrx_word' id='word_1_334' title='bbox 840 3219 939 3271; x_wconf 87' lang='lat' dir='ltr'><strong>contra</strong></span> <span class='ocrx_word' id='word_1_335' title='bbox 962 3209 1090 3288; x_wconf 64' lang='lat' dir='ltr'><strong>Legem</strong></span> <span class='ocrx_word' id='word_1_336' title='bbox 1112 3219 1142 3270; x_wconf 89' lang='lat' dir='ltr'><strong>et</strong></span> <span class='ocrx_word' id='word_1_337' title='bbox 1165 3219 1263 3275; x_wconf 76' lang='lat' dir='ltr'><strong>amen</strong></span> <span class='ocrx_word' id='word_1_338' title='bbox 1287 3209 1369 3272; x_wconf 72' lang='lat' dir='ltr'><strong>Dera</strong></span> <span class='ocrx_word' id='word_1_339' title='bbox 1393 3211 1451 3272; x_wconf 86' lang='lat' dir='ltr'><strong>boc</strong></span> 
     </span>
     <span class='ocr_line' id='line_1_35' title="bbox 247 3289 1160 3372; baseline 0.003 -25"><span class='ocrx_word' id='word_1_340' title='bbox 247 3289 385 3367; x_wconf 82' lang='lat' dir='ltr'><strong>voluisse,</strong></span> <span class='ocrx_word' id='word_1_341' title='bbox 398 3292 456 3350; x_wconf 85' lang='lat' dir='ltr'><strong>imo</strong></span> <span class='ocrx_word' id='word_1_342' title='bbox 471 3299 501 3351; x_wconf 90' lang='lat' dir='ltr'><strong>et</strong></span> <span class='ocrx_word' id='word_1_343' title='bbox 526 3293 617 3354; x_wconf 87' lang='lat' dir='ltr'><strong>scisse</strong></span> <span class='ocrx_word' id='word_1_344' title='bbox 631 3293 744 3372; x_wconf 88' lang='lat' dir='ltr'><strong>dicitur,</strong></span> <span class='ocrx_word' id='word_1_345' title='bbox 762 3293 836 3356; x_wconf 85' lang='lat' dir='ltr'><strong>Gen.</strong></span> <span class='ocrx_word' id='word_1_346' title='bbox 851 3291 912 3352; x_wconf 87' lang='lat' dir='ltr'><strong>xlv.</strong></span> <span class='ocrx_word' id='word_1_347' title='bbox 928 3293 956 3367; x_wconf 78' lang='lat'><strong>7,</strong></span> <span class='ocrx_word' id='word_1_348' title='bbox 972 3289 1040 3352; x_wconf 79' lang='lat' dir='ltr'><strong>Act.</strong></span> <span class='ocrx_word' id='word_1_349' title='bbox 1056 3291 1096 3352; x_wconf 81' lang='lat' dir='ltr'><strong>lu.</strong></span> <span class='ocrx_word' id='word_1_350' title='bbox 1111 3292 1160 3350; x_wconf 77' lang='lat'><strong>28.</strong></span> 
     </span>
    </p>
   </div>
   <div class='ocr_carea' id='block_1_3' title="bbox 712 3528 983 3606">
    <p class='ocr_par' dir='ltr' id='par_1_6' title="bbox 712 3528 983 3606">
     <span class='ocr_line' id='line_1_36' title="bbox 712 3528 983 3606; baseline 0 -16"><span class='ocrx_word' id='word_1_351' title='bbox 712 3528 906 3606; x_wconf 80' lang='lat' dir='ltr'><strong>Qumsrro</strong></span> <span class='ocrx_word' id='word_1_352' title='bbox 926 3529 983 3590; x_wconf 84' lang='lat' dir='ltr'><strong>vr.</strong></span> 
     </span>
    </p>
   </div>
   <div class='ocr_carea' id='block_1_4' title="bbox 248 3684 1449 3848">
    <p class='ocr_par' dir='ltr' id='par_1_7' title="bbox 248 3684 1449 3848">
     <span class='ocr_line' id='line_1_37' title="bbox 248 3684 1449 3766; baseline 0.007 -22"><span class='ocrx_word' id='word_1_353' title='bbox 248 3684 395 3752; x_wconf 80' lang='lat' dir='ltr'><strong>Quomodo</strong></span> <span class='ocrx_word' id='word_1_354' title='bbox 415 3705 564 3748; x_wconf 75' lang='lat' dir='ltr'><strong>concarata</strong></span> <span class='ocrx_word' id='word_1_355' title='bbox 578 3687 637 3746; x_wconf 84' lang='lat' dir='ltr'><strong>Dei</strong></span> <span class='ocrx_word' id='word_1_356' title='bbox 651 3687 742 3766; x_wconf 74' lang='lat' dir='ltr'><strong>possit</strong></span> <span class='ocrx_word' id='word_1_357' title='bbox 754 3689 901 3748; x_wconf 66' lang='lat' dir='ltr'><strong>00th</strong></span> <span class='ocrx_word' id='word_1_358' title='bbox 919 3709 981 3750; x_wconf 83' lang='lat' dir='ltr'><strong>cum</strong></span> <span class='ocrx_word' id='word_1_359' title='bbox 995 3688 1180 3766; x_wconf 58' lang='lat' dir='ltr'><strong>emmau</strong></span> <span class='ocrx_word' id='word_1_360' title='bbox 1194 3697 1221 3748; x_wconf 84' lang='lat' dir='ltr'><strong>ct</strong></span> <span class='ocrx_word' id='word_1_361' title='bbox 1241 3689 1367 3752; x_wconf 61' lang='lat' dir='ltr'><strong>maroe</strong></span> <span class='ocrx_word' id='word_1_362' title='bbox 1381 3709 1449 3752; x_wconf 80' lang='lat' dir='ltr'><strong>cau·</strong></span> 
     </span>
     <span class='ocr_line' id='line_1_38' title="bbox 439 3769 1259 3848; baseline 0.004 -22"><span class='ocrx_word' id='word_1_363' title='bbox 439 3786 537 3826; x_wconf 77' lang='lat' dir='ltr'><strong>aarum</strong></span> <span class='ocrx_word' id='word_1_364' title='bbox 549 3769 744 3846; x_wconf 75' lang='lat' dir='ltr'><strong>accenderem,</strong></span> <span class='ocrx_word' id='word_1_365' title='bbox 759 3778 787 3828; x_wconf 84' lang='lat' dir='ltr'><strong>ct</strong></span> <span class='ocrx_word' id='word_1_366' title='bbox 794 3770 940 3848; x_wconf 63' lang='lat' dir='ltr'><strong>precinas</strong></span> <span class='ocrx_word' id='word_1_367' title='bbox 952 3770 1102 3834; x_wconf 77' lang='lat' dir='ltr'><strong>uoluntatis</strong></span> <span class='ocrx_word' id='word_1_368' title='bbox 1115 3769 1259 3830; x_wconf 64' lang='lat' dir='ltr'><strong>mast</strong></span> 
     </span>
    </p>
   </div>
   <div class='ocr_carea' id='block_1_5' title="bbox 245 3925 1576 4734">
    <p class='ocr_par' dir='ltr' id='par_1_8' title="bbox 548 3925 1451 4021">
     <span class='ocr_line' id='line_1_39' title="bbox 548 3925 1451 4021; baseline 0.003 -35"><span class='ocrx_word' id='word_1_369' title='bbox 548 3927 574 3988; x_wconf 94' lang='lat' dir='ltr'><strong>I.</strong></span> <span class='ocrx_word' id='word_1_370' title='bbox 596 3927 723 4004; x_wconf 74' lang='lat' dir='ltr'><strong>Questio</strong></span> <span class='ocrx_word' id='word_1_371' title='bbox 738 3928 794 3988; x_wconf 89' lang='lat' dir='ltr'><strong>ista</strong></span> <span class='ocrx_word' id='word_1_372' title='bbox 807 3949 866 3990; x_wconf 93' lang='lat' dir='ltr'><strong>non</strong></span> <span class='ocrx_word' id='word_1_373' title='bbox 883 3929 979 3990; x_wconf 83' lang='lat' dir='ltr'><strong>miuus</strong></span> <span class='ocrx_word' id='word_1_374' title='bbox 1001 3935 1046 3990; x_wconf 89' lang='lat' dir='ltr'><strong>est</strong></span> <span class='ocrx_word' id='word_1_375' title='bbox 1067 3927 1160 3990; x_wconf 86' lang='lat' dir='ltr'><strong>ardua</strong></span> <span class='ocrx_word' id='word_1_376' title='bbox 1179 3925 1364 4021; x_wconf 81' lang='lat' dir='ltr'><strong>praecedenti,</strong></span> <span class='ocrx_word' id='word_1_377' title='bbox 1390 3927 1451 3990; x_wconf 89' lang='lat' dir='ltr'><strong>imo</strong></span> 
     </span>
    </p>

    <p class='ocr_par' dir='ltr' id='par_1_9' title="bbox 253 3987 1448 4094">
     <span class='ocr_line' id='line_1_40' title="bbox 253 3987 1448 4094; baseline 0.002 -28"><span class='ocrx_word' id='word_1_378' title='bbox 253 3987 480 4094; x_wconf 53' lang='lat' dir='ltr'><strong>”ffllffllm&#39;</strong></span> <span class='ocrx_word' id='word_1_379' title='bbox 508 4006 656 4086; x_wconf 88' lang='lat' dir='ltr'><strong>aliquanto</strong></span> <span class='ocrx_word' id='word_1_380' title='bbox 684 4008 835 4085; x_wconf 87' lang='lat' dir='ltr'><strong>difficilior,</strong></span> <span class='ocrx_word' id='word_1_381' title='bbox 864 4029 918 4070; x_wconf 90' lang='lat' dir='ltr'><strong>nec</strong></span> <span class='ocrx_word' id='word_1_382' title='bbox 945 4007 1015 4068; x_wconf 82' lang='lat' dir='ltr'><strong>sctis</strong></span> <span class='ocrx_word' id='word_1_383' title='bbox 1047 4008 1238 4087; x_wconf 75' lang='lat' dir='ltr'><strong>explicabilis,</strong></span> <span class='ocrx_word' id='word_1_384' title='bbox 1267 4007 1325 4068; x_wconf 89' lang='lat' dir='ltr'><strong>nisi</strong></span> <span class='ocrx_word' id='word_1_385' title='bbox 1351 4007 1448 4068; x_wconf 87' lang='lat' dir='ltr'><strong>lucem</strong></span> 
     </span>
    </p>

    <p class='ocr_par' dir='ltr' id='par_1_10' title="bbox 509 4087 1450 4167">
     <span class='ocr_line' id='line_1_41' title="bbox 509 4087 1450 4167; baseline 0 -21"><span class='ocrx_word' id='word_1_386' title='bbox 509 4087 601 4150; x_wconf 89' lang='lat' dir='ltr'><strong>Verbi</strong></span> <span class='ocrx_word' id='word_1_387' title='bbox 616 4088 717 4150; x_wconf 83' lang='lat' dir='ltr'><strong>Divini</strong></span> <span class='ocrx_word' id='word_1_388' title='bbox 731 4108 893 4167; x_wconf 88' lang='lat' dir='ltr'><strong>sequamur,</strong></span> <span class='ocrx_word' id='word_1_389' title='bbox 908 4096 939 4148; x_wconf 90' lang='lat' dir='ltr'><strong>et</strong></span> <span class='ocrx_word' id='word_1_390' title='bbox 951 4088 1086 4166; x_wconf 78' lang='lat' dir='ltr'><strong>religiose</strong></span> <span class='ocrx_word' id='word_1_391' title='bbox 1100 4088 1176 4148; x_wconf 82' lang='lat' dir='ltr'><strong>iutra</strong></span> <span class='ocrx_word' id='word_1_392' title='bbox 1189 4087 1328 4150; x_wconf 71' lang='lat' dir='ltr'><strong>ermines</strong></span> <span class='ocrx_word' id='word_1_393' title='bbox 1354 4087 1392 4148; x_wconf 80' lang='lat' dir='ltr'><strong>ab</strong></span> <span class='ocrx_word' id='word_1_394' title='bbox 1413 4107 1450 4146; x_wconf 89' lang='lat' dir='ltr'><strong>eo</strong></span> 
     </span>
    </p>

    <p class='ocr_par' dir='ltr' id='par_1_11' title="bbox 267 4165 1447 4247">
     <span class='ocr_line' id='line_1_42' title="bbox 267 4165 1447 4247; baseline 0 -19"><span class='ocrx_word' id='word_1_395' title='bbox 267 4167 429 4246; x_wconf 72' lang='lat' dir='ltr'><strong>rescriptos</strong></span> <span class='ocrx_word' id='word_1_396' title='bbox 442 4187 496 4230; x_wconf 89' lang='lat' dir='ltr'><strong>nos</strong></span> <span class='ocrx_word' id='word_1_397' title='bbox 510 4166 717 4228; x_wconf 83' lang='lat' dir='ltr'><strong>contineamus.</strong></span> <span class='ocrx_word' id='word_1_398' title='bbox 760 4169 826 4228; x_wconf 90' lang='lat' dir='ltr'><strong>Duo</strong></span> <span class='ocrx_word' id='word_1_399' title='bbox 840 4169 896 4228; x_wconf 86' lang='lat' dir='ltr'><strong>ista</strong></span> <span class='ocrx_word' id='word_1_400' title='bbox 910 4167 1067 4230; x_wconf 87' lang='lat' dir='ltr'><strong>clarissime</strong></span> <span class='ocrx_word' id='word_1_401' title='bbox 1081 4187 1119 4228; x_wconf 84' lang='lat' dir='ltr'><strong>ex</strong></span> <span class='ocrx_word' id='word_1_402' title='bbox 1135 4167 1284 4247; x_wconf 76' lang='lat' dir='ltr'><strong>Scriptuua</strong></span> <span class='ocrx_word' id='word_1_403' title='bbox 1297 4165 1447 4242; x_wconf 77' lang='lat' dir='ltr'><strong>habemur,</strong></span> 
     </span>
    </p>

    <p class='ocr_par' dir='ltr' id='par_1_12' title="bbox 277 4247 1447 4326">
     <span class='ocr_line' id='line_1_43' title="bbox 277 4247 1447 4326; baseline -0.002 -18"><span class='ocrx_word' id='word_1_404' title='bbox 277 4249 305 4308; x_wconf 90' lang='lat' dir='ltr'><strong>ei</strong></span> <span class='ocrx_word' id='word_1_405' title='bbox 319 4247 535 4310; x_wconf 85' lang='lat' dir='ltr'><strong>Providentiam</strong></span> <span class='ocrx_word' id='word_1_406' title='bbox 549 4267 719 4308; x_wconf 84' lang='lat' dir='ltr'><strong>concurrere</strong></span> <span class='ocrx_word' id='word_1_407' title='bbox 731 4269 797 4308; x_wconf 87' lang='lat' dir='ltr'><strong>cum</strong></span> <span class='ocrx_word' id='word_1_408' title='bbox 812 4247 945 4308; x_wconf 88' lang='lat' dir='ltr'><strong>omnibus</strong></span> <span class='ocrx_word' id='word_1_409' title='bbox 959 4248 1054 4308; x_wconf 84' lang='lat' dir='ltr'><strong>causis</strong></span> <span class='ocrx_word' id='word_1_410' title='bbox 1068 4247 1211 4326; x_wconf 59' lang='lat' dir='ltr'><strong>accedis</strong></span> <span class='ocrx_word' id='word_1_411' title='bbox 1221 4255 1251 4306; x_wconf 85' lang='lat' dir='ltr'><strong>et</strong></span> <span class='ocrx_word' id='word_1_412' title='bbox 1264 4265 1330 4306; x_wconf 87' lang='lat' dir='ltr'><strong>erun</strong></span> <span class='ocrx_word' id='word_1_413' title='bbox 1344 4247 1447 4306; x_wconf 82' lang='lat' dir='ltr'><strong>volun·</strong></span> 
     </span>
    </p>

    <p class='ocr_par' dir='ltr' id='par_1_13' title="bbox 246 4326 1448 4406">
     <span class='ocr_line' id='line_1_44' title="bbox 246 4326 1448 4406; baseline 0 -20"><span class='ocrx_word' id='word_1_414' title='bbox 246 4335 305 4386; x_wconf 90' lang='lat' dir='ltr'><strong>tate</strong></span> <span class='ocrx_word' id='word_1_415' title='bbox 319 4327 445 4387; x_wconf 86' lang='lat' dir='ltr'><strong>humana</strong></span> <span class='ocrx_word' id='word_1_416' title='bbox 458 4327 598 4406; x_wconf 89' lang='lat' dir='ltr'><strong>imprimis</strong></span> <span class='ocrx_word' id='word_1_417' title='bbox 610 4349 617 4402; x_wconf 87' lang='lat'><strong>;</strong></span> <span class='ocrx_word' id='word_1_418' title='bbox 640 4335 669 4386; x_wconf 92' lang='lat' dir='ltr'><strong>et</strong></span> <span class='ocrx_word' id='word_1_419' title='bbox 683 4347 765 4388; x_wconf 88' lang='lat' dir='ltr'><strong>suam</strong></span> <span class='ocrx_word' id='word_1_420' title='bbox 779 4337 875 4387; x_wconf 88' lang='lat' dir='ltr'><strong>tamen</strong></span> <span class='ocrx_word' id='word_1_421' title='bbox 889 4327 947 4386; x_wconf 88' lang='lat' dir='ltr'><strong>illis</strong></span> <span class='ocrx_word' id='word_1_422' title='bbox 961 4327 1102 4386; x_wconf 69' lang='lat' dir='ltr'><strong>illibatam</strong></span> <span class='ocrx_word' id='word_1_423' title='bbox 1115 4347 1263 4388; x_wconf 81' lang='lat' dir='ltr'><strong>remancre</strong></span> <span class='ocrx_word' id='word_1_424' title='bbox 1277 4326 1448 4404; x_wconf 73' lang='lat' dir='ltr'><strong>contingen·</strong></span> 
     </span>
    </p>

    <p class='ocr_par' dir='ltr' id='par_1_14' title="bbox 246 4406 1444 4485">
     <span class='ocr_line' id='line_1_45' title="bbox 246 4406 1444 4485; baseline 0 -19"><span class='ocrx_word' id='word_1_425' title='bbox 246 4407 325 4482; x_wconf 89' lang='lat' dir='ltr'><strong>tiam,</strong></span> <span class='ocrx_word' id='word_1_426' title='bbox 342 4415 371 4466; x_wconf 91' lang='lat' dir='ltr'><strong>et</strong></span> <span class='ocrx_word' id='word_1_427' title='bbox 384 4407 557 4468; x_wconf 83' lang='lat' dir='ltr'><strong>libertatem.</strong></span> <span class='ocrx_word' id='word_1_428' title='bbox 600 4407 659 4468; x_wconf 86' lang='lat' dir='ltr'><strong>Sed</strong></span> <span class='ocrx_word' id='word_1_429' title='bbox 673 4406 818 4485; x_wconf 89' lang='lat' dir='ltr'><strong>quomodo</strong></span> <span class='ocrx_word' id='word_1_430' title='bbox 839 4409 896 4472; x_wconf 87' lang='lat' dir='ltr'><strong>ista</strong></span> <span class='ocrx_word' id='word_1_431' title='bbox 916 4407 974 4468; x_wconf 91' lang='lat' dir='ltr'><strong>duo</strong></span> <span class='ocrx_word' id='word_1_432' title='bbox 994 4408 1069 4468; x_wconf 89' lang='lat' dir='ltr'><strong>inter</strong></span> <span class='ocrx_word' id='word_1_433' title='bbox 1090 4427 1122 4470; x_wconf 87' lang='lat' dir='ltr'><strong>se</strong></span> <span class='ocrx_word' id='word_1_434' title='bbox 1141 4406 1255 4485; x_wconf 84' lang='lat' dir='ltr'><strong>possint</strong></span> <span class='ocrx_word' id='word_1_435' title='bbox 1279 4406 1444 4480; x_wconf 86' lang='lat' dir='ltr'><strong>consistere,</strong></span> 
     </span>
    </p>

    <p class='ocr_par' dir='ltr' id='par_1_15' title="bbox 245 4484 1576 4734">
     <span class='ocr_line' id='line_1_46' title="bbox 245 4484 1449 4566; baseline 0.002 -23"><span class='ocrx_word' id='word_1_436' title='bbox 245 4505 331 4544; x_wconf 89' lang='lat' dir='ltr'><strong>nemo</strong></span> <span class='ocrx_word' id='word_1_437' title='bbox 344 4487 508 4546; x_wconf 82' lang='lat' dir='ltr'><strong>mortalium</strong></span> <span class='ocrx_word' id='word_1_438' title='bbox 526 4485 652 4564; x_wconf 83' lang='lat' dir='ltr'><strong>perfecte</strong></span> <span class='ocrx_word' id='word_1_439' title='bbox 672 4488 703 4546; x_wconf 91' lang='lat' dir='ltr'><strong>in</strong></span> <span class='ocrx_word' id='word_1_440' title='bbox 723 4487 778 4548; x_wconf 91' lang='lat' dir='ltr'><strong>hac</strong></span> <span class='ocrx_word' id='word_1_441' title='bbox 791 4487 854 4548; x_wconf 84' lang='lat' dir='ltr'><strong>vita</strong></span> <span class='ocrx_word' id='word_1_442' title='bbox 872 4486 988 4566; x_wconf 83' lang='lat' dir='ltr'><strong>sesequi</strong></span> <span class='ocrx_word' id='word_1_443' title='bbox 1046 4495 1112 4548; x_wconf 87' lang='lat' dir='ltr'><strong>test.</strong></span> <span class='ocrx_word' id='word_1_444' title='bbox 1153 4485 1216 4548; x_wconf 85' lang='lat' dir='ltr'><strong>Nec</strong></span> <span class='ocrx_word' id='word_1_445' title='bbox 1236 4486 1341 4548; x_wconf 88' lang='lat' dir='ltr'><strong>mirum</strong></span> <span class='ocrx_word' id='word_1_446' title='bbox 1355 4484 1449 4548; x_wconf 77' lang='lat' dir='ltr'><strong>videri</strong></span> 
     </span>
     <span class='ocr_line' id='line_1_47' title="bbox 245 4563 1576 4648; baseline 0.006 -28"><span class='ocrx_word' id='word_1_447' title='bbox 245 4563 340 4636; x_wconf 87' lang='lat' dir='ltr'><strong>debet,</strong></span> <span class='ocrx_word' id='word_1_448' title='bbox 356 4584 422 4622; x_wconf 89' lang='lat' dir='ltr'><strong>cum</strong></span> <span class='ocrx_word' id='word_1_449' title='bbox 435 4567 515 4624; x_wconf 89' lang='lat' dir='ltr'><strong>mille</strong></span> <span class='ocrx_word' id='word_1_450' title='bbox 529 4565 631 4626; x_wconf 91' lang='lat' dir='ltr'><strong>modos</strong></span> <span class='ocrx_word' id='word_1_451' title='bbox 644 4565 750 4629; x_wconf 85' lang='lat' dir='ltr'><strong>hebeat</strong></span> <span class='ocrx_word' id='word_1_452' title='bbox 763 4566 847 4628; x_wconf 88' lang='lat' dir='ltr'><strong>nobis</strong></span> <span class='ocrx_word' id='word_1_453' title='bbox 860 4567 1006 4648; x_wconf 85' lang='lat' dir='ltr'><strong>incompre</strong></span> <span class='ocrx_word' id='word_1_454' title='bbox 1028 4565 1164 4632; x_wconf 85' lang='lat' dir='ltr'><strong>cnsibiles</strong></span> <span class='ocrx_word' id='word_1_455' title='bbox 1178 4566 1368 4628; x_wconf 83' lang='lat' dir='ltr'><strong>concurrendi</strong></span> <span class='ocrx_word' id='word_1_456' title='bbox 1381 4585 1447 4628; x_wconf 87' lang='lat' dir='ltr'><strong>cum</strong></span> <span class='ocrx_word' id='word_1_457' title='bbox 1575 4629 1576 4634; x_wconf 66' lang='grc'>,</span> 
     </span>
     <span class='ocr_line' id='line_1_48' title="bbox 245 4639 1576 4734; baseline 0.006 -36"><span class='ocrx_word' id='word_1_458' title='bbox 245 4639 395 4700; x_wconf 81' lang='lat' dir='ltr'><strong>uoluntate</strong></span> <span class='ocrx_word' id='word_1_459' title='bbox 421 4651 528 4720; x_wconf 70' lang='lat' dir='ltr'><strong>noema,</strong></span> <span class='ocrx_word' id='word_1_460' title='bbox 557 4652 587 4706; x_wconf 90' lang='lat' dir='ltr'><strong>et</strong></span> <span class='ocrx_word' id='word_1_461' title='bbox 613 4645 698 4706; x_wconf 88' lang='lat' dir='ltr'><strong>nobis</strong></span> <span class='ocrx_word' id='word_1_462' title='bbox 725 4665 756 4708; x_wconf 83' lang='lat' dir='ltr'><strong>se</strong></span> <span class='ocrx_word' id='word_1_463' title='bbox 777 4646 952 4724; x_wconf 82' lang='lat' dir='ltr'><strong>insinuandi,</strong></span> <span class='ocrx_word' id='word_1_464' title='bbox 975 4655 1005 4708; x_wconf 90' lang='lat' dir='ltr'><strong>et</strong></span> <span class='ocrx_word' id='word_1_465' title='bbox 1028 4645 1116 4710; x_wconf 82' lang='lat' dir='ltr'><strong>corde</strong></span> <span class='ocrx_word' id='word_1_466' title='bbox 1133 4655 1234 4710; x_wconf 73' lang='lat' dir='ltr'><strong>nesus</strong></span> <span class='ocrx_word' id='word_1_467' title='bbox 1255 4645 1401 4724; x_wconf 77' lang='lat' dir='ltr'><strong>flectendi,</strong></span> <span class='ocrx_word' id='word_1_468' title='bbox 1416 4652 1450 4708; x_wconf 90' lang='lat' dir='ltr'><strong>ut</strong></span> <span class='ocrx_word' id='word_1_469' title='bbox 1574 4641 1576 4734; x_wconf 70' lang='grc' dir='ltr'>Ι</span> 
     </span>
    </p>
   </div>
   <div class='ocr_carea' id='block_1_6' title="bbox 0 0 1592 5174">
    <p class='ocr_par' dir='ltr' id='par_1_16' title="bbox 0 0 1592 5174">
     <span class='ocr_line' id='line_1_49' title="bbox 0 0 1592 5174; baseline 0 2"><span class='ocrx_word' id='word_1_470' title='bbox 0 0 1592 5174; x_wconf 95' lang='lat' dir='ltr'><strong> </strong></span> 
     </span>
    </p>
   </div>
  </div>
 </body>
</html>
