3250 5176
261 261 321 318 550
757 275 848 317 nocua
862 273 967 316 nonus.
1274 249 1407 331 [oum.
1423 269 1477 312 vu.
1586 269 1587 274 ¹

265 451 506 510 mmmmm
567 415 622 476 VI.
644 415 738 475 Causa
755 436 825 494 ergo
845 415 978 494 proxima
1006 421 1036 472 et
1055 409 1172 490 propria
1191 409 1306 488 peccati
1327 430 1391 470 non
1410 411 1479 470 alibi

528 495 753 574 ¹³
775 493 1318 653 uectum

266 663 397 731 cogente,
411 655 501 714 libere
515 676 533 714 a
547 655 611 715 Deo
625 655 738 714 defecit.
780 656 827 714 Ita
839 675 893 714 nec
907 674 965 732 qua
977 653 1091 730 integer
1104 651 1218 744 proprie
1233 650 1337 728 lapsus
1351 659 1409 726 est,
1425 672 1478 711 nec

266 754 324 811 qua
338 743 504 812 corruptus;
527 735 580 794 sed
600 755 657 812 qua
677 734 743 794 falsi
763 735 858 813 specie
878 735 1015 808 imbutus,
1031 741 1217 809 semetipsum
1231 751 1436 808 corrumpens,
1449 740 1479 791 et

266 813 399 890 neglecta
413 814 576 891 cognitione
595 815 737 874 habituali
756 836 774 873 a
788 816 852 878 Deo
871 811 972 888 indita,
988 832 1112 872 errorem
1126 830 1145 868 a
1160 810 1287 868 Diabolo
1302 822 1478 888 suggestum

267 894 434 972 suscipiens.
470 894 530 953 Nec
544 895 649 954 mirum
662 894 756 953 videri
770 895 864 970 debet,
881 894 906 953 si
919 894 1005 952 bomo
1019 891 1070 969 qui
1083 890 1181 984 labilia
1195 899 1225 950 ct
1238 891 1396 984 mutabilis
1410 913 1476 985 con:

266 973 344 1032 ditus
358 983 427 1048 erat,
442 982 570 1034 mutatus
584 974 622 1033 sit
635 983 665 1033 et
684 974 801 1052 lapsus3
822 995 882 1033 non
901 973 1002 1050 magis,
1016 992 1103 1050 quam
1125 991 1150 1029 sr
1170 969 1299 1047 perfecte
1314 983 1477 1048 quiescenti

266 1052 380 1112 initium
393 1062 489 1113 motus
503 1054 632 1114 accidat:
653 1073 720 1112 nam
735 1055 784 1114 ubi
799 1053 884 1113 datur
903 1052 1033 1131 potentia
1046 1051 1085 1110 ad
1104 1050 1306 1127 mutationem,
1322 1051 1422 1111 facilis
1435 1063 1477 1112 cet

266 1133 404 1192 transitus
418 1153 435 1190 a
448 1133 577 1210 potentia
590 1134 627 1192 ad
641 1143 745 1193 actum.

306 1213 380 1272 VII.
402 1213 542 1288 Quemvis
555 1233 624 1272 vero
643 1214 729 1274 bomo
749 1214 848 1291 lapsus
869 1213 916 1289 sit,
938 1231 998 1270 non
1018 1211 1138 1271 deerant
1157 1219 1256 1270 tamen
1278 1210 1325 1270 illi
1339 1211 1421 1271 vires
1441 1212 1477 1270 ad

266 1291 401 1351 standum
415 1293 440 1352 si
453 1293 602 1370 voluisset,
617 1293 725 1370 alioqui
745 1293 939 1353 conditionem
959 1291 1168 1369 impossibilem
1187 1290 1234 1348 illi
1250 1291 1372 1350 tulisset
1387 1293 1475 1351 Deus.

268 1371 354 1432 Unde
368 1373 477 1451 duplex
491 1374 637 1448 auaitum,
649 1373 698 1432 vel
711 1375 891 1449 acb'mmam,
903 1373 993 1448 vulgo
1008 1371 1150 1448 distingui
1164 1371 1247 1444 solet,
1263 1372 1476 1430 armiliamsiac

266 1471 321 1529 quo
335 1473 399 1529 nove,
415 1473 467 1512 seu
486 1453 615 1532 potentia
634 1473 693 1511 non
713 1453 859 1530 peccandi,
874 1473 932 1530 qua
944 1453 1022 1510 vires
1034 1451 1138 1510 babuit
1151 1450 1330 1510 sufficientes
1345 1451 1386 1510 ed
1399 1459 1475 1510 stan·

266 1531 336 1591 dum
348 1533 373 1591 si
383 1532 537 1608 voluisset;
557 1533 596 1592 Et
606 1535 744 1592 ancilium
754 1553 817 1610 qao,
830 1553 881 1592 seu
892 1531 994 1591 efficax
1004 1531 1107 1608 gratis,
1114 1551 1179 1608 quae
1190 1549 1250 1588 non
1260 1530 1353 1590 dabat
1363 1539 1475 1590 tanturm

261 1631 346 1687 posse
358 1613 385 1670 si
396 1616 482 1688 vellet,
499 1612 549 1671 sed
563 1615 631 1672 velle
644 1616 722 1689 quod
734 1623 838 1690 possa.
880 1612 960 1672 Illud
974 1629 1005 1670 se
1025 1609 1151 1670 habebat
1164 1609 1203 1669 ad
1221 1609 1343 1669 modum
1357 1611 1474 1671 habitus

266 1700 295 1750 et
308 1691 453 1752 facultatis
473 1692 504 1750 in
520 1691 654 1769 bomine;
676 1693 743 1752 Hoc
756 1713 827 1752 vcro
840 1691 879 1752 ed
891 1691 1009 1750 modum
1023 1690 1154 1766 actionis,
1169 1709 1222 1750 seu
1236 1689 1365 1750 efficacis
1379 1703 1473 1751 motus

265 1769 303 1828 sd
317 1770 434 1830 bonum.
477 1772 562 1830 Prius
575 1773 770 1832 necessarium
783 1781 845 1832 erat
858 1772 896 1831 ad
908 1777 937 1830 τὶ
949 1791 1034 1849 posse
1048 1789 1243 1848 perseverare,
1259 1770 1313 1829 sed
1330 1771 1475 1848 posterius

265 1850 303 1908 ad
316 1856 343 1909 sl
357 1871 541 1930 perseverare
555 1861 631 1912 actu.
666 1853 782 1912 Ademo
792 1873 939 1930 nunquam
953 1850 1044 1910 defuit
1056 1850 1137 1929 prius
1151 1850 1303 1926 auxilium,
1320 1851 1477 1929 nequidem

265 1930 296 1989 in
311 1932 374 2009 ipso
387 1940 534 1993 momento
547 1951 605 2009 quo
626 1933 774 2012 peccavit;
797 1933 849 1992 sed
867 1933 1011 2011 posterius
1031 1931 1122 1990 libere
1142 1930 1186 1989 illi
1207 1930 1369 2007 denegavit
1384 1932 1474 2008 Deus,

265 2019 300 2070 ut
313 2012 351 2070 ad
364 2013 439 2071 illud
452 2032 510 2072 uon
524 2013 724 2090 obligabatur:
747 2013 834 2072 Unde
855 2022 951 2072 tamen
971 2031 1029 2071 non
1043 2019 1140 2088 potest
1153 2010 1212 2070 Vol
1226 2011 1364 2069 excusari
1377 2012 1474 2086 homo,

266 2092 335 2168 quia
355 2101 466 2170 sponte,
488 2102 518 2152 ct
538 2093 619 2151 nulla
642 2094 673 2151 vi
693 2093 813 2153 adactus
832 2093 982 2171 peccavit;
1005 2091 1063 2150 Vel
1083 2089 1214 2150 accusari
1235 2091 1327 2166 Deus,
1348 2091 1421 2168 quia
1443 2099 1477 2151 ut

265 2171 430 2232 liberrimus
443 2173 584 2233 bonorum
599 2193 715 2232 suorum
730 2173 918 2250 dispensator,
933 2171 1093 2248 nullalcge
1107 2169 1145 2229 ad
1165 2171 1268 2247 gnatia
1284 2171 1373 2230 istius
1387 2172 1475 2230 colla·

265 2251 373 2311 tionem
388 2253 555 2328 tenebatur3
577 2260 611 2311 ut
623 2261 724 2329 postea
737 2251 829 2312 fusius
844 2252 963 2311 dicetur.

305 2331 397 2390 VIII.
421 2331 507 2390 Solus
528 2350 597 2407 ergo
611 2332 698 2390 bomo
718 2332 788 2390 mali
808 2332 854 2390 sui
873 2351 961 2390 caum
983 2329 1045 2405 fuit,
1069 2330 1139 2407 quia
1155 2319 1258 2389 voletis
1278 2331 1424 2408 peccavit,
1445 2340 1476 2390 et

264 2417 367 2487 sponte
381 2417 411 2468 et
424 2411 501 2469 ultro
515 2410 586 2468 citra
600 2411 689 2468 ullam
703 2411 880 2469 coactionem
894 2418 945 2469 aut
958 2410 1017 2466 vim
1036 2418 1187 2470 externam
1208 2407 1411 2488 uansgress'us
1431 2421 1477 2470 est

265 2488 321 2546 Dei
335 2488 510 2562 mandatum,
526 2499 555 2546 et
569 2489 604 2545 iis
618 2497 680 2548 erat
693 2489 851 2548 instructus
865 2489 975 2548 viribus
989 2495 1018 2546 et
1032 2488 1180 2565 subsidiis,
1195 2490 1302 2566 quibus
1321 2500 1475 2568 peceatum

263 2567 347 2626 facile
360 2568 453 2626 vitare
473 2567 623 2645 potuisset,
646 2569 670 2626 si
685 2568 834 2627 voluisset
877 2569 963 2626 Hanc
976 2587 1046 2626 vcro
1061 2569 1312 2646 spontaneitatem,
1329 2591 1384 2629 nec
1397 2573 1474 2630 Pro·

262 2648 385 2706 videntne
397 2647 482 2722 tollit,
498 2666 563 2724 qua
577 2645 809 2707 infallibilitatem
824 2657 947 2708 eventus
967 2647 1062 2724 infert,
1082 2648 1135 2706 sed
1148 2657 1259 2708 naturae
1274 2649 1473 2709 conditionem

263 2746 322 2785 non
335 2733 436 2801 mutat,
451 2746 505 2786 nec
519 2728 632 2786 walada
649 2727 771 2804 sanna,
786 2747 852 2804 quae
866 2729 1052 2804 quantumvis
1066 2727 1182 2787 admota
1195 2728 1270 2787 nibil
1289 2729 1473 2806 profecisset,

263 2806 320 2865 nisi
329 2807 406 2865 ultro
416 2807 453 2865 ab
467 2807 531 2884 ipso
541 2806 657 2866 bomine
668 2807 793 2868 admissa
803 2807 913 2886 fuisset,
926 2827 1013 2886 quam
1022 2807 1176 2868 retundere
1186 2817 1285 2868 tamen
1298 2809 1342 2868 illi
1354 2809 1474 2870 difficile

264 2905 324 2946 non
337 2887 399 2964 brit,
416 2887 441 2946 si
455 2887 604 2948 voluisset.

565 2969 626 3029 IX.
649 2969 759 3030 Praeter
777 2991 891 3030 causam
911 2970 997 3030 istam
1016 2970 1155 3029 internam
1174 2977 1350 3044 moventem,
1374 2969 1430 3030 fuit
1444 2978 1474 3030 et

265 3031 504 3139 cqqqggquv
525 3049 711 3110 arianam
721 3051 881 3128 adjuvans:
899 3051 1078 3128 quaeiterum
1089 3049 1207 3126 duplex,
1219 3050 1277 3107 aua
1285 3051 1471 3126 pampus,

342 3126 348 3147 '
526 3129 583 3188 alia
609 3131 835 3190 imtmmentcrlis.
885 3129 1057 3207 Principale
1084 3138 1128 3188 est
1152 3130 1299 3204 Diabolus,
1324 3130 1378 3206 qui
1406 3130 1472 3190 Deo

262 3205 394 3282 gloriam,
417 3207 640 3286 hominibusque
661 3210 828 3270 felicitatem
849 3209 993 3284 invidens,
1018 3209 1210 3286 protoplastos
1232 3207 1270 3266 ad
1291 3210 1471 3285 apostasiam

262 3285 432 3362 instigavit,
454 3289 688 3365 Instrumentabi,
703 3293 833 3366 Serpens,
849 3289 955 3366 quoad
968 3290 1023 3348 boe
1038 3309 1110 3366 opus
1123 3288 1166 3348 uti
1176 3287 1276 3362 voluit,
1292 3286 1322 3345 in
1338 3308 1398 3365 quo
1411 3309 1473 3347 non

261 3362 292 3419 vi
306 3363 358 3420 sed
371 3372 436 3422 astu
449 3365 595 3424 homiuem
617 3367 739 3444 aggredi
753 3370 854 3445 voluit,
870 3369 921 3445 qui
941 3389 999 3446 quo
1019 3367 1220 3442 fuissentin,
1241 3387 1276 3424 eo
1296 3367 1352 3426 fuit
1375 3369 1473 3445 apti0r

260 3439 373 3499 adhoc
394 3442 592 3519 ministerium,
608 3453 637 3503 et
659 3446 784 3505 Diabolo
804 3457 922 3526 propter
941 3448 1158 3508 similitudinem
1178 3445 1301 3524 gratior;
1324 3447 1471 3519 Quevas

260 3520 542 3659 tittptsttttt
543 3522 714 3679 titiis
724 3525 773 3662 1¹3⁰
775 3523 1332 3666 ttttttttttutffittttt
1343 3525 1467 3664 ”lviiii

260 3759 559 3836 t
957 3759 1467 3838 tt

262 3839 370 3898 Satana
389 3840 577 3916 reportandae,
593 3851 765 3919 perpetuum
785 3844 905 3922 aliquod
924 3854 1038 3905 extaret
1051 3850 1275 3918 monumentum,
1289 3841 1378 3918 quale
1392 3843 1468 3920 quid

259 3937 318 3976 non
332 3919 474 3995 potuisset
487 3920 550 3979 fieri
563 3921 640 3980 circe
653 3922 760 3981 animal
780 3923 859 4001 quod
879 3925 980 3984 usibus
998 3925 1132 3984 humanis
1144 3923 1245 3982 fuisset
1257 3922 1468 3982 necessarium.

260 3997 339 4055 Hinc
353 3999 470 4074 Aspicit.
485 3999 521 4058 de
537 4000 568 4058 O.
584 4000 622 4059 D.
641 4000 661 4060 l.
677 4001 739 4061 xiv.
759 4023 783 4061 c.
801 4005 847 4078 11,
870 4007 887 4037 ‘²
899 4004 1057 4063 Lubricum
1077 4001 1182 4062 animal
1202 4009 1231 4059 et
1251 4001 1392 4060 tortuosis
1413 4021 1466 4060 an·

257 4075 397 4135 fructibus
410 4078 517 4136 mobile
531 4080 610 4157 operi
625 4099 677 4138 suo
692 4101 852 4158 congruum
865 4103 917 4160 per
930 4083 1009 4160 quod
1021 4084 1186 4160 loqueretur
1199 4079 1317 4156 elegit,”
1333 4077 1390 4140 &c

299 4155 341 4214 X.
373 4155 536 4216 Autborem
563 4160 731 4219 tentationis
758 4161 847 4222 fuisse
875 4162 1040 4238 Diabolum,
1066 4161 1197 4221 dubitare
1223 4179 1278 4218 nos
1305 4179 1366 4218 non
1394 4160 1466 4220 sinit

259 4233 415 4311 Scriptura,
431 4254 519 4313 quum
534 4257 600 4296 eum
614 4239 778 4314 &rpentcm
791 4242 945 4318 antiquum,
960 4245 1131 4316 Drmonnn,
1144 4240 1237 4316 Apoc.
1251 4237 1304 4296 xii.
1320 4241 1349 4314 9,
1365 4247 1396 4298 et
1410 4259 1463 4298 xx.

257 4315 293 4386 23
315 4315 490 4391 homicidam,
513 4327 540 4374 ct
559 4319 720 4378 mendacem
740 4321 776 4378 ab
796 4320 884 4394 initio,
906 4321 1014 4379 Johnn.
1036 4320 1096 4379 viii.
1119 4323 1175 4394 443
1203 4319 1383 4376 Terrtotorem
1403 4319 1467 4376 κατ’

256 4391 346 4464 isonat,
372 4395 387 4448 1
408 4393 510 4452 Thess.
532 4395 573 4453 iii
595 4399 623 4470 5,
641 4401 660 4454 2
683 4399 747 4457 Cor.
767 4399 808 4456 xi
831 4403 860 4474 3,
875 4409 969 4473 vocat,
991 4401 1042 4477 qni
1062 4399 1163 4458 mortis
1184 4397 1338 4474 imperium
1362 4397 1460 4470 habet,

256 4467 333 4524 Heb.
349 4469 378 4526 ii.
395 4472 441 4545 14,
457 4473 495 4530 ad
513 4475 596 4550 cujus
610 4495 698 4551 opera
711 4477 886 4538 destruenda
900 4479 1032 4538 Christus
1045 4477 1134 4554 veuit,
1152 4481 1166 4535 1
1182 4477 1232 4536 Jo.
1246 4476 1288 4536 iii.
1304 4477 1334 4536 8.
1377 4477 1460 4534 Licet

254 4561 323 4601 vero
339 4545 437 4605 Moses
457 4551 625 4611 historicum
647 4575 746 4632 agens,
762 4566 791 4616 et
805 4557 970 4617 visibilibus
984 4579 1018 4618 ac
1038 4556 1222 4618 sensibilibus
1243 4553 1366 4630 bareas,
1387 4554 1459 4614 satis
