3158 5180
122 365 248 414 eutssr.
263 343 322 426 xa]
621 365 659 404 ns
674 364 852 405 (terramus.
1285 351 1341 407 421

122 525 197 565 snas
211 505 364 583 pollerent,
379 507 430 566 uni
444 505 563 580 bomini,
587 505 618 566 id
632 514 676 566 est
690 505 771 584 operi
789 505 878 582 louge
891 501 1138 582 praestantissimo,
1154 504 1294 566 invidisse
1315 517 1344 568 et

122 605 166 646 ne
257 629 264 644 .

167 605 255 664 W
435 664 495 722 XI.
519 663 611 723 Aliud
624 673 670 724 est
682 664 763 741 loqui
786 664 821 723 de
846 663 963 722 essentis
977 663 1103 738 lomina,
1126 663 1264 726 Aliudde
1284 669 1343 742 ejus

168 730 336 833 haim*
391 743 622 838 ''ni‘ffl‘f‘fflb
629 745 821 836 perfectivae,-
842 743 892 801 Ad
906 741 1080 835 ablationem
1102 744 1265 820 part1s‚vel
1277 765 1344 838 pro·

122 901 255 962 sednon
270 902 368 962 statim
387 831 525 961 dd'leiiiiiii
536 823 844 980 bliieildtidridiiintddldd
860 831 991 960 ideiiltdd
1012 841 1123 960 desidiis
1136 832 1343 980 riiitelgiitiiiddi

122 993 158 1042 et
172 982 388 1061 perfectionem,
412 983 506 1059 qualis
520 981 575 1042 fuit
595 983 711 1060 justitia
735 981 904 1058 originalis,
927 988 1024 1041 manet
1046 982 1163 1058 quidem
1186 983 1290 1042 mutila
1313 993 1344 1044 et

122 1062 290 1201 {epurata
309 1069 422 1138 natura,
443 1081 534 1139 quum
547 1061 924 1140 amisitquodperfieiebat,
940 1060 1063 1120 sednon
1077 1061 1173 1138 quoad
1187 1063 1342 1127 essentiam

170 1222 250 1280 XII.
274 1221 357 1280 Licet
378 1219 501 1281 Justitia
523 1221 673 1299 originalis
696 1219 809 1280 dicatur
831 1219 947 1279 Adamo
969 1220 1117 1296 naturalis,
1140 1240 1199 1280 nen
1214 1222 1344 1300 sequitur

124 1301 254 1360 eandem
274 1319 338 1360 esse
359 1320 425 1360 oum
439 1301 561 1361 Justitie
576 1301 640 1365 Dei.
656 1301 725 1379 quia
740 1302 821 1360 Deus
836 1301 915 1359 solus
929 1300 1099 1359 naturaliter
1109 1301 1208 1377 justus
1222 1309 1267 1361 est
1280 1321 1341 1362 om·

125 1380 258 1456 nimode,
272 1380 473 1455 essentialiter,
498 1380 734 1458 independenter,
759 1389 790 1440 et
812 1379 1039 1455 immutabiliter,
1063 1380 1116 1440 sed
1128 1381 1215 1440 bomo
1229 1389 1343 1442 tantum

125 1459 1339 1618 ffl‘iiriiffiibiuffilibmbulladuiliiiitp'liilibiadil‘lillii‘t.'

126 1619 198 1680 beat
211 1619 343 1679 mande
356 1627 473 1697 propter
486 1619 565 1696 quod
578 1619 656 1679 filius
670 1620 727 1679 Dei
740 1619 869 1693 dioetur3
888 1583 946 1678 s’ed
960 1619 1115 1695 requiritur
1128 1627 1161 1679 ut
1173 1640 1240 1685 eum
1256 1621 1342 1680 Patre

126 1699 252 1759 eandem
274 1717 393 1758 numero
406 1707 539 1758 naturam
557 1699 671 1774 habeat,
687 1698 766 1776 qnod
779 1699 815 1757 de
830 1698 892 1758 solo
907 1697 1022 1757 Christo
1037 1698 1094 1757 diei
1107 1707 1212 1776 potest,
1228 1701 1278 1776 qui
1298 1709 1343 1760 est

127 1779 294 1873 essentialis
309 1778 366 1838 Dei
379 1778 485 1856 imago,
500 1779 625 1873 sedpon
634 1779 675 1872 'de
689 1778 782 1871 primo
795 1786 923 1855 parente,
946 1778 997 1854 qui
1017 1777 1128 1838 ratione
1142 1779 1341 1840 similitudinis

129 1858 819 2014 ⁸1¹(diliisiilluimduildismeditfflilee,i1·ndriimtl¹drirtires
841 1935 973 1994 ementire
987 1945 1092 2012 partes,
1117 1937 1161 1994 illi
1175 1957 1233 1995 non
1246 1947 1343 2015 potest

130 2037 197 2077 esse
207 2018 321 2094 J'ustitia
334 2017 485 2096 origInalis
498 2018 653 2092 naturalis3
671 2017 730 2078 Sed
743 2016 830 2076 bomo
841 2015 947 2074 dieitur
960 2023 1073 2074 tentum
1086 2015 1193 2092 pulvis,
1209 2017 1285 2076 Gen.
1300 2018 1341 2078 iii.

130 2096 178 2172 19,
194 2096 353 2157 seeundum
367 2098 446 2176 quid,
462 2107 492 2158 et
504 2105 637 2175 respectu
651 2097 787 2174 eorporis.
832 2095 888 2169 Sia,
904 2103 937 2154 ut
950 2095 1081 2154 naturale
1096 2103 1140 2154 est
1153 2095 1264 2154 bomini
1277 2097 1342 2174 pul·

127 2197 250 2237 versum
273 2197 337 2237 esse
361 2197 379 2236 a
399 2186 481 2256 parte
505 2177 642 2255 eorporis,
668 2175 747 2254 qnod
769 2195 785 2236 e
805 2183 882 2234 terre
895 2171 1048 2234 formatum
1061 2173 1125 2250 fuit,
1138 2183 1196 2234 tam
1211 2177 1342 2237 naturale

128 2257 174 2316 illi
188 2277 253 2317 esse
267 2257 354 2316 debet
364 2258 477 2335 justum
491 2266 520 2317 et
534 2265 666 2316 sanetum
680 2275 753 2331 esee,
768 2254 865 2332 quoad
878 2255 1034 2330 imaginem
1050 2254 1114 2330 Dei,
1131 2253 1269 2332 adquam
1284 2255 1341 2315 for-

127 2345 225 2397 matus
239 2346 293 2398 est.
335 2335 448 2396 Deinde
461 2337 510 2397 hio
523 2335 728 2414 distinguenda
741 2343 786 2394 est
801 2336 883 2410 lebes,
899 2342 928 2393 et
942 2335 1062 2394 labilitas
1067 2358 1079 2406 ;
1094 2333 1173 2394 eliud
1187 2343 1232 2394 est
1245 2335 1342 2396 labem

126 2417 237 2477 habere
252 2425 412 2492 eonnetam,
437 2417 517 2476 aliud
538 2435 608 2476 vero
630 2435 716 2494 posse
736 2415 812 2490 labi;
836 2415 934 2474 Homo
948 2434 1006 2492 qua
1019 2413 1116 2492 pulvis
1130 2414 1233 2474 habuit
1245 2415 1341 2475 labili·

126 2506 229 2572 tatem,
246 2516 303 2575 qna
316 2497 412 2575 potuit
431 2515 560 2574 peoeare,
584 2495 636 2556 sed
657 2515 716 2554 non
729 2495 824 2554 labem
840 2495 940 2572 ipsam,
957 2513 1014 2571 qua
1028 2503 1094 2554 eetu
1108 2495 1241 2572 peooarit.
1286 2495 1343 2556 Illa

126 2585 238 2636 statum
259 2586 369 2637 naturas
393 2577 542 2636 mutabilis
566 2575 693 2651 notabat,
717 2575 770 2634 sed
795 2573 909 2634 nullum
936 2574 1076 2649 morbum,
1100 2574 1149 2633 vel
1171 2575 1341 2653 languorem

127 2656 303 2734 designabat
316 2657 347 2715 in
360 2676 415 2733 eo;
437 2657 501 2716 Ista
523 2663 630 2716 statum
653 2654 774 2734 peceati,
789 2655 841 2732 qui
864 2674 927 2714 osse
949 2674 1007 2713 non
1029 2654 1124 2732 potuit
1137 2655 1168 2712 in
1181 2663 1284 2715 natura
1297 2657 1340 2714 in-

159 2755 246 2876 gXLV.
268 2816 394 2876 Tantum
418 2816 509 2890 abest,
534 2825 567 2876 ut
588 2835 655 2894 pars
677 2815 780 2874 animae
804 2813 922 2874 inferior
942 2835 993 2892 per
1007 2833 1038 2874 se
1052 2822 1163 2892 pugnet
1176 2834 1242 2874 eum
1256 2834 1340 2893 supe·

127 2896 207 2972 riori,
223 2904 378 2972 utcontra,
393 2904 467 2956 teste
482 2897 668 2973 Philosopho,
683 2900 822 2975 sotumi·
839 2895 940 2968 elevas,
956 2904 986 2953 et
999 2903 1101 2953 nature
1115 2894 1158 2952 illi
1172 2895 1340 2954 eubordine·

127 2987 197 3036 tur:
220 2976 432 3054 Propensiones
445 2978 595 3054 utriusque
615 2984 738 3053 possum
757 2993 821 3033 esse
835 2973 967 3048 diversae,
983 2971 1106 3032 sednon
1121 2974 1271 3032 contrarie
1291 2993 1343 3050 per

129 3076 171 3131 se,
187 3056 242 3115 sed
254 3065 367 3116 tantum
377 3077 429 3134 per
439 3055 573 3116 aoeidens
581 3063 870 3133 propterpeeoetum;
885 3053 972 3111 bomo
983 3053 1060 3110 enim
1071 3052 1165 3128 potuit
1174 3052 1343 3113 naturaliter

129 3136 198 3194 ferri
212 3136 251 3195 ad
264 3143 418 3214 utrumque
432 3137 548 3212 bonum,
564 3134 700 3195 sensibile
714 3140 744 3192 et
758 3131 915 3210 spirituale,
931 3131 1028 3190 sedin
1042 3151 1094 3190 suo
1109 3130 1217 3205 ordine,
1233 3130 1342 3208 absque

128 3215 287 3276 rebellione
312 3217 406 3275 earnis
430 3224 460 3276 et
481 3217 607 3293 spiritus,
632 3223 666 3273 ut
689 3213 786 3272 anime
807 3212 959 3288 imperium
982 3230 1095 3288 semper
1108 3209 1259 3285 obtineret,
1275 3230 1342 3274 esre

128 3315 201 3354 vero
214 3295 259 3354 illi
273 3315 381 3356 morem
396 3305 516 3374 gereret,
531 3304 562 3356 et
575 3313 675 3353 omnes
688 3302 785 3352 motus
799 3311 876 3367 suos,
898 3300 928 3351 et
942 3290 1143 3350 inclinationes
1157 3289 1201 3350 illi
1216 3290 1341 3369 subjice·

129 3386 191 3451 ret3
214 3375 323 3434 bonum
348 3375 424 3434 enim
449 3376 585 3435 sensibile
609 3375 640 3432 in
661 3373 738 3433 bono
760 3371 938 3450 intelligibili
962 3371 1132 3446 eontinetur,
1153 3380 1184 3430 et
1198 3371 1342 3449 appetitis

129 3455 265 3515 sensitiri
278 3456 425 3533 objectum
441 3455 577 3515 sehabet
598 3453 636 3514 ad
658 3453 803 3530 objectum
825 3451 983 3528 rationalis,
1005 3459 1038 3512 ut
1051 3451 1179 3510 medium
1192 3451 1341 3512 adfinem.

130 3533 277 3610 Quamdiu
291 3555 361 3613 ergo
374 3536 461 3595 bomo
475 3536 583 3597 bonum
604 3533 740 3594 sensibile
761 3535 890 3610 respexit
902 3540 937 3591 ut
949 3531 1085 3607 medium,
1101 3531 1182 3591 nulla
1195 3531 1250 3592 luit
1263 3532 1293 3590 in
1307 3553 1342 3591 eo

129 3615 285 3692 vitiositas,
311 3615 363 3674 sed
385 3635 474 3693 quum
497 3635 514 3673 a
537 3616 601 3676 Deo
624 3612 776 3674 discedens
798 3611 866 3672 ferri
889 3612 977 3691 eoepit
990 3613 1021 3670 in
1035 3611 1183 3690 objectum
1197 3612 1343 3690 appetitus

129 3695 273 3770 mnsitivi,
288 3703 426 3773 tanquam
439 3697 471 3754 in
484 3695 618 3755 ultimum
632 3694 728 3769 finem,
744 3701 773 3753 et
787 3712 930 3752 summum
950 3693 1067 3767 bonum,
1083 3691 1163 3768 quod
1176 3690 1283 3750 laetum
1298 3699 1343 3750 est

128 3795 182 3853 per
195 3782 355 3852 peeeatum,
371 3786 433 3835 tum
454 3776 571 3834 demam
585 3783 648 3834 orte
668 3781 713 3834 est
735 3776 836 3848 ὁτιξιὴ
860 3793 925 3849 quaa
940 3772 1070 3830 ordinem
1092 3770 1188 3828 sDeo
1203 3769 1342 3829 eonstitu-

129 3865 194 3915 tum
207 3855 398 3933 perturbavit.
442 3854 688 3933 Distinguendum
708 3873 778 3930 ergo
792 3854 840 3911 hie
853 3860 897 3911 est
918 3859 1051 3912 aoourate
1065 3849 1095 3907 in
1110 3849 1249 3926 appetitu,
1265 3849 1344 3925 quod

130 3935 187 3994 luit
200 3935 340 4010 naturale,
365 3944 395 3995 et
408 3935 580 4010 ordinatum,
592 3934 673 3993 abeo
686 3932 765 4009 quod
773 3930 1008 4008 praeternaturale
1023 3936 1075 4003 est,
1086 3937 1116 3988 et
1129 3927 1323 3986 inordinatum
1335 3951 1342 4004 ;

132 4014 217 4074 Istud
231 4015 337 4074 rationi
350 4024 500 4093 repugnet,
517 4015 569 4074 sed
582 4033 641 4072 non
654 4012 762 4089 pariter
775 4010 857 4070 illud.
1240 4041 1243 4050 ·

173 4095 267 4154 XVI.
289 4095 428 4171 Quemvis
442 4095 566 4156 Justitie
585 4091 736 4170 originalis
749 4097 827 4149 reete
848 4089 906 4148 diei
926 4087 1020 4166 possit
1036 4085 1151 4161 Grata,
1167 4105 1219 4146 seu
1240 4087 1344 4146 ἅοπυηι

129 4177 296 4252 praedam,
320 4183 408 4252 etque
430 4176 503 4235 adeo
525 4173 687 4234 indebitum
709 4191 727 4229 e
748 4177 829 4247 perta
852 4169 917 4243 Dei,
933 4165 1176 4244 quemadmodum
1190 4173 1220 4224 et
1241 4174 1345 4226 natura

132 4255 417 4396 limittit
430 4245 1345 4404 ⁰¹⁰:fttttl0tttltp‘01'ttt“admittit

134 4417 215 4476 Deus
228 4415 351 4491 bomini,
365 4355 569 4494 pontiiman
579 4412 658 4491 quod
668 4411 763 4471 voluit
773 4349 1027 4470 ommegrlib’miuem
1038 4406 1076 4466 sd
1086 4406 1241 4483 imaginem
1253 4425 1343 4483 suam,

132 4496 234 4557 debuit
247 4497 332 4556 illum
346 4515 445 4556 ereere
455 4496 568 4573 justum
582 4503 612 4554 et
625 4501 766 4553 sanetum

172 4577 284 4637 XVII.
307 4575 418 4635 Preter
432 4575 555 4634 lebitum
568 4575 689 4650 iafioem
703 4593 755 4652 per
769 4569 901 4649 gratiam,
916 4575 946 4629 et
964 4567 1129 4646 eequt'situm
1142 4580 1194 4645 per
1209 4566 1346 4628 industri·

131 4677 186 4734 em,
204 4657 293 4718 datur
306 4655 382 4715 alins
396 4665 531 4716 coenatus
546 4663 576 4714 et
590 4653 713 4714 collatus
727 4652 764 4712 ed
784 4651 990 4730 perlectionem
1004 4657 1161 4723 creaturae3
1184 4647 1246 4708 Neo
1260 4668 1344 4727 prop-
