3158 5180
134 396 242 446 eumer.
258 378 352 460 nvn]
528 397 566 438 ns
581 397 877 439 ramnusrinnnronn.
1278 390 1335 447 357

126 537 192 598 dem
204 545 239 597 nt
253 537 359 598 efficiat
373 537 476 616 reipsa,
498 548 532 598 ut
545 559 645 599 omnes
659 539 763 599 mediis
776 538 815 598 ad
829 539 951 599 salutem
965 539 1151 602 obtinendam
1166 547 1337 608 necessariis

126 628 193 678 aetii
206 627 334 694 utantur,
348 619 401 679 sed
414 628 447 678 ut
461 639 495 678 ee
506 619 640 679 omnibus
654 619 763 696 offerat,
777 621 818 679 ita
830 630 863 680 ut
872 620 915 678 illi
925 620 1031 698 quibus
1042 621 1209 701 offemntur,
1224 628 1337 703 possint

124 700 162 757 iis
176 699 218 758 uti
232 700 259 757 ei
272 699 395 776 volunt;
418 719 485 758 nam
498 719 552 758 nec
564 701 702 778 Princeps
711 701 851 776 subditos,
864 701 912 759 vel
924 701 1033 761 Parens
1046 703 1154 763 liberos
1167 704 1233 765 ideo
1247 727 1335 786 nega·

125 779 234 839 buntur
242 780 370 838 voluisse
380 779 454 838 bene
466 788 495 839 et
506 781 650 858 sapienter
663 781 771 858 vivere,
784 780 862 858 quod
877 801 935 840 non
946 781 1110 858 effecerunt,
1125 793 1158 844 ut
1172 785 1209 844 iis
1222 787 1334 867 mediis,

124 880 191 938 quae
205 858 243 918 ad
257 860 346 918 istum
360 859 448 918 finem
462 860 697 939 consequendum
705 862 776 939 ipsis
787 861 953 937 offerebant,
968 862 999 920 in
1013 883 1072 922 rem
1085 884 1166 923 suern
1178 874 1335 930 uterentur.

126 941 163 999 lt
180 939 257 999 Nam
270 941 321 1018 qui
336 940 400 1000 vult
415 941 490 999 serio
505 940 592 1001 alicui
605 941 701 1018 finem,
717 941 804 1001 debet
818 943 844 1000 ei
859 951 999 1020 quantum
1013 943 1043 1002 in
1052 963 1082 1003 se
1097 954 1149 1020 est,
1165 965 1225 1006 non
1238 948 1337 1026 eliqua

123 1029 248 1096 tantum,
271 1019 324 1080 sed
348 1021 444 1079 omnia
464 1021 502 1080 ad
521 1021 608 1080 tinem
622 1022 833 1100 assequendum
855 1022 950 1082 medin
964 1025 1133 1100 necessaria,
1150 1046 1208 1085 non
1222 1035 1335 1089 tantum

122 1101 236 1178 offerre,
253 1101 305 1160 sed
319 1101 406 1160 etiam
420 1101 549 1162 conferre
563 1113 593 1162 et
607 1102 798 1181 suppeditare,
821 1102 847 1162 si
859 1102 915 1162 hoc
935 1122 1024 1182 penes
1044 1104 1140 1183 ipsum
1161 1107 1255 1166 solum
1280 1118 1333 1170 est.

123 1181 226 1260 Atque
241 1181 309 1240 hine
322 1190 411 1260 patet,
426 1201 513 1259 qnam
526 1201 628 1259 parurn
641 1184 699 1242 hue
712 1182 819 1242 faciant
832 1183 938 1242 similia
952 1183 1095 1264 Principis
1103 1194 1133 1246 et
1147 1186 1256 1265 Patres,
1269 1210 1335 1267 quae

121 1263 302 1322 afferuntur:
326 1263 401 1320 Nam
415 1261 483 1322 lieet
506 1263 644 1341 Princeps
664 1272 693 1323 et
714 1263 801 1324 Pater
822 1271 922 1341 optent
942 1264 1074 1326 subditos
1095 1275 1125 1325 et
1138 1267 1246 1328 liberos
1260 1269 1334 1330 bene

122 1343 235 1420 vivere,
257 1351 286 1401 et
305 1342 336 1400 id
348 1350 503 1420 procurent
517 1343 651 1404 omnibus
664 1344 758 1402 modis
772 1344 821 1422 qui
836 1363 925 1422 penes
935 1344 1014 1422 ipsos
1029 1353 1112 1422 sunt;
1134 1367 1193 1406 non
1212 1360 1335 1426 possunt

121 1433 223 1483 tamen
237 1423 293 1482 hoe
314 1442 414 1500 reapse
437 1422 557 1499 efficere,
579 1423 651 1482 elias
672 1423 697 1483 si
716 1433 844 1503 possent,
866 1444 921 1484 nee
941 1423 1069 1484 facerent
1089 1435 1195 1505 nmen,
1218 1429 1334 1506 signum

121 1511 201 1564 esset
216 1503 409 1564 canusimum
423 1523 473 1562 eos
487 1503 542 1562 hoe
557 1504 632 1563 serio
646 1524 704 1564 non
718 1505 863 1582 volnisso;
885 1503 929 1564 At
943 1506 1007 1565 Deo
1025 1506 1098 1564 nihil
1112 1507 1290 1587 impossibile
1305 1519 1335 1571 et

122 1585 247 1644 invium.
290 1584 393 1660 Itaque
408 1583 433 1643 si
447 1603 505 1642 non
520 1583 630 1644 confert
650 1585 746 1644 media
760 1585 857 1644 omnia
870 1586 1033 1645 necessaria
1051 1587 1184 1648 omnibus
1198 1589 1236 1648 ad
1257 1591 1355 1650 salu.

121 1674 192 1741 tem,
208 1684 274 1742 quae
288 1664 325 1723 ab
339 1663 403 1740 ipso
418 1664 480 1724 solo
493 1663 628 1742 pendent,
644 1673 846 1744 argumentum
860 1674 904 1725 est
918 1685 983 1726 eum
997 1667 1053 1726 hoc
1067 1667 1163 1747 reipsa
1175 1670 1313 1730 noluisse.

165 1745 263 1804 XIX.
285 1744 392 1820 Tertio,
416 1745 450 1804 Si
464 1746 545 1804 Deus
559 1745 738 1806 voluntatem
753 1746 945 1806 universalem
959 1746 1048 1808 habet
1068 1767 1168 1808 omnes
1189 1751 1333 1828 servandi,

123 1825 174 1884 val
188 1833 232 1885 est
246 1825 387 1900 absoluta,
403 1825 451 1884 vel
471 1825 683 1902 conditionats;
708 1827 741 1886 Si
760 1826 901 1901 absoluta,
924 1845 1024 1886 omnes
1037 1836 1105 1886 actu
1124 1831 1332 1910 servabuntur;

128 1906 161 1964 Si
175 1905 377 1980 conditionate,
393 1904 442 1964 vel
456 1905 651 1966 conditionem
665 1907 702 1965 ad
717 1906 839 1966 salutem
848 1907 1039 1965 neeessariam
1052 1907 1118 1967 vult
1127 1909 1158 1966 in
1168 1909 1334 1972 hominibus

128 1985 246 2062 efficere,
260 1986 310 2045 vel
324 1986 443 2063 exigere
456 1995 585 2062 tantum;
610 1987 768 2048 sitantum
782 1987 908 2064 exigere,
931 1986 1032 2045 talium
1054 1987 1176 2046 salutm
1196 2009 1255 2048 non
1269 1991 1334 2051 vult

126 2065 301 2142 etintendit,
317 2065 463 2144 exigendo
477 2066 514 2126 ab
528 2066 564 2125 iis
578 2075 683 2143 actum,
699 2087 785 2145 quem
799 2067 882 2126 novit
892 2067 1002 2125 homini
1011 2067 1228 2144 impossibilem.
1258 2071 1333 2130 Rur-

125 2165 185 2222 sus,
200 2147 329 2206 conditio
349 2147 400 2206 illa
413 2146 462 2205 vel
476 2147 530 2206 erit
550 2155 628 2207 certo
642 2147 746 2222 lutura,
759 2147 808 2207 vel
822 2153 901 2207 certo
914 2166 973 2205 non
986 2147 1099 2224 futuru
1124 2147 1155 2206 si
1170 2148 1251 2224 illud,
1273 2170 1333 2210 om-

123 2247 176 2286 nes
190 2237 220 2288 et
234 2227 343 2306 singuli
361 2235 440 2286 certo
461 2228 669 2306 servabuntur3
694 2227 725 2287 Si
745 2228 809 2304 hoe,
833 2235 975 2288 statuetur
996 2227 1076 2287 Deus
1096 2228 1284 2290 vehementer
1303 2232 1334 2291 id

123 2307 208 2384 velle,
225 2308 306 2386 quod
318 2317 415 2367 tamen
429 2309 518 2386 probe
539 2309 622 2368 novit
635 2329 783 2387 nunquam
797 2309 964 2384 extiturum,
976 2317 1076 2386 utpote
1090 2308 1219 2387 pendens
1234 2330 1272 2370 ex
1282 2312 1335 2371 tali

123 2388 300 2464 conditione,
316 2409 381 2466 quae
395 2408 543 2465 nunquam
564 2390 603 2449 sit
616 2389 712 2449 futura
725 2390 780 2448 hoc
794 2397 935 2467 respectu,
958 2389 1027 2466 quia
1039 2388 1102 2467 ipse
1119 2409 1177 2448 non
1191 2391 1256 2450 vult
1270 2411 1333 2451 eam

122 2469 245 2544 efficere,
261 2469 313 2547 qui
327 2468 406 2528 solus
414 2468 445 2527 id
460 2477 566 2546 potest.
608 2470 651 2529 At
665 2469 735 2528 siin
749 2470 853 2528 Virum
870 2469 1035 2546 Sapientem
1049 2489 1107 2528 non
1121 2471 1207 2546 cadit,
1223 2472 1334 2550 aliquid

122 2551 200 2610 velle
215 2550 271 2610 sub
286 2549 450 2609 conditione
465 2569 552 2627 qnam
566 2551 649 2609 novit
662 2550 887 2628 impossibilem
909 2558 1017 2628 quanto
1031 2551 1127 2610 minus
1142 2551 1206 2611 Deo
1220 2553 1333 2632 sapien·

120 2632 235 2691 timim
248 2631 305 2690 hoc
318 2629 408 2689 tribui
420 2630 550 2708 poterit?

164 2711 244 2771 XX.
267 2711 329 2772 Nae
344 2711 467 2770 solvitur
479 2710 581 2787 nodus,
605 2710 629 2770 si
650 2710 788 2787 dicamus,
812 2712 906 2772 Deum
922 2731 997 2790 sape
1019 2711 1049 2770 in
1065 2711 1214 2790 Scriptura
1232 2713 1334 2773 testari

123 2812 154 2852 se
167 2792 247 2852 velle
262 2792 384 2851 salutern
395 2811 502 2866 eornm,
515 2791 545 2850 in
557 2790 663 2868 quibus
671 2801 768 2851 tamen
781 2811 840 2850 non
851 2792 915 2852 vult
929 2791 1123 2852 conditionem
1133 2792 1201 2852 fidei
1212 2793 1332 2871 efficere,

124 2873 175 2932 sed
190 2871 310 2949 exigere
324 2881 454 2932 mutum:
476 2871 551 2930 Nam
565 2872 633 2931 lieet
646 2873 702 2932 hoe
716 2871 890 2932 concedatur
903 2871 939 2932 de
948 2872 1098 2932 voluntate
1108 2872 1333 2951 approbationis,

124 2974 189 3032 quae
203 2951 243 3012 ad
256 2952 470 3030 praecipientem
484 2950 614 3027 refertur,
636 2971 694 3011 non
708 2960 804 3030 potest
823 2952 931 3030 pariter
944 2952 1002 3010 diei
1016 2951 1052 3011 de
1071 2953 1221 3012 voluntate
1235 2953 1333 3014 decer-

124 3042 220 3110 nente,
236 3033 308 3092 elias
315 3033 396 3092 Deus
406 3033 462 3092 fine
472 3053 525 3092 suo
535 3032 690 3108 excideret,
703 3041 733 3092 et
745 3042 845 3110 posset
857 3032 889 3090 id
898 3031 1056 3107 intendere,
1069 3031 1147 3109 quod
1161 3039 1239 3091 certo
1252 3035 1335 3094 novit

126 3135 156 3174 ae
169 3133 320 3191 nunqnam
330 3121 538 3172 assecuturum.
553 3112 614 3172 Nec
623 3113 689 3190 plus
699 3111 830 3190 proficiet
840 3112 891 3188 qui
899 3110 1051 3187 addiderit,
1068 3111 1163 3170 Deum
1174 3131 1232 3170 non
1243 3115 1335 3172 teneri

125 3195 193 3254 dare
206 3194 296 3254 fidem
309 3193 428 3269 homini,
444 3194 509 3254 ideo
522 3193 667 3252 neminem
677 3191 872 3270 conquerendi
886 3190 922 3250 de
934 3211 969 3250 eo
977 3209 1076 3250 ansam
1089 3191 1204 3268 habere,
1216 3193 1242 3250 si
1254 3193 1334 3252 illam

126 3276 219 3353 exigit
232 3284 345 3335 tantum
360 3294 378 3332 a
391 3274 529 3353 reprobis,
545 3293 603 3332 non
618 3291 687 3332 vero
696 3272 791 3333 efficit.
834 3271 908 3348 Quia
921 3271 990 3332 lieet
1002 3270 1076 3330 nihil
1087 3290 1104 3329 a
1117 3280 1198 3350 parte
1209 3272 1335 3333 hominis

126 3355 207 3416 illurn
222 3353 261 3414 ad
275 3354 401 3414 dandam
414 3354 501 3414 fidem
515 3355 569 3414 ulli
583 3353 701 3431 obliget,
717 3362 821 3429 tamen,
844 3353 995 3431 supposito
1013 3351 1093 3430 quod
1113 3353 1187 3412 serio
1202 3353 1274 3414 velit
1288 3374 1332 3414 sa·

124 3435 215 3496 lutam
230 3435 406 3520 horninibus,
421 3434 537 3494 videtur
555 3434 623 3494 inde
645 3433 752 3512 colligi,
768 3433 847 3510 quod
856 3433 919 3512 ipse
932 3441 1065 3493 teneatur
1078 3431 1158 3492 illam
1172 3433 1243 3513 ipsis
1254 3435 1331 3512 dara

125 3525 158 3576 nt
171 3517 297 3576 salutern
310 3535 398 3594 quam
411 3515 482 3594 ipsis
496 3513 621 3574 intendit
634 3515 772 3592 consequi
784 3514 906 3592 possint.
949 3513 1025 3574 Sane
1040 3514 1065 3574 si
1079 3514 1157 3574 vires
1170 3515 1282 3575 homini
1295 3516 1333 3576 ad

125 3596 302 3656 credendum
317 3603 511 3674 suppeterent,
532 3595 581 3654 vel
602 3596 627 3654 si
648 3595 741 3674 gretie
761 3595 907 3673 objectiva
927 3594 1071 3654 sufficiens
1091 3605 1253 3674 poneretur,
1275 3616 1335 3656 non

125 3685 225 3755 posset
239 3677 297 3736 dici
313 3678 393 3736 Dens
407 3676 463 3735 hoe
483 3675 560 3736 velle
581 3675 635 3736 sub
656 3675 820 3736 conditione
841 3675 1022 3753 impossibili.
1065 3676 1104 3734 Et
1124 3677 1179 3734 hae
1200 3677 1230 3734 in
1251 3685 1334 3754 perte

124 3757 234 3836 placita
247 3757 483 3816 Arminianornm
495 3757 598 3816 melius
613 3757 757 3816 cohaerent
771 3765 801 3816 et
815 3756 869 3814 sibi
880 3765 1022 3832 constant,
1034 3775 1099 3832 quae
1114 3756 1238 3834 gratiam
1248 3755 1334 3816 istam

126 3837 316 3897 sufficientem
331 3847 470 3914 statuunt,
492 3846 522 3897 et
534 3836 620 3896 liberi
637 3837 748 3897 arbitrii
768 3834 914 3918 ὶδιιφοςίιν
923 3860 930 3914 ;
953 3835 1006 3896 sed
1023 3835 1153 3914 qnandiu
1166 3835 1337 3911 impotentia

127 3925 271 3978 statuetur
283 3938 347 3979 esse
361 3919 392 3976 in
404 3918 521 3976 homine
541 3918 651 3976 invicta
664 3925 693 3977 et
713 3917 925 3994 insuperabilis,
947 3916 1145 3993 cujuscunque
1159 3914 1197 3973 sit
1210 3915 1334 3992 generis,

127 3998 174 4057 rel
188 3999 314 4075 moralis,
337 3999 386 4058 vel
398 3998 547 4075 naturalis,
570 3997 675 4057 dehoc
696 3997 773 4057 enirn
793 4015 870 4055 nune
891 4015 949 4054 non
970 3994 1133 4072 quaerimus,
1156 4002 1189 4053 ut
1202 4007 1335 4056 asserunt

128 4079 193 4137 Viri
207 4079 326 4138 Fratres
347 4099 413 4138 cum
430 4079 536 4156 quibus
556 4079 687 4156 agimus3
708 4077 777 4136 hine
797 4077 871 4136 bene
892 4075 1032 4134 adversus
1052 4075 1131 4152 ipsos
1145 4073 1335 4136 concludetur

130 4159 224 4218 Deum
247 4180 285 4218 ex
307 4159 359 4218 illa
377 4159 534 4238 hypothesi
552 4159 678 4218 maxime
701 4157 775 4216 serio
796 4154 907 4232 aliquid
925 4155 1002 4214 velle
1023 4153 1077 4215 sub
1096 4153 1260 4213 conditione
1281 4155 1333 4214 im-

127 4240 268 4318 possibili,
291 4251 420 4318 atquem
436 4240 518 4300 Deus
537 4239 620 4299 novit
637 4257 786 4316 nunquam
805 4235 940 4311 sutrinam,
962 4235 1031 4313 quia
1047 4234 1109 4312 ipse
1130 4253 1195 4293 eam
1215 4233 1334 4313 implere

128 4340 186 4380 non
200 4321 274 4381 vult.

169 4399 265 4460 XXI.
288 4399 405 4476 Quarto,
430 4401 462 4462 Si
477 4402 557 4460 Deus
571 4399 635 4460 vult
649 4417 749 4458 omnes
763 4406 793 4457 et
806 4395 937 4474 singulos
951 4395 1077 4470 servari;
1099 4394 1158 4454 Vel
1178 4414 1277 4454 ornnes
1298 4396 1334 4457 de

129 4479 204 4540 facto
219 4481 330 4540 servari
344 4479 458 4557 debent,
474 4480 553 4558 qnod
567 4479 688 4557 falsum3
704 4479 762 4538 Vel
776 4478 911 4537 voluntas
925 4474 1058 4554 quaedam
1073 4475 1129 4535 Dei
1143 4483 1241 4534 manet
1255 4476 1335 4538 irrita

128 4571 157 4622 et
170 4560 314 4635 inefficax,
329 4561 407 4638 quod
421 4560 588 4621 absurdum.
630 4561 732 4638 Neque
751 4558 930 4618 satisfaceret
943 4557 993 4636 qni
1007 4555 1122 4632 dixerit,
1144 4575 1202 4615 non
1223 4575 1337 4636 semper

129 4641 189 4702 lieri
203 4640 344 4721 quioquid
359 4641 439 4701 Deus
453 4641 526 4718 vult
542 4660 608 4700 cnm
621 4659 675 4699 nee
688 4640 767 4716 finnt,
782 4657 961 4718 quaeeunque
982 4637 1025 4696 illi
1039 4643 1123 4716 grata
1143 4645 1254 4698 suntet
1273 4639 1334 4716 pla·

127 4733 200 4802 eant,
217 4731 249 4783 at
261 4721 354 4781 mirlta
366 4721 445 4798 fiant,
461 4742 526 4800 qnae
540 4740 598 4780 non
607 4720 721 4800 placent
736 4720 799 4799 ipsi,
812 4727 841 4779 et
855 4739 919 4796 quae
933 4738 991 4780 non
1000 4717 1081 4797 vult3
1097 4716 1242 4796 Quicquid
1256 4719 1336 4778 Deus
