3044 5180
61 391 163 444 cunr.
178 370 250 452 vra]
454 385 492 426 ns
507 385 803 428 sanossrrssrross.
1209 373 1267 432 297

62 531 206 607 aodimus,
222 538 288 590 tum
310 536 343 589 ut
362 545 529 588 maneamus
551 527 627 587 iutra
646 527 786 588 terminos
805 547 823 586 a
845 526 993 666 Sorifltura
1006 525 1198 608 praescriptos,
1215 549 1269 590 neo

62 615 198 690 sepiamus
210 609 277 692 ιη’
291 607 470 690 delegamus,
479 616 541 667 turm
549 616 583 667 ut
592 607 748 686 prudenter
758 607 898 668 rationem
928 605 1065 668 abeamus
1072 628 1269 687 personarum,

61 695 182 754 locorum
195 700 226 752 et
238 699 405 767 temporum
419 688 524 767 quibus
537 686 659 766 proponi
673 687 776 765 debet;
799 688 860 748 Nec
871 687 948 746 enim
959 687 1111 766 quibusvis
1122 689 1228 766 statim,
1241 699 1271 752 et

62 773 149 852 primo
161 773 300 850 ingressu
320 769 376 828 hoc
397 767 567 848 mysterium
587 767 664 827 tradi
684 767 780 844 debet,
796 767 847 862 sed
866 767 1060 862 P⁸¹¹¹tfi¹¹¹a⁰l
1076 789 1128 847 per
1140 770 1269 864 gradus3

62 847 1271 1008 :tuttttttttttttitatffi'tititttttlttt

62 1012 119 1070 alia
130 1031 201 1071 vero
214 1009 335 1089 parcius
348 1008 474 1085 tractari,
489 1016 523 1067 ut
536 1007 732 1086 Reprobstio;
763 1009 824 1068 Nec
844 1015 904 1067 tem
917 1008 996 1086 plebi
1009 1007 1040 1066 in
1051 1009 1184 1070 Ecclesia
1203 1029 1269 1088 pro·

62 1091 131 1170 poni,
145 1109 233 1170 quam
247 1095 305 1156 τιῖς
315 1088 428 1166 ρώπως
442 1089 473 1146 in
489 1087 604 1148 Schola.
639 1087 760 1164 Rursus,
773 1087 991 1148 Praedestinatio
1005 1107 1063 1147 non
1076 1097 1136 1148 tem
1145 1111 1164 1149 a
1173 1091 1272 1167 priori

64 1169 211 1248 apostema
225 1179 283 1246 est,
299 1189 386 1248 quam
400 1189 420 1228 a
428 1168 603 1246 posteriori;
623 1187 682 1226 non
695 1177 728 1228 ut
742 1167 951 1228 descendamus
965 1189 983 1227 a
996 1169 1091 1228 causis
1105 1169 1143 1227 ad
1156 1169 1267 1247 effecta,

63 1250 107 1309 sad
119 1259 149 1310 ut
162 1250 360 1309 ascendamus
374 1248 411 1308 ab
424 1247 535 1307 effectis
548 1247 586 1306 ad
600 1267 721 1323 ceusas;
742 1268 802 1308 non
821 1255 854 1308 ut
868 1248 980 1308 curiose
997 1249 1098 1307 hiram
1111 1250 1175 1308 υἱέα
1188 1251 1267 1309 evol-

63 1349 163 1406 vamus,
179 1337 212 1390 ut
226 1329 392 1405 videamus,
407 1347 445 1387 an
458 1328 576 1386 nomina
589 1335 688 1388 nostra
700 1328 743 1388 ibi
756 1328 894 1407 inscripta
907 1329 974 1402 siut
989 1329 1068 1406 quod
1081 1329 1166 1388 nobis
1180 1330 1267 1390 inter-

62 1409 171 1504 dictum,
187 1409 242 1469 sed
256 1417 292 1469 ut
307 1409 419 1470 solicite
433 1409 535 1467 latram
548 1407 721 1501 condusam
732 1428 890 1503 versemus,
905 1407 985 1486 quod
1003 1408 1089 1502 nobis
1102 1429 1162 1468 non
1181 1410 1268 1505 modo

59 1487 804 1644 ‡t¹nt⁸2ttifttttt·ttttt?ttt
819 1488 1268 1647 liffllmssissii⁵ii0iil

64 1647 319 1728 deprehendantur,
334 1668 399 1727 quse
412 1648 558 1708 tutissima
578 1655 622 1707 est
635 1647 810 1726 procedendi
823 1647 873 1706 via
894 1648 932 1707 ad
954 1648 1109 1708 salutarem
1129 1649 1268 1710 doctu-inse

66 1727 138 1788 ttius
150 1729 372 1808 cognitionem:
394 1728 462 1790 Uno
470 1727 569 1804 verbo,
580 1729 700 1786 curiosae
711 1747 811 1787 omnes
824 1735 945 1787 etvauae
955 1729 1130 1805 questiones
1143 1729 1192 1788 hic
1201 1738 1269 1790 sunt

66 1805 205 1886 fugiendas,
218 1817 249 1869 et
264 1827 341 1888 quas
351 1808 460 1868 Paulus
474 1815 568 1902 vocat,
579 1810 597 1865 2
609 1807 684 1867 Tim.
695 1807 725 1866 ii.
738 1803 964 1900 lancinatum
977 1807 1088 1884 ζηπίηις
1102 1813 1146 1868 ut
1160 1809 1267 1905 dauda-

68 1909 250 2028 effi
272 1887 1269 2044 ettitttttttltttttttt‘utttttttntlt

66 1987 224 2126 llllgloriae
238 2013 514 2110 nostrssvelifieaii.
898 2011 905 2042 ⁵
1260 2013 1267 2044 ³

517 2285 713 2365 Qumsrro
732 2286 808 2347 vn.

71 2446 126 2512 Qut
136 2467 214 2509 mm
226 2469 289 2509 vox
298 2447 565 2524 statement,
581 2447 743 2588 ηογιὸηῶς,
752 2448 866 2572 icamia,
876 2447 1012 2530 agedum,
1027 2447 1056 2506 ὄπ
1070 2449 1121 2507 hoc
1134 2448 1271 2526 Myskrio

570 2547 693 2606 usurpet
723 2549 758 2589 r.

104 2685 125 2746 l.
145 2687 216 2748 Cum
242 2687 397 2767 Scriptura
410 2687 500 2747 variis
521 2693 621 2747 utatur
640 2687 763 2749 vocibus
787 2688 818 2746 in
839 2687 896 2747 hoc
919 2687 1063 2766 Mysterio
1085 2687 1269 2766 explicando,

69 2781 175 2840 quarum
189 2770 322 2848 genuina
336 2767 510 2846 significatio
524 2767 647 2827 multum
659 2767 735 2828 lucis
749 2767 832 2827 affert
845 2767 884 2827 ad
897 2769 939 2827 rei
952 2767 1044 2846 ipsius
1058 2768 1268 2846 cognitionem

72 2841 109 2904 lla
121 2845 175 2906 illis
187 2849 218 2908 in
231 2859 419 2910 antecessum
433 2847 566 2926 quaedem
580 2848 782 2925 praemittenda
794 2855 877 2913 sunt..

192 2987 199 3000 ,
246 2989 252 3002 ,
364 2929 405 2988 ΙΙ.
429 2928 527 2986 Prima
547 2927 595 2986 hic
617 2927 742 2987 occurrit
761 2945 821 2987 vox
843 2926 1111 3001 stodeatinata'om's,
1126 2946 1191 3003 ques
1211 2945 1270 2986 non

96 2981 282 3035 mm·
321 3008 381 3068 levi
394 3007 513 3067 brachio
527 3016 573 3067 est
586 3007 799 3085 praetereunda:
814 3006 955 3081 Quemvis
965 3006 1042 3064 enim
1051 3024 1110 3064 vox
1121 3013 1271 3087 ηκςιιμοῢ

73 3099 122 3140 non
134 3093 209 3146 extet
221 3087 253 3147 in
279 3087 436 3166 Scriptura,
459 3088 578 3148 verbum
601 3095 699 3146 tamem
719 3085 796 3145 unde
811 3084 964 3145 deducitur
977 3104 1035 3143 non
1050 3085 1139 3143 semel
1152 3085 1268 3162 legitur,

74 3159 131 3220 Act
153 3163 192 3224 iv.
213 3171 273 3246 283
298 3168 383 3228 Rom.
406 3168 469 3226 viii.
492 3169 541 3244 29,
568 3169 624 3242 ³⁰3
648 3165 725 3244 Eph.
749 3165 769 3224 i.
794 3167 823 3224 5.
866 3163 1075 3223 Praedestinare
1099 3172 1196 3223 autem
1219 3184 1271 3224 sau

74 3241 196 3378 aedas,
210 3266 249 3306 ex
263 3247 299 3306 vi
312 3247 403 3324 verbi,
416 3255 460 3307 ost
475 3248 628 3308 ‘derebus
642 3254 796 3324 antequem
808 3244 880 3303 fiant
893 3243 1005 3322 aliquid
1019 3243 1146 3320 definire,
1162 3263 1270 3322 easque

113 3335 214 3384 certum
226 3328 320 3386 finem
333 3327 477 3406 dirigere!
524 3359 527 3366 ·
633 3373 636 3378 .
1344 3347 1348 3356 ·

109 3401 162 3463 111.
181 3405 336 3466 'lrilariam
351 3417 447 3467 autern
462 3407 586 3468 sumitur
603 3405 681 3484 apud
702 3403 859 3466 Authorss.
883 3405 911 3463 1.
925 3404 1025 3464 naun
1044 3423 1097 3484 pro
1119 3403 1198 3465 omni
1219 3404 1269 3464 de-

76 3488 142 3540 creto
155 3483 209 3544 Dei
228 3489 309 3547 circe
323 3487 485 3563 Creaturas,
507 3494 537 3546 st
556 3486 739 3564 potissimum
759 3485 836 3545 circa
850 3485 1002 3544 Creaturas
1023 3484 1219 3564 intelligentes
1240 3485 1271 3544 in

76 3558 162 3622 tulius
174 3565 210 3625 ed
223 3567 361 3626 ultimum
376 3585 474 3626 cenam
488 3566 589 3642 linem3
612 3567 652 3626 Et
666 3565 707 3624 sic
720 3585 779 3624 non
799 3564 889 3625 semel
902 3563 980 3644 apud
1001 3565 1102 3626 Patres
1116 3573 1272 3643 usurpatur

78 3653 120 3711 lro
132 3640 190 3718 ipos
210 3645 409 3707 Providentia.
432 3652 461 3706 2.
476 3646 632 3724 spadulae
651 3664 704 3723 pro
718 3645 839 3705 consilio
861 3645 918 3704 Dei
936 3645 973 3704 de
986 3645 1152 3705 hominibus
1170 3645 1270 3722 lapsis,

79 3716 117 3775 rel
130 3722 273 3785 salvandis
286 3747 325 3785 ex
339 3727 441 3804 grstia,
463 3727 513 3785 vel
526 3725 698 3784 damnandis
711 3745 749 3784 ex
767 3725 890 3803 justitia,
912 3724 991 3803 quod
1004 3725 1095 3803 vulgo
1115 3723 1228 3783 Electio
1242 3730 1273 3783 et

81 3793 238 3886 Romamne
251 3806 369 3866 dicitur.
391 3810 419 3867 8.
434 3805 640 3884 spanum
658 3823 711 3883 pro
726 3805 841 3865 decreto
863 3805 1030 3880 Electionis,
1053 3823 1119 3881 quaa
1140 3801 1271 3861 Proedes·

81 3879 167 3938 imile
181 3883 351 3946 Sanctorum
361 3885 476 3960 dicitur.
509 3887 622 3946 Rursus
632 3885 721 3962 juxta
732 3885 864 3945 ultimam
874 3884 949 3942 hanc
963 3883 1047 3959 σχίηι
1054 3881 1185 3942 bilariam
1197 3881 1272 3940 sumi

82 3965 169 4036 toust,
183 3982 238 4024 non
253 3965 342 4026 modo
352 3985 405 4044 pro
416 3965 609 4026 destinatione
618 3964 656 4023 ad
665 3965 761 4040 finem,
774 3963 826 4024 sed
835 3963 1020 4041 singulariter
1029 3982 1081 4040 pro
1090 3961 1273 4021 destinatione

84 4035 119 4090 “d
127 4043 217 4119 Μία,
227 4065 287 4123 quo
302 4065 389 4106 sensu
403 4055 559 4124 usurpatur
572 4065 590 4104 a
604 4044 704 4120 Paulo,
716 4044 801 4103 Rom.
815 4041 877 4102 viii.
893 4043 941 4116 29,
957 4044 1005 4117 30,
1020 4061 1109 4119 quum
1120 4041 1161 4099 ait
1177 4040 1271 4098 Deum

84 4129 125 4172 Μ
136 4133 201 4194 quos
213 4126 413 4202 praecognovit
421 4125 647 4202 pameneae,
661 4133 694 4184 at
704 4125 761 4184 nat
773 4125 929 4198 consonate
942 4121 1061 4198 ι’νηαρὺιί
1071 4120 1143 4178 Filii
1153 4119 1205 4194 sai,
1221 4117 1272 4179 ubi

86 4195 247 4282 Quinam
256 4214 302 4264 est
311 4205 592 4282 predestinationem
604 4203 745 4280 distingui
755 4222 773 4260 a
782 4200 1016 4280 praecognitione,
1028 4207 1058 4259 et
1067 4218 1099 4258 re
1134 4199 1209 4258 icere
1219 4217 1270 4276 pe·

85 4273 209 4338 nselmum
219 4284 323 4359 medie,
335 4303 394 4343 non
403 4284 500 4344 finem.
530 4285 576 4344 Ita
586 4283 662 4361 Eph.
677 4283 696 4341 i.
707 4285 734 4358 5,
749 4289 904 4360 postquam
918 4279 994 4339 dixit
1004 4277 1118 4358 Aposto
1129 4298 1164 4338 us
1176 4278 1273 4337 Deum

86 4365 131 4409 ¹¹0⁸
139 4355 251 4446 {legisse
262 4363 423 4440 inGhristo‚
435 4364 517 4424 addit
527 4367 657 4445 eguga'm
666 4365 731 4439 ἐμαῖς
742 4368 773 4427 εὶς
784 4360 905 4436 deuel-r,
916 4365 950 4418 nt
960 4367 1041 4419 notet
1051 4357 1271 4418 destinationem

89 4431 236 4518 mediorum,
250 4463 316 4522 quse
326 4443 365 4501 sd
378 4443 500 4504 salutern
511 4445 549 4502 ab
560 4443 699 4502 electione
708 4442 880 4502 destinatam
892 4438 1078 4500 obtinendam
1092 4437 1270 4499 ordinantur.

123 4509 169 4574 Ν.
188 4518 267 4582 Circa
288 4541 390 4582 vocem
410 4523 496 4584 istam
515 4532 610 4583 autem
631 4523 778 4600 quaeritur,
804 4520 854 4580 An
875 4517 1026 4580 referenda
1045 4519 1084 4578 sit
1103 4525 1216 4577 tantum
1234 4519 1272 4577 ad

91 4583 255 4678 Eltefionem,
278 4603 329 4661 An
344 4602 587 4680 Reprobationem
602 4605 688 4662 etiam
707 4602 937 4680 complectetur?
977 4598 1049 4674 Quae
1070 4597 1273 4658 Controversia

90 4663 146 4728 ‘illm
165 4677 261 4740 tenter
280 4680 442 4760 disceptata
462 4683 517 4742 luit
537 4682 567 4740 in
588 4701 675 4742 causa
696 4680 889 4742 Godeschalci
910 4677 1007 4740 seculo
1027 4695 1113 4754 nono,
1135 4677 1272 4738 Johanns
