3160 5194
236 312 273 370 lo
731 327 822 370 accus
836 327 954 370 emaus.
1251 306 1383 388 [ouasr.
1397 327 1449 368 ιν.

233 467 376 548 recipiunt
395 467 488 544 magis
502 475 531 527 et
544 467 657 545 minue;
678 466 838 546 Theologia
857 467 997 529 naturalis
1010 468 1052 529 ita
1065 467 1171 528 dicium
1190 487 1250 526 non
1268 467 1373 545 primo,
1388 467 1449 528 sed

233 549 359 610 secundo
374 566 477 623 seneu;
501 547 586 608 Unde
600 567 659 608 non
671 547 784 624 mirum,
800 549 826 608 si
838 569 891 626 pro
911 549 1022 610 ratione
1036 549 1241 628 subjectorum,
1256 568 1323 626 quoe
1336 547 1448 626 majori
1568 617 1569 640 ζ

232 630 280 689 vel
294 628 397 686 minori
409 628 520 706 pollent
534 628 673 705 acumine,
689 629 782 688 veriat
795 629 892 707 quoad
905 628 1036 708 gradum.

273 708 369 768 XIII.
390 707 473 768 Licet
494 727 552 766 non
572 727 712 786 negemus
732 709 921 787 Theologiam
934 709 1095 770 naturalem
1109 710 1147 768 ab
1159 709 1310 768 hominum
1323 707 1445 767 institu-

232 789 309 848 tione
323 787 410 848 etiem
422 786 564 866 pendere;
587 789 704 848 Certum
724 797 880 850 esttamen
900 790 1018 850 modum
1031 790 1114 848 illum
1127 788 1348 848 insufficientem
1362 787 1446 847 lutu-
1568 835 1569 838 η

231 888 295 930 rum
307 867 412 1007 tuipse,
434 867 491 928 nisi
513 868 661 947 supposita
682 868 785 930 ferisset
798 869 925 948 cognitio
941 870 997 930 Dei
1018 869 1166 946 naturdis,
1181 877 1243 928 tum
1264 869 1366 927 innata
1379 877 1447 928 tum

231 967 342 1028 acqursr
374 992 381 1008 .

271 1029 362 1089 XIV.
384 1027 467 1088 Licet
480 1028 608 1106 cognitio
623 1028 679 1089 Dei
693 1027 731 1090 eit
743 1030 890 1106 naturalis,
906 1049 965 1090 non
978 1028 1108 1109 sequitur
1117 1027 1261 1088 neminem
1275 1027 1447 1088 mortalium
1567 1058 1568 1063 1

232 1109 327 1169 Deum
340 1127 447 1186 negare
460 1109 606 1187 potuIsse3
628 1109 704 1185 Quia
717 1110 742 1169 si
755 1111 806 1188 qui
819 1119 969 1188 negarunt,
979 1129 1038 1170 non
1051 1119 1111 1169 tam
1124 1108 1288 1188 ignorantia
1297 1117 1448 1185 negarunt

230 1208 318 1268 quam
330 1188 449 1266 matius„
464 1189 655 1268 redarguente
669 1209 720 1250 eos
731 1191 848 1269 proprie
860 1191 1043 1268 conscientia,
1058 1191 1137 1268 quod
1150 1189 1187 1248 de
1198 1188 1304 1248 Athela
1318 1188 1446 1247 irrisori-

231 1271 287 1330 bus
300 1268 332 1326 in
344 1269 452 1347 populo
464 1269 520 1329 Dei
534 1278 657 1330 testatur
666 1269 764 1330 David
775 1271 882 1332 Psalm.
897 1271 958 1331 xiv.
968 1274 996 1346 4,
1012 1273 1041 1330 5.
1056 1279 1085 1330 et
1095 1270 1132 1330 de
1144 1269 1330 1346 Philosophia
1338 1269 1448 1327 asserit

233 1348 342 1409 Paulus
363 1349 448 1408 Rom.
463 1349 482 1409 i.
500 1352 546 1431 18,
564 1352 610 1410 19.
625 1350 732 1410 docens
753 1371 803 1410 eos
817 1351 968 1411 veritatem
981 1350 1022 1410 id.
1036 1370 1121 1410 veras
1134 1350 1170 1409 de
1185 1350 1249 1409 Deo
1263 1349 1397 1408 notiones
1412 1348 1446 1406 in

231 1428 376 1507 injustitia
387 1428 554 1490 detinuisse.
597 1431 692 1490 (lausa
704 1431 868 1508 negationis
880 1451 951 1508 ergo
965 1450 1023 1490 non
1037 1439 1096 1490 tam
1110 1430 1165 1489 fuit
1179 1428 1343 1507 ignorantia
1356 1428 1445 1488 abso-

232 1510 294 1569 luta
309 1509 372 1585 Dei,
388 1529 475 1587 quem
489 1510 633 1588 corruptio
654 1519 684 1570 et
703 1511 814 1572 malitia
827 1512 1022 1590 cognitionem
1041 1510 1159 1571 insitam
1173 1509 1317 1570 suffocans
1333 1519 1364 1569 et
1377 1516 1444 1569 tau-

234 1597 294 1650 tum
307 1607 367 1648 non
380 1590 563 1668 extinguens,
578 1599 611 1650 ut
624 1590 743 1652 liberius
756 1611 876 1670 peccare
889 1599 1017 1670 possent.

628 1869 633 1880 ·
701 1830 895 1906 QUAESTIO
916 1829 972 1892 IV.
1037 1777 1039 1781 Ι

233 1962 281 2022 Art
296 1961 447 2040 Theolopia
460 1962 601 2022 merant
613 1961 650 2022 eit
662 1962 798 2038 sufficiens
812 1965 990 2038 adsalutem,
1005 1979 1062 2036 eeu,
1077 1959 1125 2019 Aa
1133 1959 1245 2036 Religio
1258 1958 1358 2036 aliqua
1368 1979 1444 2018 com-

272 2043 535 2184 ppnnssndseppagtpser
548 2063 634 2124 ptam
648 2064 741 2104 omncs
749 2041 1028 2122 prmaeicueealoari
1035 2040 1169 2120 possint!
1209 2039 1246 2098 N.
1261 2059 1286 2098 c.
1303 2038 1401 2100 Socin.
1412 2049 1446 2100 ct

333 2293 339 2306 ·
535 2229 560 2288 l.
583 2228 770 2289 Occasionem
784 2225 939 2305 quaestioni
952 2224 1033 2285 dedit
1052 2223 1159 2302 dogma
1172 2222 1291 2301 impium
1306 2219 1444 2299 Pelagia-

256 2293 449 2396 Οᾞὲζὲω·
492 2327 612 2383 norum;
636 2307 878 2384 Unumquemque
898 2306 930 2364 in
950 2305 1103 2382 Religione
1118 2303 1255 2364 sndbene
1275 2303 1445 2362 institutum

493 2386 611 2461 servari,
633 2386 711 2464 quod
725 2405 783 2445 non
804 2394 917 2446 tanturn
938 2385 1063 2446 retinent
1085 2383 1235 2460 Libertini,
1259 2381 1443 2444 David-Jor-

232 2462 311 2521 ristae
331 2469 361 2521 et
381 2461 498 2541 similes,
521 2464 572 2542 qui
591 2466 714 2526 honesta
733 2474 763 2526 et
784 2465 864 2526 civili
883 2465 1101 2525 conversatione
1122 2461 1258 2539 contenti,
1282 2463 1444 2541 quamlibet

234 2541 416 2619 Religionem
425 2553 543 2604 consent
553 2544 780 2624 indifferentem
797 2545 856 2606 Sed
866 2553 896 2606 et
906 2545 1052 2606 Socrnram
1061 2543 1148 2604 hodie
1157 2543 1442 2622 approbantpartr'rn
1568 2597 1569 2632 p

233 2621 349 2697 directe,
365 2621 434 2682 dum
448 2624 553 2685 docent
567 2645 625 2700 eos,
647 2627 698 2704 qui
715 2627 803 2704 juxta
822 2626 920 2686 lumen
933 2633 1044 2687 nature
1063 2634 1201 2702 tanquam
1214 2622 1336 2684 interius
1350 2623 1442 2702 quod-

232 2701 300 2760 dam
313 2702 444 2779 verbum,
460 2706 556 2764 Deum
569 2705 676 2782 colunt,
692 2706 748 2784 ipsi
765 2706 880 2785 placere
900 2714 930 2766 et
949 2715 1048 2784 gratos
1068 2725 1140 2781 csse,
1155 2712 1185 2764 et
1198 2712 1443 2764 remuneratorem
1567 2766 1568 2775 ¹

232 2781 328 2859 ipsum
348 2784 482 2862 experiri,
501 2785 594 2846 Socim
611 2790 738 2862 proelcct.
761 2807 824 2864 cap.
846 2791 874 2846 2.
895 2787 1000 2865 partim
1021 2784 1160 2845 indirecte
1180 2791 1210 2844 at
1230 2783 1356 2861 oblique,
1373 2783 1443 2846 dum
1567 2840 1568 2871 p

235 2861 336 2940 Capita
357 2863 520 2942 Religionis
540 2867 660 2944 praecise
680 2866 719 2926 ad
739 2867 860 2926 salutem
874 2865 1035 2926 necessaria
1048 2864 1087 2924 ad
1106 2863 1280 2943 paucissima
1292 2873 1442 2940 revocant,

233 2961 324 3020 eaque
338 2962 391 3002 suo
405 2945 491 3004 modo
505 2954 534 3006 et
547 2947 641 3025 gradu
661 2947 795 3008 omnibus
808 2945 971 3006 communia
989 2946 1107 3021 faciunt,
1122 2953 1155 3005 ut
1169 2964 1221 3004 suo
1235 2944 1299 3002 loco
1320 2943 1443 3004 dicetur.

234 3021 284 3082 Ad
298 3043 372 3102 quos
382 3027 610 3088 Rernomtrantes
623 3049 682 3088 non
696 3028 816 3088 obscure
830 3026 987 3104 accedunt3
1009 3025 1073 3085 Alii
1082 3025 1209 3104 apertius
1223 3033 1256 3084 ut
1270 3024 1445 3084 Cisrceltoear

233 3113 261 3162 et
280 3105 402 3182 Adolffla
429 3109 560 3186 Venator,
583 3109 634 3186 qui
654 3109 685 3168 in
705 3107 853 3187 Apologia
874 3128 927 3168 sua
948 3115 1048 3167 contra
1067 3105 1217 3164 Ministros
1240 3103 1444 3164 Dordracenoe

234 3182 340 3244 diserte
366 3187 442 3246 hano
464 3189 690 3267 propositionem
710 3197 806 3268 negat,
834 3191 927 3248 Nemo
935 3195 1029 3265 potest
1048 3187 1160 3246 servari
1185 3185 1234 3262 qui
1255 3185 1368 3246 Olm'eto
1385 3205 1445 3262 pcr

234 3283 332 3322 veram
335 3267 427 3342 fidem
440 3288 496 3326 non
516 3271 552 3327 sit
565 3270 670 3330 insitae
713 3269 776 3328 Alii
796 3269 908 3328 cautius
927 3275 961 3327 ut
981 3267 1134 3342 Aminios,
1152 3265 1298 3342 Corinnae,
1320 3267 1442 3342 Fpt'cco

229 3342 1442 3504 ffiqmpmpnopmnpppqffluffltffi

234 3501 304 3560 sam
324 3502 468 3580 paens
490 3504 528 3564 ee
549 3505 680 3584 gloriam,
702 3506 814 3566 Aean.
828 3527 903 3584 rep.
918 3509 960 3566 aa
973 3506 1038 3566 Arc.
1055 3509 1101 3584 rs,
1119 3509 1165 3582 ro,
1190 3471 1278 3566 rn’a
1296 3505 1444 3566 saetae

234 3591 334 3642 contra
349 3582 484 3642 Tilcnum.
527 3585 564 3644 In
577 3586 679 3646 eodem
693 3606 788 3646 errore
802 3595 954 3647 versentrrr
973 3587 1048 3646 varii
1061 3607 1099 3646 ex
1113 3586 1281 3661 Pontificiis,
1300 3585 1351 3664 qui
1366 3587 1443 3646 salu-

234 3671 293 3724 tem
308 3661 497 3724 Ethnicorum
510 3663 620 3744 absque
634 3666 743 3745 Christi
754 3667 858 3727 notitia
877 3667 940 3727 ausi
954 3675 1023 3728 sunt
1035 3686 1225 3746 propugnare,
1240 3675 1274 3726 nt
1286 3667 1443 3742 Alme,

236 3745 403 3818 Darandai,
421 3743 585 3822 Capreolus,
601 3747 776 3823 Aodradiue,
797 3749 882 3824 Veqa,
897 3748 974 3824 Sota
989 3749 1131 3807 Erasmus
1145 3755 1174 3806 ot
1187 3746 1246 3806 alii.

277 3825 318 3886 ΙΙ.
341 3823 503 3886 orthodoxi
523 3845 593 3886 vero
607 3835 707 3886 contra
726 3835 891 3888 constanter
906 3837 1032 3903 tuentur,
1050 3827 1239 3904 Theologiam
1260 3825 1324 3886 sive
1343 3846 1443 3886 veram

235 3905 417 3985 Religionem
431 3926 482 3985 per
495 3926 581 3985 quam
601 3907 712 3968 homini
732 3916 798 3986 post
816 3909 930 3988 lapsum
951 3908 1117 3986 contingere
1131 3915 1226 3985 potest
1246 3906 1333 3980 salus,
1355 3926 1444 3966 unam
1568 3973 1569 3976 Ἴ

234 4007 298 4048 esse
312 3995 432 4064 tantum,
453 3987 552 4048 Verbo
574 3988 663 4066 Legis
677 3997 706 4048 et
720 3988 875 4068 Evangelii
894 3989 1068 4064 revelatam
1091 3988 1162 4046 alias
1182 4007 1252 4048 vero
1274 3986 1444 4064 Religioncs

235 4087 336 4128 omnes
354 4079 459 4147 praeter
479 4071 553 4130 hanc
573 4089 669 4146 unam,
684 4068 733 4128 vel
752 4068 856 4147 impias
876 4089 940 4130 esse
960 4077 989 4128 et
1010 4068 1212 4142 idololatricae,
1235 4066 1283 4127 vel
1303 4065 1392 4126 falses
1414 4075 1444 4127 et

235 4165 386 4222 erroneae;
408 4170 473 4228 quae
493 4151 562 4211 licet
582 4151 700 4211 notitias
719 4149 860 4228 quasdam
883 4150 1021 4210 obscuras
1042 4157 1071 4207 et
1096 4147 1278 4226 imperfectas
1303 4147 1394 4224 Legis
1414 4155 1445 4206 et

151 4298 156 4306 ι
236 4231 279 4283 ut
291 4236 401 4295 promti
415 4237 480 4290 out
499 4231 649 4310 retineant,
671 4249 729 4290 non
749 4230 870 4292 ulterius
884 4239 979 4290 tamen
995 4229 1109 4308 juvent,
1131 4247 1221 4306 quam
1238 4227 1277 4287 ad
1296 4226 1444 4286 hominem

236 4303 414 4364 reddendum
427 4310 622 4383 sivaaeoddymov.

278 4383 338 4442 III.
361 4383 427 4446 Non
441 4390 586 4464 quaeritur,
611 4391 660 4450 An
675 4371 733 4450 sint
753 4391 894 4470 principia
913 4387 1046 4468 quaedem
1061 4387 1224 4468 Religionis
1244 4387 1322 4466 apud
1342 4405 1445 4445 ornnes

237 4463 416 4540 communla;
439 4465 562 4527 letemur
582 4469 659 4528 enim
679 4471 709 4530 in
723 4471 883 4550 Theologia
905 4470 1029 4530 naturali
1050 4489 1087 4529 ex
1108 4469 1217 4529 lumine
1238 4477 1350 4527 nature
1372 4466 1444 4526 talia
1568 4533 1569 4536 Ἴ

236 4542 369 4622 quaedam
380 4543 450 4622 dari,
466 4545 571 4623 qrnibus
586 4551 792 4625 superstruitur
802 4550 962 4628 Theologie
976 4549 1219 4628 supenraturalis5
1241 4547 1323 4608 verbi
1337 4547 1441 4625 g'rntia,
